1831 3174
130 848 220 882 Ludi.

303 106 353 141 22
840 106 975 144 T1T1
1020 106 1190 145 LIVII

263 245 270 252 .
303 211 344 253 in
378 213 650 269 Prytaneum,
686 216 749 269 (id
780 224 841 257 est
872 216 1082 272 penetrale
1114 216 1245 267 urbis,
1267 217 1340 259 ubi
1371 217 1553 274 publice,
1574 220 1741 283 quibus

244 266 269 294 ”·
302 268 336 309 is
368 269 499 310 honos
531 271 655 314 datus
686 281 763 323 est,
785 275 1031 327 vescuntur)
1064 288 1162 314 vasa
1189 289 1315 314 aurea
1333 290 1486 316 mensae
1514 290 1639 318 umus
1657 293 1730 333 po-

304 325 398 366 suit.
459 326 651 379 Rhodiis,
673 329 707 357 87
719 337 767 370 ut
800 328 904 369 nihil
935 344 1067 370 unum
1100 330 1274 386 in‘signe,
1296 330 1356 372 ita
1387 333 1519 373 omnis
1551 334 1728 388 generis,

302 391 350 423 ut
372 397 554 439 quaeque
576 400 676 427 usus
701 400 844 426 eorum
875 386 1209 441 postulaverunt,
1231 387 1342 428 dona
1372 389 1501 431 dedit.
1562 391 1730 454 Magni-

302 438 478 480 ficentiae
498 455 595 481 vero
616 441 657 483 in
692 443 804 483 Deos
836 442 901 482 vel
934 442 1054 483 Jovis
1088 443 1273 499 Olympii
1306 446 1509 501 templum
1531 446 1730 499 Athems,

302 509 433 536 unum
455 496 496 537 in
517 497 636 538 terris
668 498 908 539 inchoatum
941 514 1017 554 pro
1040 500 1329 555 magnitudine
1362 502 1458 554 Dei,
1479 512 1615 559 potest
1650 512 1731 546 tes-

303 551 356 592 tis
377 567 474 593 esse.
533 553 567 577 ⁸⁸
583 555 663 596 Sed
696 564 737 597 et
771 555 907 595 Delon
939 555 1019 596 aris
1052 556 1282 612 insignibus
1316 567 1633 616 statuarumque
1666 577 1732 602 co-

300 607 370 662 pia
404 610 641 652 exornavit:
687 620 729 653 et
761 611 1001 653 Antiochiae
1041 613 1161 654 Jovis
1198 614 1423 670 Capitolini
1462 617 1729 673 magnificum

301 665 518 720 templum,
551 681 633 707 non
665 668 906 724 laqueatum
938 683 1040 710 auro
1075 678 1254 721 tantum,
1277 671 1348 712 sed
1379 672 1609 728 parietibus
1629 675 1730 716 totis

301 719 451 762 lamina
482 722 734 774 inauratum,
756 734 797 766 et
819 725 899 765 alia
924 726 1058 767 multa
1083 726 1124 767 in
1145 727 1235 768 aliis
1256 727 1355 769 locis
1381 729 1606 785 pollicitus,
1629 732 1730 787 quia

300 778 498 832 perbreve
531 788 697 836 tempus
727 782 843 838 regni
876 782 965 838 ejus
985 782 1082 833 fuit,
1104 799 1186 824 non
1218 785 1403 840 perfecit.
1466 788 1730 843 Spectaculo-

300 848 394 873 rum
426 851 595 891 quoque
629 838 761 878 omnis
796 838 957 893 generis
995 840 1303 895 magnificentia
1341 843 1582 907 superiores.
1611 860 1730 901 reges

300 890 423 938 xicit3
468 891 763 948 ⁸⁹reliquorum
797 894 860 935 sui
881 895 1020 945 moris,
1043 905 1083 937 et
1107 897 1224 952 copia
1242 899 1486 940 Graecorum
1507 901 1726 944 artificum.

301 946 594 990 Gladiatorum
629 966 782 991 munus
816 952 1021 992 Romanae
1056 955 1368 996 consuetudinis
1402 956 1537 1011 primo
1571 959 1727 1014 majore
1758 965 1766 972 ”

298 1018 393 1043 cum
434 1013 590 1046 terrore
629 1007 859 1058 hominum,
900 1008 1158 1050 insuetorum
1199 1011 1252 1051 ad
1293 1012 1375 1052 tale
1427 1015 1725 1068 spectaculum,

298 1075 424 1114 quam
458 1063 689 1118 voluptate,
722 1064 861 1106 dedit:
914 1065 1064 1106 deinde
1100 1067 1251 1122 saepius
1287 1068 1440 1119 dando,
1476 1079 1518 1112 et
1552 1070 1586 1095 9⁰
1601 1073 1727 1114 modo

298 1116 540 1159 vulneribus
579 1128 714 1171 tenus,
751 1122 875 1162 modo
917 1122 1001 1163 sine
1040 1123 1231 1164 missione
1271 1125 1410 1176 etiam,
1445 1136 1486 1167 et
1525 1128 1728 1170 familiare

297 1173 426 1214 oculis
465 1184 717 1232 gratumque
757 1177 800 1218 id
842 1179 1123 1233 spectaculum
1158 1181 1271 1231 fecit,
1307 1191 1349 1223 et
1389 1198 1596 1225 armorum
1639 1194 1726 1227 stu-

295 1229 411 1270 dium
450 1232 658 1288 plerisque
687 1234 893 1289 juvenum
928 1236 1127 1277 accendit.
1191 1238 1357 1293 Itaque,
1394 1240 1467 1294 qui
1502 1241 1636 1296 primo
1671 1243 1724 1284 ab

297 1285 431 1327 Roma
458 1289 618 1344 magnis
650 1290 832 1346 praemiis
863 1300 1029 1347 paratos
1060 1293 1312 1348 gladiatores
1344 1311 1544 1338 arcessere
1578 1298 1725 1341 solitus

294 1352 396 1393 erat,
413 1344 500 1399 jam
524 1361 598 1386 suo
1683 1378 1688 1379 ν

853 1464 875 1486 ⁵3}
993 1464 1016 1487 *
1134 1466 1158 1489 ἱ·

345 1528 482 1570 XXI.
516 1532 595 1557 ***
615 1532 687 1594 pio
718 1533 827 1574 inter
858 1534 1109 1590 peregrinos.
1172 1537 1234 1577 M.
1254 1538 1389 1580 Atilio
1421 1541 1594 1596 praetori
1626 1557 1721 1599 pro-

288 1584 421 1626 vincia
463 1587 653 1628 Sardinia
684 1589 933 1631 obvenerat:
982 1592 1055 1632 sed
1094 1607 1191 1633 cum
1230 1594 1392 1650 legione
1433 1612 1555 1648 nova,
1594 1615 1722 1655 quam

286 1642 473 1683 consules
504 1643 844 1700 conscripserant,
867 1646 1054 1702 quinque
1086 1649 1270 1692 millibus
1302 1652 1494 1706 peditum
1525 1657 1722 1699 trecentis

286 1697 512 1752 equitibus,
535 1699 577 1740 in
601 1701 811 1742 Corsicam
838 1703 982 1759 jussus
1003 1713 1064 1746 est
1086 1706 1272 1747 transire.
1295 1708 1397 1749 dum
1418 1709 1452 1750 is
1472 1710 1528 1752 ibi
1562 1711 1720 1755 bellum

284 1764 463 1807 gereret,
484 1755 718 1798 ⁹1C0rnelio
737 1769 1008 1815 prorogatum
1041 1761 1277 1818 imperium,
1300 1765 1364 1806 uti
1396 1766 1603 1810 obtineret
1627 1771 1720 1811 Sar-

285 1805 452 1852 diniam.
515 1812 591 1853 Cn.
610 1814 782 1855 Servilio
817 1816 1005 1872 Caepioni
1038 1818 1081 1859 in
1115 1819 1362 1876 Hispaniam
1395 1823 1648 1877 ulteriorem,
1677 1836 1719 1870 et

282 1907 346 1938 sive
383 1909 508 1950 publico
533 1917 657 1954 sumptu
687 1913 728 1943 ali
759 1914 874 1951 solitos,
905 1916 971 1957 quj-
1018 1927 1128 1959 nempe
1145 1919 1362 1959 gladiatorium
1384 1933 1513 1954 munus:
1539 1925 1622 1965 quod
1646 1927 1716 1968 qui-

281 1950 338 1980 bus
368 1950 393 1981 is
419 1953 515 1984 honos
544 1954 635 1985 datus
664 1962 721 1990 est,
748 1955 780 1986 id
807 1957 844 1988 de
874 1958 972 1989 Athe·
1018 1960 1089 1990 dem
1112 1962 1210 2003 primo
1226 1964 1341 2005 majore
1358 1975 1428 1995 cum
1450 1972 1563 1998 terrore
1589 1991 1597 1999 .
1622 1991 1630 1999 .
1654 1969 1716 2000 Ar-

282 1992 329 2022 nis
357 1995 550 2026 notissimum
573 2003 618 2027 est
641 1998 792 2029 omnibus.
851 2001 913 2031 Sed
943 2007 974 2032 et
1017 2003 1115 2034 tifices
1151 2004 1201 2035 hic
1231 2005 1425 2048 intelligendi
1459 2016 1542 2045 sunt,
1569 2016 1604 2041 ut
1632 2014 1655 2043 1.
1672 2013 1713 2043 V.

281 2034 312 2064 in
328 2036 396 2066 aliis
413 2048 534 2079 quoque
552 2040 673 2070 Graecis
687 2042 813 2073 urbibus
829 2044 974 2074 eumdem
1017 2056 1121 2088 supra,
1144 2057 1172 2078 c.
1191 2049 1218 2079 l.
1243 2049 1266 2079 ii
1289 2060 1418 2091 quorum
1437 2062 1531 2094 opera
1557 2054 1623 2085 ludi
1645 2065 1716 2096 per-

281 2087 397 2109 morem
423 2088 579 2112 servatum
604 2093 682 2120 esse,
706 2083 756 2115 hic
779 2086 865 2116 locus
887 2088 972 2117 testi·
1018 2096 1162 2129 aguntur,
1205 2098 1282 2133 puta
1323 2093 1497 2132 histriones,
1535 2097 1711 2136 saltatores,

280 2122 382 2152 monio
396 2129 453 2152 est.
1018 2131 1173 2169 tibicines,
1190 2138 1248 2165 ccc.

330 2164 370 2193 87
398 2165 454 2205 Ut]
481 2166 639 2198 Particula
666 2175 699 2198 ut
723 2169 846 2211 adjecta
865 2178 911 2202 est
936 2183 973 2204 ex
1060 2176 1102 2205 90
1134 2176 1221 2207 Modo
1245 2179 1412 2210 vulneribus
1435 2187 1528 2217 tenus,
1553 2184 1633 2213 modo
1653 2185 1715 2216 sine

280 2205 482 2238 Freinshemii
497 2215 528 2239 et
545 2210 690 2241 Gronovii
709 2214 873 2246 sententia.
1017 2219 1144 2249 missione
1172 2222 1274 2261 etiam]
1305 2222 1403 2253 Modo
1432 2224 1478 2254 ita
1505 2230 1540 2255 ut
1568 2226 1713 2258 vulnera-

335 2250 374 2279 88
405 2250 460 2281 Sed
497 2258 523 2281 et
562 2253 653 2283 Delon
693 2257 752 2285 aris
797 2259 971 2299 insignibus]
1016 2267 1122 2291 rentur
1151 2267 1271 2293 tantum
1301 2265 1499 2305 gladiatores,
1528 2278 1589 2298 11011
1618 2269 1711 2300 inter—

278 2290 340 2320 Hic
362 2292 436 2322 olim
460 2293 620 2333 legebatur
637 2297 729 2326 Delon
755 2302 850 2329 maris.
897 2301 972 2331 Cor·
1017 2303 1200 2343 ficerentur;
1253 2307 1343 2337 modo
1381 2308 1420 2338 ad
1457 2319 1567 2340 necem
1603 2321 1714 2353 usque.

276 2343 382 2364 rexere
420 2336 549 2367 Vossius
583 2344 614 2368 et
649 2339 834 2372 Gronovius.
892 2344 973 2379 Quae
1018 2345 1118 2376 Missis»
1146 2353 1212 2378 erat
1240 2349 1341 2389 gratia
1369 2350 1532 2382 deserendi
1561 2363 1711 2394 pugnam,

277 2376 453 2408 emendatio
477 2379 502 2408 si
531 2391 603 2410 vera
618 2387 674 2416 est,
692 2382 742 2413 hic
768 2384 873 2415 Livius
894 2396 971 2426 pau·
1015 2398 1086 2428 quae
1102 2389 1234 2421 dabatur
1257 2392 1424 2433 aliquando
1445 2394 1535 2425 victis
1557 2395 1710 2436 gladiato-

276 2417 341 2448 lum
369 2419 509 2451 discessit
537 2433 556 2452 a
584 2423 727 2464 Polybio,
754 2426 806 2466 qui
836 2427 971 2468 loquitur
1014 2431 1109 2462 ribus.
1163 2433 1269 2469 Quum
1295 2441 1398 2466 autem
1420 2437 1571 2477 placeret,
1599 2445 1634 2469 ut
1659 2451 1710 2471 eo-

276 2463 490 2493 tantummodo
506 2464 544 2494 de
565 2466 674 2497 statuis
689 2467 771 2499 circa
787 2469 862 2500 Deli
886 2481 971 2502 aram
1014 2484 1112 2514 usque
1141 2483 1329 2516 pugnaretur
1355 2478 1453 2510 donec
1483 2483 1630 2512 alteruter
1658 2494 1710 2514 oc-

278 2504 317 2533 ab
331 2504 488 2537 Antiocho
503 2507 622 2547 positis.
1015 2518 1184 2553 cumberet,
1215 2519 1376 2551 dicebatur
1408 2532 1513 2563 pugna
1548 2525 1610 2554 sine
1641 2528 1708 2556 mis-

333 2547 373 2576 89
406 2547 595 2588 Reliquorum.
617 2553 663 2581 sui
686 2555 784 2596 moris]
809 2556 878 2585 Vox
901 2557 969 2586 reli·
1013 2560 1099 2590 sione.
1144 2561 1194 2590 Sic
1218 2562 1300 2593 Flor.
1320 2563 1340 2592 l.
1354 2564 1420 2594 III.
1437 2574 1464 2594 0.
1478 2566 1530 2596 20.
1553 2566 1592 2596 de
1616 2568 1709 2609 Spar-

278 2600 401 2628 quorum
431 2592 547 2631 pendet
576 2603 593 2622 a
619 2596 806 2633 praecedenti
848 2599 970 2630 nomine
1014 2602 1076 2631 taci
1101 2603 1268 2634 militibus:
1301 2607 1418 2646 dignam
1444 2609 1512 2638 viris
1525 2610 1618 2640 obiere
1632 2623 1706 2641 mor-

277 2634 514 2668 spectaculorum.
573 2636 662 2666 Dicit
691 2638 797 2669 Livius
833 2641 872 2670 ab
901 2642 970 2671 An·
1014 2650 1086 2673 tem:
1108 2652 1146 2681 et,
1161 2649 1235 2685 quod
1248 2649 1299 2677 sub
1310 2650 1474 2689 gladiatore
1485 2653 1558 2681 duce
1569 2657 1708 2692 oportuit,

278 2673 380 2705 tiocho
411 2683 569 2717 superatos
595 2688 662 2709 esse
687 2682 857 2722 superiores
882 2694 969 2724 reges
1012 2688 1073 2716 sine
1087 2689 1217 2719 missione
1236 2697 1401 2731 pugnatum
1417 2699 1467 2724 est.
1514 2694 1596 2725 Vide
1617 2697 1708 2738 plura

278 2717 509 2756 magnificentia
563 2723 810 2762 spectaculorum
868 2727 967 2756 omnis
1011 2730 1093 2770 apud
1110 2730 1194 2772 Lips.
1211 2733 1333 2763 Saturn.
1348 2734 1394 2764 ΙΙ.
1411 2736 1464 2766 21.

276 2759 407 2797 generis,
424 2771 461 2791 ex
485 2763 597 2803 quibus
621 2770 725 2795 cetera
746 2767 837 2797 moris
861 2769 965 2800 Graeci
1067 2773 1105 2802 91
1144 2775 1279 2804 Cornelia
1313 2785 1500 2815 prorogatum
1535 2782 1704 2824 imperium]

276 2807 372 2835 erant,
401 2810 431 2832 et
459 2816 527 2835 cum
555 2807 645 2847 copia
667 2808 847 2840 Graecorum
872 2812 963 2842 artifi-
1011 2813 1093 2844 Hinc
1119 2823 1247 2856 apparet
1271 2816 1449 2851 Cornelium
1470 2823 1624 2865 superiore
1647 2835 1702 2856 an-

275 2852 363 2881 ‹um;
401 2855 494 2877 unaun
535 2849 683 2880 Romame
723 2853 964 2891 consuetudinis,
1010 2866 1047 2887 no
1060 2863 1220 2898 praetorem
1236 2859 1340 2892 fuisse.
