<?xml version="1.0" encoding="UTF-8"?>
<!DOCTYPE html PUBLIC "-//W3C//DTD XHTML 1.0 Transitional//EN"
    "http://www.w3.org/TR/xhtml1/DTD/xhtml1-transitional.dtd">
<html xmlns="http://www.w3.org/1999/xhtml" xml:lang="en" lang="en">
 <head>
  <title>
</title>
<meta http-equiv="Content-Type" content="text/html;charset=utf-8" />
  <meta name='ocr-system' content='tesseract 3.04.00' />
  <meta name='ocr-capabilities' content='ocr_page ocr_carea ocr_par ocr_line ocrx_word'/>
</head>
<body>
  <div class='ocr_page' id='page_1' title='image "./historiarumaburb04livyuoft/historiarumaburb04livyuoft_0523.png"; bbox 0 0 1805 3174; ppageno 0'>
   <div class='ocr_carea' id='block_1_1' title="bbox 554 97 1503 147">
    <p class='ocr_par' dir='ltr' id='par_1_1' title="bbox 554 97 1503 147">
     <span class='ocr_line' id='line_1_1' title="bbox 554 97 1503 147; baseline 0.001 -2"><span class='ocrx_word' id='word_1_1' title='bbox 554 98 595 145; x_wconf 83' lang='grc' dir='ltr'>Ρ</span> <span class='ocrx_word' id='word_1_2' title='bbox 611 99 732 146; x_wconf 66' lang='lat' dir='ltr'>1&lt;AE</span> <span class='ocrx_word' id='word_1_3' title='bbox 744 98 784 145; x_wconf 71' lang='grc' dir='ltr'>κ’</span> <span class='ocrx_word' id='word_1_4' title='bbox 799 98 841 145; x_wconf 77' lang='lat' dir='ltr'><strong>A</strong></span> <span class='ocrx_word' id='word_1_5' title='bbox 853 98 898 144; x_wconf 86' lang='lat' dir='ltr'><strong>T</strong></span> <span class='ocrx_word' id='word_1_6' title='bbox 913 97 931 144; x_wconf 93' lang='lat' dir='ltr'>l</span> <span class='ocrx_word' id='word_1_7' title='bbox 948 99 1010 146; x_wconf 91' lang='grc' dir='ltr'>Ο.</span> <span class='ocrx_word' id='word_1_8' title='bbox 1388 100 1503 147; x_wconf 75' lang='lat' dir='ltr'>lxxv</span> 
     </span>
    </p>
   </div>
   <div class='ocr_carea' id='block_1_2' title="bbox 52 237 1528 2866">
    <p class='ocr_par' dir='ltr' id='par_1_2' title="bbox 58 237 1507 379">
     <span class='ocr_line' id='line_1_2' title="bbox 58 237 1507 301; baseline 0.001 -17"><span class='ocrx_word' id='word_1_9' title='bbox 58 237 207 285; x_wconf 73' lang='lat' dir='ltr'>etiim</span> <span class='ocrx_word' id='word_1_10' title='bbox 247 254 384 298; x_wconf 86' lang='lat' dir='ltr'>voce,</span> <span class='ocrx_word' id='word_1_11' title='bbox 409 237 729 301; x_wconf 78' lang='lat' dir='ltr'>consiliisque</span> <span class='ocrx_word' id='word_1_12' title='bbox 767 255 824 285; x_wconf 84' lang='lat' dir='ltr'>ac</span> <span class='ocrx_word' id='word_1_13' title='bbox 863 238 1064 286; x_wconf 89' lang='lat' dir='ltr'>monitis</span> <span class='ocrx_word' id='word_1_14' title='bbox 1100 238 1311 286; x_wconf 89' lang='lat' dir='ltr'>multum</span> <span class='ocrx_word' id='word_1_15' title='bbox 1347 239 1507 299; x_wconf 85' lang='lat' dir='ltr'>adjuti</span> 
     </span>
     <span class='ocr_line' id='line_1_3' title="bbox 61 315 1507 379; baseline 0.003 -19"><span class='ocrx_word' id='word_1_16' title='bbox 61 331 233 363; x_wconf 87' lang='lat' dir='ltr'>sumus</span> <span class='ocrx_word' id='word_1_17' title='bbox 270 315 447 363; x_wconf 87' lang='lat' dir='ltr'>summi</span> <span class='ocrx_word' id='word_1_18' title='bbox 473 315 574 371; x_wconf 91' lang='lat' dir='ltr'>viri,</span> <span class='ocrx_word' id='word_1_19' title='bbox 600 332 738 379; x_wconf 83' lang='lat' dir='ltr'>quo</span> <span class='ocrx_word' id='word_1_20' title='bbox 727 324 929 363; x_wconf 86' lang='lat' dir='ltr'>auctore</span> <span class='ocrx_word' id='word_1_21' title='bbox 953 322 1002 363; x_wconf 88' lang='lat' dir='ltr'>et</span> <span class='ocrx_word' id='word_1_22' title='bbox 1026 317 1278 363; x_wconf 78' lang='lat' dir='ltr'>hortatore</span> <span class='ocrx_word' id='word_1_23' title='bbox 1303 315 1399 363; x_wconf 91' lang='lat' dir='ltr'>hoc</span> <span class='ocrx_word' id='word_1_24' title='bbox 1426 334 1507 364; x_wconf 83' lang='lat' dir='ltr'>ne-</span> 
     </span>
    </p>

    <p class='ocr_par' dir='ltr' id='par_1_3' title="bbox 58 392 1522 534">
     <span class='ocr_line' id='line_1_4' title="bbox 58 392 1522 457; baseline 0.001 -19.001"><span class='ocrx_word' id='word_1_25' title='bbox 58 392 176 454; x_wconf 81' lang='lat' dir='ltr'>gotii</span> <span class='ocrx_word' id='word_1_26' title='bbox 213 409 607 457; x_wconf 85' lang='lat' dir='ltr'>suscepe1amus,</span> <span class='ocrx_word' id='word_1_27' title='bbox 636 392 710 440; x_wconf 86' lang='lat' dir='ltr'>M.</span> <span class='ocrx_word' id='word_1_28' title='bbox 738 393 903 441; x_wconf 87' lang='lat' dir='ltr'>Caroli</span> <span class='ocrx_word' id='word_1_29' title='bbox 940 394 1127 449; x_wconf 82' lang='lat' dir='ltr'>Rollin,</span> <span class='ocrx_word' id='word_1_30' title='bbox 1157 394 1299 454; x_wconf 88' lang='lat' dir='ltr'>cujus</span> <span class='ocrx_word' id='word_1_31' title='bbox 1324 410 1522 441; x_wconf 85' lang='lat' dir='ltr'>nomen</span> 
     </span>
     <span class='ocr_line' id='line_1_5' title="bbox 58 470 1510 534; baseline 0.003 -19"><span class='ocrx_word' id='word_1_32' title='bbox 58 485 158 516; x_wconf 91' lang='lat' dir='ltr'>non</span> <span class='ocrx_word' id='word_1_33' title='bbox 185 470 395 518; x_wconf 88' lang='lat' dir='ltr'>hominis</span> <span class='ocrx_word' id='word_1_34' title='bbox 420 470 631 531; x_wconf 84' lang='lat' dir='ltr'>alicujus</span> <span class='ocrx_word' id='word_1_35' title='bbox 658 487 764 517; x_wconf 75' lang='lat' dir='ltr'>ma&lt;</span> <span class='ocrx_word' id='word_1_36' title='bbox 740 470 830 532; x_wconf 61' lang='lat' dir='ltr'>eis,</span> <span class='ocrx_word' id='word_1_37' title='bbox 851 488 999 534; x_wconf 85' lang='lat' dir='ltr'>quam</span> <span class='ocrx_word' id='word_1_38' title='bbox 1028 470 1218 518; x_wconf 87' lang='lat' dir='ltr'>virtutis</span> <span class='ocrx_word' id='word_1_39' title='bbox 1245 472 1510 519; x_wconf 79' lang='lat' dir='ltr'>doctiinae-</span> 
     </span>
    </p>

    <p class='ocr_par' dir='ltr' id='par_1_4' title="bbox 52 548 1509 691">
     <span class='ocr_line' id='line_1_6' title="bbox 58 548 1509 614; baseline 0.002 -20"><span class='ocrx_word' id='word_1_40' title='bbox 58 563 154 610; x_wconf 90' lang='lat' dir='ltr'>que</span> <span class='ocrx_word' id='word_1_41' title='bbox 191 548 442 612; x_wconf 90' lang='lat' dir='ltr'>proprium</span> <span class='ocrx_word' id='word_1_42' title='bbox 468 549 689 596; x_wconf 90' lang='lat' dir='ltr'>videtur·</span> <span class='ocrx_word' id='word_1_43' title='bbox 679 586 691 608; x_wconf 79' lang='lat'>,</span> <span class='ocrx_word' id='word_1_44' title='bbox 733 549 876 610; x_wconf 86' lang='lat' dir='ltr'>cujus</span> <span class='ocrx_word' id='word_1_45' title='bbox 901 549 1120 597; x_wconf 86' lang='lat' dir='ltr'>famam</span> <span class='ocrx_word' id='word_1_46' title='bbox 1108 566 1158 596; x_wconf 92' lang='lat' dir='ltr'>1n</span> <span class='ocrx_word' id='word_1_47' title='bbox 1184 548 1375 610; x_wconf 87' lang='lat' dir='ltr'>litteris,</span> <span class='ocrx_word' id='word_1_48' title='bbox 1398 568 1509 614; x_wconf 81' lang='lat' dir='ltr'>quae</span> 
     </span>
     <span class='ocr_line' id='line_1_7' title="bbox 52 615 1507 691; baseline 0.001 -18"><span class='ocrx_word' id='word_1_49' title='bbox 52 615 249 685; x_wconf 77' lang='lat' dir='ltr'>jamdiu</span> <span class='ocrx_word' id='word_1_50' title='bbox 286 634 423 674; x_wconf 88' lang='lat' dir='ltr'>tanta</span> <span class='ocrx_word' id='word_1_51' title='bbox 448 627 579 690; x_wconf 86' lang='lat' dir='ltr'>apud</span> <span class='ocrx_word' id='word_1_52' title='bbox 608 643 699 673; x_wconf 87' lang='lat' dir='ltr'>nos</span> <span class='ocrx_word' id='word_1_53' title='bbox 727 634 846 683; x_wconf 88' lang='lat' dir='ltr'>erat,</span> <span class='ocrx_word' id='word_1_54' title='bbox 872 635 926 675; x_wconf 91' lang='lat' dir='ltr'>ut</span> <span class='ocrx_word' id='word_1_55' title='bbox 951 627 1032 674; x_wconf 86' lang='lat' dir='ltr'>vix</span> <span class='ocrx_word' id='word_1_56' title='bbox 1058 633 1228 691; x_wconf 87' lang='lat' dir='ltr'>posset</span> <span class='ocrx_word' id='word_1_57' title='bbox 1264 644 1507 684; x_wconf 88' lang='lat' dir='ltr'>crescere,</span> 
     </span>
    </p>

    <p class='ocr_par' dir='ltr' id='par_1_5' title="bbox 58 703 1509 769">
     <span class='ocr_line' id='line_1_8' title="bbox 58 703 1509 769; baseline 0.003 -20"><span class='ocrx_word' id='word_1_58' title='bbox 58 718 175 750; x_wconf 88' lang='lat' dir='ltr'>mox</span> <span class='ocrx_word' id='word_1_59' title='bbox 201 720 291 767; x_wconf 89' lang='lat' dir='ltr'>per</span> <span class='ocrx_word' id='word_1_60' title='bbox 325 720 522 752; x_wconf 91' lang='lat' dir='ltr'>omnem</span> <span class='ocrx_word' id='word_1_61' title='bbox 548 705 648 752; x_wconf 87' lang='lat' dir='ltr'>late</span> <span class='ocrx_word' id='word_1_62' title='bbox 684 703 940 769; x_wconf 84' lang='lat' dir='ltr'>Europam</span> <span class='ocrx_word' id='word_1_63' title='bbox 979 722 1216 769; x_wconf 79' lang='lat' dir='ltr'>sparsere,</span> <span class='ocrx_word' id='word_1_64' title='bbox 1240 712 1290 753; x_wconf 90' lang='lat' dir='ltr'>et</span> <span class='ocrx_word' id='word_1_65' title='bbox 1324 705 1509 753; x_wconf 89' lang='lat' dir='ltr'>futuro-</span> 
     </span>
    </p>

    <p class='ocr_par' dir='ltr' id='par_1_6' title="bbox 57 782 1528 2866">
     <span class='ocr_line' id='line_1_9' title="bbox 58 782 1513 847; baseline 0.002 -20"><span class='ocrx_word' id='word_1_66' title='bbox 58 797 164 828; x_wconf 88' lang='lat' dir='ltr'>rum</span> <span class='ocrx_word' id='word_1_67' title='bbox 190 782 471 830; x_wconf 87' lang='lat' dir='ltr'>seculorum</span> <span class='ocrx_word' id='word_1_68' title='bbox 508 783 767 831; x_wconf 72' lang='lat' dir='ltr'>aeternitati</span> <span class='ocrx_word' id='word_1_69' title='bbox 798 783 971 847; x_wconf 91' lang='lat' dir='ltr'>procul</span> <span class='ocrx_word' id='word_1_70' title='bbox 999 783 1153 831; x_wconf 90' lang='lat' dir='ltr'>dubio</span> <span class='ocrx_word' id='word_1_71' title='bbox 1193 783 1513 831; x_wconf 83' lang='lat' dir='ltr'>commenda-</span> 
     </span>
     <span class='ocr_line' id='line_1_10' title="bbox 57 859 1514 925; baseline 0 -19"><span class='ocrx_word' id='word_1_72' title='bbox 57 859 183 907; x_wconf 91' lang='lat' dir='ltr'>bunt</span> <span class='ocrx_word' id='word_1_73' title='bbox 208 860 395 921; x_wconf 88' lang='lat' dir='ltr'>maj0ra</span> <span class='ocrx_word' id='word_1_74' title='bbox 421 861 556 909; x_wconf 89' lang='lat' dir='ltr'>omni</span> <span class='ocrx_word' id='word_1_75' title='bbox 582 861 733 909; x_wconf 87' lang='lat' dir='ltr'>laude</span> <span class='ocrx_word' id='word_1_76' title='bbox 759 862 973 925; x_wconf 83' lang='lat' dir='ltr'>scripta:</span> <span class='ocrx_word' id='word_1_77' title='bbox 1010 861 1188 925; x_wconf 90' lang='lat' dir='ltr'>quibus</span> <span class='ocrx_word' id='word_1_78' title='bbox 1215 861 1265 908; x_wconf 89' lang='lat' dir='ltr'>in</span> <span class='ocrx_word' id='word_1_79' title='bbox 1289 860 1514 922; x_wconf 77' lang='lat' dir='ltr'>legendis</span> 
     </span>
     <span class='ocr_line' id='line_1_11' title="bbox 59 937 1517 1002; baseline -0.001 -17"><span class='ocrx_word' id='word_1_80' title='bbox 59 937 379 1000; x_wconf 82' lang='lat' dir='ltr'>voluptatem,</span> <span class='ocrx_word' id='word_1_81' title='bbox 405 956 515 1002; x_wconf 80' lang='lat' dir='ltr'>quae</span> <span class='ocrx_word' id='word_1_82' title='bbox 553 955 747 985; x_wconf 88' lang='lat' dir='ltr'>summa</span> <span class='ocrx_word' id='word_1_83' title='bbox 782 946 871 993; x_wconf 82' lang='lat' dir='ltr'>est,</span> <span class='ocrx_word' id='word_1_84' title='bbox 908 939 1053 1000; x_wconf 77' lang='lat' dir='ltr'>longe</span> <span class='ocrx_word' id='word_1_85' title='bbox 1088 945 1356 1001; x_wconf 79' lang='lat' dir='ltr'>exsuperat</span> <span class='ocrx_word' id='word_1_86' title='bbox 1392 937 1517 984; x_wconf 92' lang='lat' dir='ltr'>utili-</span> 
     </span>
     <span class='ocr_line' id='line_1_12' title="bbox 59 1014 1517 1080; baseline -0.001 -19"><span class='ocrx_word' id='word_1_87' title='bbox 59 1022 165 1073; x_wconf 68' lang='lat' dir='ltr'>tas,</span> <span class='ocrx_word' id='word_1_88' title='bbox 200 1033 310 1079; x_wconf 85' lang='lat' dir='ltr'>quae</span> <span class='ocrx_word' id='word_1_89' title='bbox 334 1034 489 1080; x_wconf 89' lang='lat' dir='ltr'>quum</span> <span class='ocrx_word' id='word_1_90' title='bbox 515 1023 564 1064; x_wconf 87' lang='lat' dir='ltr'>et</span> <span class='ocrx_word' id='word_1_91' title='bbox 589 1016 724 1064; x_wconf 89' lang='lat' dir='ltr'>omni</span> <span class='ocrx_word' id='word_1_92' title='bbox 753 1016 1048 1079; x_wconf 76' lang='lat' dir='ltr'>eloquentiae</span> <span class='ocrx_word' id='word_1_93' title='bbox 1082 1023 1259 1063; x_wconf 86' lang='lat' dir='ltr'>ornatu</span> <span class='ocrx_word' id='word_1_94' title='bbox 1286 1014 1517 1078; x_wconf 86' lang='lat' dir='ltr'>splende-</span> 
     </span>
     <span class='ocr_line' id='line_1_13' title="bbox 60 1090 1515 1156; baseline -0.003 -16"><span class='ocrx_word' id='word_1_95' title='bbox 60 1101 161 1149; x_wconf 87' lang='lat' dir='ltr'>ant,</span> <span class='ocrx_word' id='word_1_96' title='bbox 202 1102 251 1141; x_wconf 90' lang='lat' dir='ltr'>et</span> <span class='ocrx_word' id='word_1_97' title='bbox 286 1094 431 1142; x_wconf 90' lang='lat' dir='ltr'>simul</span> <span class='ocrx_word' id='word_1_98' title='bbox 469 1093 723 1156; x_wconf 81' lang='lat' dir='ltr'>ingentem</span> <span class='ocrx_word' id='word_1_99' title='bbox 764 1093 1003 1140; x_wconf 81' lang='lat' dir='ltr'>doctrinae</span> <span class='ocrx_word' id='word_1_100' title='bbox 1040 1093 1330 1147; x_wconf 87' lang='lat' dir='ltr'>ubertatem,</span> <span class='ocrx_word' id='word_1_101' title='bbox 1368 1090 1515 1138; x_wconf 88' lang='lat' dir='ltr'>simul</span> 
     </span>
     <span class='ocr_line' id='line_1_14' title="bbox 59 1167 1517 1233; baseline -0.004 -14"><span class='ocrx_word' id='word_1_102' title='bbox 59 1171 285 1219; x_wconf 87' lang='lat' dir='ltr'>limatum</span> <span class='ocrx_word' id='word_1_103' title='bbox 306 1178 356 1219; x_wconf 86' lang='lat' dir='ltr'>et</span> <span class='ocrx_word' id='word_1_104' title='bbox 375 1171 439 1218; x_wconf 91' lang='lat' dir='ltr'>ad</span> <span class='ocrx_word' id='word_1_105' title='bbox 461 1170 725 1233; x_wconf 86' lang='lat' dir='ltr'>purissima</span> <span class='ocrx_word' id='word_1_106' title='bbox 750 1168 1059 1233; x_wconf 85' lang='lat' dir='ltr'>antiquitatis</span> <span class='ocrx_word' id='word_1_107' title='bbox 1085 1167 1394 1231; x_wconf 81' lang='lat' dir='ltr'>exemplaria</span> <span class='ocrx_word' id='word_1_108' title='bbox 1418 1167 1517 1214; x_wconf 89' lang='lat' dir='ltr'>ela-</span> 
     </span>
     <span class='ocr_line' id='line_1_15' title="bbox 59 1245 1517 1311; baseline -0.002 -16"><span class='ocrx_word' id='word_1_109' title='bbox 59 1249 290 1297; x_wconf 83' lang='lat' dir='ltr'>boratum</span> <span class='ocrx_word' id='word_1_110' title='bbox 313 1255 512 1311; x_wconf 86' lang='lat' dir='ltr'>gustum</span> <span class='ocrx_word' id='word_1_111' title='bbox 535 1265 633 1311; x_wconf 87' lang='lat' dir='ltr'>prae</span> <span class='ocrx_word' id='word_1_112' title='bbox 659 1265 712 1295; x_wconf 92' lang='lat' dir='ltr'>se</span> <span class='ocrx_word' id='word_1_113' title='bbox 739 1248 914 1302; x_wconf 89' lang='lat' dir='ltr'>ferant,</span> <span class='ocrx_word' id='word_1_114' title='bbox 936 1253 1042 1295; x_wconf 88' lang='lat' dir='ltr'>tum</span> <span class='ocrx_word' id='word_1_115' title='bbox 1063 1262 1176 1293; x_wconf 88' lang='lat' dir='ltr'>vero</span> <span class='ocrx_word' id='word_1_116' title='bbox 1203 1245 1347 1308; x_wconf 84' lang='lat' dir='ltr'>copia</span> <span class='ocrx_word' id='word_1_117' title='bbox 1374 1245 1517 1292; x_wconf 84' lang='lat' dir='ltr'>bonae</span> 
     </span>
     <span class='ocr_line' id='line_1_16' title="bbox 60 1322 1518 1390; baseline -0.004 -16"><span class='ocrx_word' id='word_1_118' title='bbox 60 1327 227 1390; x_wconf 81' lang='lat' dir='ltr'>frugis,</span> <span class='ocrx_word' id='word_1_119' title='bbox 255 1325 580 1374; x_wconf 80' lang='lat' dir='ltr'>informandis</span> <span class='ocrx_word' id='word_1_120' title='bbox 618 1325 682 1371; x_wconf 84' lang='lat' dir='ltr'>ad</span> <span class='ocrx_word' id='word_1_121' title='bbox 710 1340 908 1372; x_wconf 87' lang='lat' dir='ltr'>omnem</span> <span class='ocrx_word' id='word_1_122' title='bbox 947 1324 1259 1370; x_wconf 82' lang='lat' dir='ltr'>honestatem</span> <span class='ocrx_word' id='word_1_123' title='bbox 1297 1322 1518 1369; x_wconf 84' lang='lat' dir='ltr'>moribus</span> 
     </span>
     <span class='ocr_line' id='line_1_17' title="bbox 60 1399 1518 1465; baseline -0.003 -14"><span class='ocrx_word' id='word_1_124' title='bbox 60 1404 258 1460; x_wconf 84' lang='lat' dir='ltr'>idonea,</span> <span class='ocrx_word' id='word_1_125' title='bbox 294 1403 362 1450; x_wconf 90' lang='lat' dir='ltr'>ita</span> <span class='ocrx_word' id='word_1_126' title='bbox 396 1402 601 1465; x_wconf 79' lang='lat' dir='ltr'>gravida</span> <span class='ocrx_word' id='word_1_127' title='bbox 639 1409 688 1448; x_wconf 85' lang='lat' dir='ltr'>et</span> <span class='ocrx_word' id='word_1_128' title='bbox 724 1401 901 1447; x_wconf 88' lang='lat' dir='ltr'>referta</span> <span class='ocrx_word' id='word_1_129' title='bbox 936 1406 1069 1460; x_wconf 82' lang='lat' dir='ltr'>sunt,</span> <span class='ocrx_word' id='word_1_130' title='bbox 1104 1408 1159 1447; x_wconf 91' lang='lat' dir='ltr'>ut</span> <span class='ocrx_word' id='word_1_131' title='bbox 1198 1399 1392 1446; x_wconf 87' lang='lat' dir='ltr'>nullum</span> <span class='ocrx_word' id='word_1_132' title='bbox 1435 1417 1518 1447; x_wconf 91' lang='lat' dir='ltr'>un-</span> 
     </span>
     <span class='ocr_line' id='line_1_18' title="bbox 61 1477 1519 1545; baseline -0.002 -17"><span class='ocrx_word' id='word_1_133' title='bbox 61 1498 210 1545; x_wconf 81' lang='lat' dir='ltr'>quam</span> <span class='ocrx_word' id='word_1_134' title='bbox 235 1497 362 1544; x_wconf 89' lang='lat' dir='ltr'>opus</span> <span class='ocrx_word' id='word_1_135' title='bbox 387 1480 618 1528; x_wconf 87' lang='lat' dir='ltr'>omnibus</span> <span class='ocrx_word' id='word_1_136' title='bbox 644 1496 756 1542; x_wconf 84' lang='lat' dir='ltr'>quae</span> <span class='ocrx_word' id='word_1_137' title='bbox 785 1478 1013 1526; x_wconf 85' lang='lat' dir='ltr'>virtutem</span> <span class='ocrx_word' id='word_1_138' title='bbox 1039 1477 1327 1526; x_wconf 88' lang='lat' dir='ltr'>hominibus</span> <span class='ocrx_word' id='word_1_139' title='bbox 1351 1479 1519 1525; x_wconf 89' lang='lat' dir='ltr'>conci-</span> 
     </span>
     <span class='ocr_line' id='line_1_19' title="bbox 61 1556 1522 1623; baseline -0.004 -16"><span class='ocrx_word' id='word_1_140' title='bbox 61 1559 182 1607; x_wconf 83' lang='lat' dir='ltr'>liare</span> <span class='ocrx_word' id='word_1_141' title='bbox 221 1565 432 1623; x_wconf 79' lang='lat' dir='ltr'>possunt</span> <span class='ocrx_word' id='word_1_142' title='bbox 465 1556 723 1606; x_wconf 81' lang='lat' dir='ltr'>lenociniis</span> <span class='ocrx_word' id='word_1_143' title='bbox 765 1556 1051 1604; x_wconf 85' lang='lat' dir='ltr'>instructius</span> <span class='ocrx_word' id='word_1_144' title='bbox 1096 1556 1272 1603; x_wconf 86' lang='lat' dir='ltr'>litterae</span> <span class='ocrx_word' id='word_1_145' title='bbox 1310 1556 1522 1618; x_wconf 88' lang='lat' dir='ltr'>protule-</span> 
     </span>
     <span class='ocr_line' id='line_1_20' title="bbox 61 1633 1521 1702; baseline -0.005 -16"><span class='ocrx_word' id='word_1_146' title='bbox 61 1637 174 1694; x_wconf 82' lang='lat' dir='ltr'>rint,</span> <span class='ocrx_word' id='word_1_147' title='bbox 202 1644 372 1702; x_wconf 87' lang='lat' dir='ltr'>utque,</span> <span class='ocrx_word' id='word_1_148' title='bbox 399 1653 552 1701; x_wconf 90' lang='lat' dir='ltr'>quum</span> <span class='ocrx_word' id='word_1_149' title='bbox 588 1635 840 1698; x_wconf 83' lang='lat' dir='ltr'>ingenium</span> <span class='ocrx_word' id='word_1_150' title='bbox 878 1633 1134 1682; x_wconf 86' lang='lat' dir='ltr'>scribentis</span> <span class='ocrx_word' id='word_1_151' title='bbox 1172 1633 1392 1681; x_wconf 84' lang='lat' dir='ltr'>maxima</span> <span class='ocrx_word' id='word_1_152' title='bbox 1419 1633 1521 1679; x_wconf 89' lang='lat' dir='ltr'>fue-</span> 
     </span>
     <span class='ocr_line' id='line_1_21' title="bbox 62 1710 1521 1777; baseline -0.005 -13"><span class='ocrx_word' id='word_1_153' title='bbox 62 1716 127 1764; x_wconf 87' lang='lat' dir='ltr'>ris</span> <span class='ocrx_word' id='word_1_154' title='bbox 152 1715 483 1763; x_wconf 89' lang='lat' dir='ltr'>admiratione</span> <span class='ocrx_word' id='word_1_155' title='bbox 509 1720 818 1777; x_wconf 87' lang='lat' dir='ltr'>prosecutus,</span> <span class='ocrx_word' id='word_1_156' title='bbox 847 1713 1064 1760; x_wconf 88' lang='lat' dir='ltr'>animum</span> <span class='ocrx_word' id='word_1_157' title='bbox 1098 1718 1148 1758; x_wconf 90' lang='lat' dir='ltr'>et</span> <span class='ocrx_word' id='word_1_158' title='bbox 1171 1718 1346 1775; x_wconf 89' lang='lat' dir='ltr'>pectus</span> <span class='ocrx_word' id='word_1_159' title='bbox 1371 1710 1521 1772; x_wconf 83' lang='lat' dir='ltr'>longe</span> 
     </span>
     <span class='ocr_line' id='line_1_22' title="bbox 64 1788 1520 1852; baseline -0.003 -11"><span class='ocrx_word' id='word_1_160' title='bbox 64 1794 256 1841; x_wconf 65' lang='lat' dir='ltr'>acriore&gt;</span> <span class='ocrx_word' id='word_1_161' title='bbox 297 1793 479 1841; x_wconf 88' lang='lat' dir='ltr'>amoris</span> <span class='ocrx_word' id='word_1_162' title='bbox 525 1798 576 1840; x_wconf 89' lang='lat' dir='ltr'>et</span> <span class='ocrx_word' id='word_1_163' title='bbox 620 1791 950 1839; x_wconf 88' lang='lat' dir='ltr'>venerationis</span> <span class='ocrx_word' id='word_1_164' title='bbox 991 1806 1142 1837; x_wconf 87' lang='lat' dir='ltr'>sensu</span> <span class='ocrx_word' id='word_1_165' title='bbox 1183 1788 1520 1852; x_wconf 86' lang='lat' dir='ltr'>amplectaris.</span> 
     </span>
     <span class='ocr_line' id='line_1_23' title="bbox 64 1865 1523 1934; baseline -0.006 -14"><span class='ocrx_word' id='word_1_166' title='bbox 64 1871 206 1920; x_wconf 88' lang='lat' dir='ltr'>Talis</span> <span class='ocrx_word' id='word_1_167' title='bbox 230 1879 496 1934; x_wconf 88' lang='lat' dir='ltr'>tantusque</span> <span class='ocrx_word' id='word_1_168' title='bbox 521 1870 825 1925; x_wconf 86' lang='lat' dir='ltr'>moderator,</span> <span class='ocrx_word' id='word_1_169' title='bbox 845 1868 990 1929; x_wconf 90' lang='lat' dir='ltr'>cujus</span> <span class='ocrx_word' id='word_1_170' title='bbox 1016 1867 1108 1914; x_wconf 89' lang='lat' dir='ltr'>sub</span> <span class='ocrx_word' id='word_1_171' title='bbox 1135 1865 1399 1929; x_wconf 90' lang='lat' dir='ltr'>disciplina</span> <span class='ocrx_word' id='word_1_172' title='bbox 1423 1871 1523 1912; x_wconf 90' lang='lat' dir='ltr'>stu-</span> 
     </span>
     <span class='ocr_line' id='line_1_24' title="bbox 67 1943 1525 2010; baseline -0.006 -12"><span class='ocrx_word' id='word_1_173' title='bbox 67 1949 152 1998; x_wconf 85' lang='lat' dir='ltr'>dia</span> <span class='ocrx_word' id='word_1_174' title='bbox 176 1949 295 2001; x_wconf 90' lang='lat' dir='ltr'>olim</span> <span class='ocrx_word' id='word_1_175' title='bbox 319 1966 432 1996; x_wconf 86' lang='lat' dir='ltr'>mea</span> <span class='ocrx_word' id='word_1_176' title='bbox 456 1948 799 2002; x_wconf 87' lang='lat' dir='ltr'>adoleverant,</span> <span class='ocrx_word' id='word_1_177' title='bbox 825 1945 911 2010; x_wconf 87' lang='lat' dir='ltr'>qui</span> <span class='ocrx_word' id='word_1_178' title='bbox 939 1945 1053 1992; x_wconf 89' lang='lat' dir='ltr'>mihi</span> <span class='ocrx_word' id='word_1_179' title='bbox 1081 1960 1274 2007; x_wconf 89' lang='lat' dir='ltr'>semper</span> <span class='ocrx_word' id='word_1_180' title='bbox 1297 1943 1413 1990; x_wconf 88' lang='lat' dir='ltr'>loco</span> <span class='ocrx_word' id='word_1_181' title='bbox 1439 1958 1525 2004; x_wconf 86' lang='lat' dir='ltr'>pa-</span> 
     </span>
     <span class='ocr_line' id='line_1_25' title="bbox 65 2020 1523 2089; baseline -0.005 -15"><span class='ocrx_word' id='word_1_182' title='bbox 65 2026 219 2074; x_wconf 85' lang='lat' dir='ltr'>rentis</span> <span class='ocrx_word' id='word_1_183' title='bbox 254 2026 343 2074; x_wconf 89' lang='lat' dir='ltr'>fuit</span> <span class='ocrx_word' id='word_1_184' title='bbox 379 2027 581 2089; x_wconf 92' lang='lat' dir='ltr'>eritque,</span> <span class='ocrx_word' id='word_1_185' title='bbox 617 2024 732 2072; x_wconf 89' lang='lat' dir='ltr'>huic</span> <span class='ocrx_word' id='word_1_186' title='bbox 773 2039 974 2088; x_wconf 88' lang='lat' dir='ltr'>quoque</span> <span class='ocrx_word' id='word_1_187' title='bbox 1015 2021 1066 2070; x_wconf 89' lang='lat' dir='ltr'>in</span> <span class='ocrx_word' id='word_1_188' title='bbox 1104 2021 1251 2069; x_wconf 90' lang='lat' dir='ltr'>Livio</span> <span class='ocrx_word' id='word_1_189' title='bbox 1292 2020 1523 2083; x_wconf 87' lang='lat' dir='ltr'>interpre-</span> 
     </span>
     <span class='ocr_line' id='line_1_26' title="bbox 67 2099 1521 2165; baseline -0.004 -14"><span class='ocrx_word' id='word_1_190' title='bbox 67 2104 223 2151; x_wconf 89' lang='lat' dir='ltr'>tando</span> <span class='ocrx_word' id='word_1_191' title='bbox 258 2103 416 2150; x_wconf 80' lang='lat' dir='ltr'>labori</span> <span class='ocrx_word' id='word_1_192' title='bbox 452 2101 664 2165; x_wconf 76' lang='lat' dir='ltr'>praefuit.</span> <span class='ocrx_word' id='word_1_193' title='bbox 737 2099 847 2156; x_wconf 84' lang='lat' dir='ltr'>llle,</span> <span class='ocrx_word' id='word_1_194' title='bbox 874 2106 928 2147; x_wconf 88' lang='lat' dir='ltr'>ut</span> <span class='ocrx_word' id='word_1_195' title='bbox 963 2107 1039 2146; x_wconf 88' lang='lat' dir='ltr'>est</span> <span class='ocrx_word' id='word_1_196' title='bbox 1073 2099 1262 2161; x_wconf 90' lang='lat' dir='ltr'>impetu</span> <span class='ocrx_word' id='word_1_197' title='bbox 1298 2099 1521 2161; x_wconf 85' lang='lat' dir='ltr'>quodam</span> 
     </span>
     <span class='ocr_line' id='line_1_27' title="bbox 69 2177 1523 2244; baseline -0.005 -15"><span class='ocrx_word' id='word_1_198' title='bbox 69 2181 218 2228; x_wconf 90' lang='lat' dir='ltr'>animi</span> <span class='ocrx_word' id='word_1_199' title='bbox 253 2180 590 2244; x_wconf 87' lang='lat' dir='ltr'>instinctuque</span> <span class='ocrx_word' id='word_1_200' title='bbox 614 2180 664 2227; x_wconf 90' lang='lat' dir='ltr'>in</span> <span class='ocrx_word' id='word_1_201' title='bbox 688 2178 741 2226; x_wconf 90' lang='lat' dir='ltr'>id</span> <span class='ocrx_word' id='word_1_202' title='bbox 768 2194 915 2225; x_wconf 88' lang='lat' dir='ltr'>omne</span> <span class='ocrx_word' id='word_1_203' title='bbox 950 2177 1091 2240; x_wconf 91' lang='lat' dir='ltr'>quod</span> <span class='ocrx_word' id='word_1_204' title='bbox 1130 2177 1395 2224; x_wconf 85' lang='lat' dir='ltr'>honestum</span> <span class='ocrx_word' id='word_1_205' title='bbox 1431 2181 1523 2230; x_wconf 89' lang='lat' dir='ltr'>est,</span> 
     </span>
     <span class='ocr_line' id='line_1_28' title="bbox 69 2256 1522 2322; baseline -0.006 -15"><span class='ocrx_word' id='word_1_206' title='bbox 69 2267 118 2307; x_wconf 87' lang='lat' dir='ltr'>et</span> <span class='ocrx_word' id='word_1_207' title='bbox 142 2260 205 2306; x_wconf 87' lang='lat' dir='ltr'>ad</span> <span class='ocrx_word' id='word_1_208' title='bbox 244 2257 498 2322; x_wconf 86' lang='lat' dir='ltr'>publicam</span> <span class='ocrx_word' id='word_1_209' title='bbox 533 2256 799 2304; x_wconf 88' lang='lat' dir='ltr'>utilitatem</span> <span class='ocrx_word' id='word_1_210' title='bbox 838 2260 1049 2317; x_wconf 82' lang='lat' dir='ltr'>spectat,</span> <span class='ocrx_word' id='word_1_211' title='bbox 1078 2269 1191 2301; x_wconf 90' lang='lat' dir='ltr'>acer</span> <span class='ocrx_word' id='word_1_212' title='bbox 1225 2260 1275 2300; x_wconf 89' lang='lat' dir='ltr'>et</span> <span class='ocrx_word' id='word_1_213' title='bbox 1312 2259 1522 2309; x_wconf 86' lang='lat' dir='ltr'>erectus,</span> 
     </span>
     <span class='ocr_line' id='line_1_29' title="bbox 67 2328 1525 2402; baseline -0.008 -16"><span class='ocrx_word' id='word_1_214' title='bbox 67 2355 155 2402; x_wconf 88' lang='lat' dir='ltr'>per</span> <span class='ocrx_word' id='word_1_215' title='bbox 178 2338 369 2402; x_wconf 89' lang='lat' dir='ltr'>aliquot</span> <span class='ocrx_word' id='word_1_216' title='bbox 392 2351 553 2383; x_wconf 87' lang='lat' dir='ltr'>annos</span> <span class='ocrx_word' id='word_1_217' title='bbox 580 2334 720 2382; x_wconf 86' lang='lat' dir='ltr'>statis</span> <span class='ocrx_word' id='word_1_218' title='bbox 748 2331 923 2380; x_wconf 90' lang='lat' dir='ltr'>diebus</span> <span class='ocrx_word' id='word_1_219' title='bbox 949 2333 1157 2379; x_wconf 88' lang='lat' dir='ltr'>domum</span> <span class='ocrx_word' id='word_1_220' title='bbox 1183 2331 1246 2378; x_wconf 92' lang='lat' dir='ltr'>ad</span> <span class='ocrx_word' id='word_1_221' title='bbox 1274 2346 1353 2377; x_wconf 88' lang='lat' dir='ltr'>me</span> <span class='ocrx_word' id='word_1_222' title='bbox 1375 2328 1525 2376; x_wconf 89' lang='lat' dir='ltr'>venti-</span> 
     </span>
     <span class='ocr_line' id='line_1_30' title="bbox 70 2406 1527 2477; baseline -0.007 -14"><span class='ocrx_word' id='word_1_223' title='bbox 70 2415 204 2471; x_wconf 90' lang='lat' dir='ltr'>tavit,</span> <span class='ocrx_word' id='word_1_224' title='bbox 220 2423 277 2463; x_wconf 91' lang='lat' dir='ltr'>ut</span> <span class='ocrx_word' id='word_1_225' title='bbox 292 2430 407 2461; x_wconf 88' lang='lat' dir='ltr'>cum</span> <span class='ocrx_word' id='word_1_226' title='bbox 427 2413 731 2477; x_wconf 89' lang='lat' dir='ltr'>quibusdam</span> <span class='ocrx_word' id='word_1_227' title='bbox 754 2410 860 2458; x_wconf 85' lang='lat' dir='ltr'>aliis</span> <span class='ocrx_word' id='word_1_228' title='bbox 887 2408 1170 2458; x_wconf 88' lang='lat' dir='ltr'>clarissimis</span> <span class='ocrx_word' id='word_1_229' title='bbox 1190 2425 1251 2455; x_wconf 84' lang='lat' dir='ltr'>ex</span> <span class='ocrx_word' id='word_1_230' title='bbox 1274 2406 1527 2456; x_wconf 87' lang='lat' dir='ltr'>Universi-</span> 
     </span>
     <span class='ocr_line' id='line_1_31' title="bbox 70 2484 1528 2554; baseline -0.007 -13"><span class='ocrx_word' id='word_1_231' title='bbox 70 2500 172 2540; x_wconf 87' lang='lat' dir='ltr'>tate</span> <span class='ocrx_word' id='word_1_232' title='bbox 189 2492 472 2548; x_wconf 87' lang='lat' dir='ltr'>Parisiensi,</span> <span class='ocrx_word' id='word_1_233' title='bbox 486 2507 546 2538; x_wconf 87' lang='lat' dir='ltr'>ac</span> <span class='ocrx_word' id='word_1_234' title='bbox 565 2488 835 2554; x_wconf 78' lang='lat' dir='ltr'>praesertim</span> <span class='ocrx_word' id='word_1_235' title='bbox 851 2505 914 2536; x_wconf 81' lang='lat' dir='ltr'>ex</span> <span class='ocrx_word' id='word_1_236' title='bbox 931 2489 1087 2535; x_wconf 91' lang='lat' dir='ltr'>hocce</span> <span class='ocrx_word' id='word_1_237' title='bbox 1104 2485 1381 2549; x_wconf 84' lang='lat' dir='ltr'>Gymnasio</span> <span class='ocrx_word' id='word_1_238' title='bbox 1397 2484 1528 2532; x_wconf 90' lang='lat' dir='ltr'>Dor-</span> 
     </span>
     <span class='ocr_line' id='line_1_32' title="bbox 71 2564 1523 2629; baseline -0.006 -12"><span class='ocrx_word' id='word_1_239' title='bbox 71 2569 514 2617; x_wconf 86' lang='lat' dir='ltr'>mano-Bellovaco</span> <span class='ocrx_word' id='word_1_240' title='bbox 543 2565 790 2629; x_wconf 81' lang='lat' dir='ltr'>magistris</span> <span class='ocrx_word' id='word_1_241' title='bbox 818 2565 958 2613; x_wconf 91' lang='lat' dir='ltr'>Livio</span> <span class='ocrx_word' id='word_1_242' title='bbox 983 2564 1295 2613; x_wconf 87' lang='lat' dir='ltr'>recensendo</span> <span class='ocrx_word' id='word_1_243' title='bbox 1321 2578 1523 2625; x_wconf 86' lang='lat' dir='ltr'>operam</span> 
     </span>
     <span class='ocr_line' id='line_1_33' title="bbox 72 2638 1524 2711; baseline -0.007 -17"><span class='ocrx_word' id='word_1_244' title='bbox 72 2646 398 2711; x_wconf 86' lang='lat' dir='ltr'>impenderet.</span> <span class='ocrx_word' id='word_1_245' title='bbox 467 2646 608 2700; x_wconf 83' lang='lat' dir='ltr'>Quos</span> <span class='ocrx_word' id='word_1_246' title='bbox 645 2660 818 2692; x_wconf 89' lang='lat' dir='ltr'>omnes</span> <span class='ocrx_word' id='word_1_247' title='bbox 844 2643 885 2691; x_wconf 91' lang='lat' dir='ltr'>si</span> <span class='ocrx_word' id='word_1_248' title='bbox 919 2657 1307 2691; x_wconf 85' lang='lat' dir='ltr'>commemorare</span> <span class='ocrx_word' id='word_1_249' title='bbox 1332 2638 1524 2693; x_wconf 87' lang='lat' dir='ltr'>vellem,</span> 
     </span>
     <span class='ocr_line' id='line_1_34' title="bbox 72 2716 1524 2787; baseline -0.008 -14"><span class='ocrx_word' id='word_1_250' title='bbox 72 2732 122 2773; x_wconf 91' lang='lat' dir='ltr'>et</span> <span class='ocrx_word' id='word_1_251' title='bbox 146 2724 340 2773; x_wconf 87' lang='lat' dir='ltr'>meritas</span> <span class='ocrx_word' id='word_1_252' title='bbox 365 2723 544 2787; x_wconf 90' lang='lat' dir='ltr'>cuique</span> <span class='ocrx_word' id='word_1_253' title='bbox 567 2722 816 2786; x_wconf 89' lang='lat' dir='ltr'>impertire</span> <span class='ocrx_word' id='word_1_254' title='bbox 849 2721 1040 2778; x_wconf 83' lang='lat' dir='ltr'>laudes,</span> <span class='ocrx_word' id='word_1_255' title='bbox 1069 2734 1237 2768; x_wconf 74' lang='lat' dir='ltr'>vereor</span> <span class='ocrx_word' id='word_1_256' title='bbox 1260 2733 1321 2764; x_wconf 88' lang='lat' dir='ltr'>ne</span> <span class='ocrx_word' id='word_1_257' title='bbox 1343 2716 1394 2763; x_wconf 91' lang='lat' dir='ltr'>in</span> <span class='ocrx_word' id='word_1_258' title='bbox 1419 2716 1524 2763; x_wconf 90' lang='lat' dir='ltr'>lon-</span> 
     </span>
     <span class='ocr_line' id='line_1_35' title="bbox 71 2800 913 2866; baseline -0.002 -17"><span class='ocrx_word' id='word_1_259' title='bbox 71 2819 189 2865; x_wconf 78' lang='lat' dir='ltr'>gum</span> <span class='ocrx_word' id='word_1_260' title='bbox 215 2802 581 2866; x_wconf 86' lang='lat' dir='ltr'>protraheretur</span> <span class='ocrx_word' id='word_1_261' title='bbox 606 2800 761 2849; x_wconf 89' lang='lat' dir='ltr'>oratio</span> <span class='ocrx_word' id='word_1_262' title='bbox 788 2816 913 2849; x_wconf 87' lang='lat' dir='ltr'>mea.</span> 
     </span>
    </p>
   </div>
   <div class='ocr_carea' id='block_1_3' title="bbox 1520 252 1665 281">
    <p class='ocr_par' dir='ltr' id='par_1_7' title="bbox 1520 252 1665 281">
     <span class='ocr_line' id='line_1_36' title="bbox 1520 252 1665 281; baseline -0.008 0"><span class='ocrx_word' id='word_1_263' title='bbox 1520 252 1600 281; x_wconf 83' lang='lat' dir='ltr'>Viva</span> <span class='ocrx_word' id='word_1_264' title='bbox 1615 258 1665 281; x_wconf 60' lang='lat' dir='ltr'>cti«</span> 
     </span>
    </p>
   </div>
   <div class='ocr_carea' id='block_1_4' title="bbox 1521 297 1697 323">
    <p class='ocr_par' dir='ltr' id='par_1_8' title="bbox 1521 297 1697 323">
     <span class='ocr_line' id='line_1_37' title="bbox 1521 297 1697 323; baseline -0.006 0"><span class='ocrx_word' id='word_1_265' title='bbox 1521 305 1576 323; x_wconf 79' lang='lat' dir='ltr'>V&#39;O(</span> <span class='ocrx_word' id='word_1_266' title='bbox 1580 306 1595 323; x_wconf 75' lang='lat' dir='ltr'>C</span> <span class='ocrx_word' id='word_1_267' title='bbox 1613 297 1697 323; x_wconf 68' lang='lat' dir='ltr'>moni</span> 
     </span>
    </p>
   </div>
   <div class='ocr_carea' id='block_1_5' title="bbox 1521 339 1693 417">
    <p class='ocr_par' dir='ltr' id='par_1_9' title="bbox 1521 339 1693 417">
     <span class='ocr_line' id='line_1_38' title="bbox 1521 339 1693 417; baseline -0.006 -51"><span class='ocrx_word' id='word_1_268' title='bbox 1521 339 1621 417; x_wconf 57' lang='lat' dir='ltr'>tilstpi</span> <span class='ocrx_word' id='word_1_269' title='bbox 1649 340 1693 366; x_wconf 76' lang='lat' dir='ltr'>id-</span> 
     </span>
    </p>
   </div>
   <div class='ocr_carea' id='block_1_6' title="bbox 1597 391 1709 428">
    <p class='ocr_par' dir='ltr' id='par_1_10' title="bbox 1597 391 1709 428">
     <span class='ocr_line' id='line_1_39' title="bbox 1597 391 1709 428; baseline 0 -20"><span class='ocrx_word' id='word_1_270' title='bbox 1597 391 1709 428; x_wconf 55' lang='grc'><strong>8111111155</strong></span> 
     </span>
    </p>
   </div>
   <div class='ocr_carea' id='block_1_7' title="bbox 1520 384 1711 494">
    <p class='ocr_par' dir='ltr' id='par_1_11' title="bbox 1520 384 1684 494">
     <span class='ocr_line' id='line_1_40' title="bbox 1520 384 1610 452; baseline 0 -1"><span class='ocrx_word' id='word_1_271' title='bbox 1520 384 1569 452; x_wconf 65' lang='lat' dir='ltr'>lclxi</span> <span class='ocrx_word' id='word_1_272' title='bbox 1560 424 1610 451; x_wconf 55' lang='lat' dir='ltr'>iris</span> 
     </span>
     <span class='ocr_line' id='line_1_41' title="bbox 1522 433 1711 494; baseline 0 -1"><span class='ocrx_word' id='word_1_273' title='bbox 1522 475 1547 493; x_wconf 72' lang='lat' dir='ltr'>ri</span> <span class='ocrx_word' id='word_1_274' title='bbox 1549 475 1590 493; x_wconf 77' lang='lat' dir='ltr'>ini</span> <span class='ocrx_word' id='word_1_275' title='bbox 1612 433 1711 494; x_wconf 67' lang='lat' dir='ltr'>lliii⁴</span> 
     </span>
    </p>
   </div>
   <div class='ocr_carea' id='block_1_8' title="bbox 1523 509 1679 607">
    <p class='ocr_par' dir='ltr' id='par_1_12' title="bbox 1523 509 1679 579">
     <span class='ocr_line' id='line_1_42' title="bbox 1523 509 1679 536; baseline -0.008 0"><span class='ocrx_word' id='word_1_276' title='bbox 1523 509 1679 536; x_wconf 67' lang='lat' dir='ltr'>v·1·itstzi›,1t</span> 
     </span>
     <span class='ocr_line' id='line_1_43' title="bbox 1524 550 1641 607; baseline 0.012 -29"><span class='ocrx_word' id='word_1_277' title='bbox 1524 550 1641 607; x_wconf 71' lang='lat' dir='ltr'>Puirsie</span> 
     </span>
    </p>
   </div>
   <div class='ocr_carea' id='block_1_9' title="bbox 1522 595 1675 664">
    <p class='ocr_par' dir='ltr' id='par_1_13' title="bbox 1522 595 1675 664">
     <span class='ocr_line' id='line_1_44' title="bbox 1522 595 1675 630; baseline 0 -9"><span class='ocrx_word' id='word_1_278' title='bbox 1522 601 1578 630; x_wconf 85' lang='lat' dir='ltr'>pro</span> <span class='ocrx_word' id='word_1_279' title='bbox 1561 595 1616 621; x_wconf 78' lang='lat' dir='ltr'>o&#39;.l</span> <span class='ocrx_word' id='word_1_280' title='bbox 1594 603 1675 621; x_wconf 50' lang='lat' dir='ltr'>sssss</span> 
     </span>
     <span class='ocr_line' id='line_1_45' title="bbox 1522 644 1604 664; baseline 0 0"><span class='ocrx_word' id='word_1_281' title='bbox 1522 644 1604 664; x_wconf 74' lang='lat' dir='ltr'>rum·</span> 
     </span>
    </p>
   </div>
   <div class='ocr_carea' id='block_1_10' title="bbox 1524 693 1689 730">
    <p class='ocr_par' dir='ltr' id='par_1_14' title="bbox 1524 693 1689 730">
     <span class='ocr_line' id='line_1_46' title="bbox 1524 693 1689 730; baseline -0.006 -8"><span class='ocrx_word' id='word_1_282' title='bbox 1524 693 1560 722; x_wconf 88' lang='lat' dir='ltr'>In</span> <span class='ocrx_word' id='word_1_283' title='bbox 1579 694 1670 730; x_wconf 85' lang='lat' dir='ltr'>prim</span> <span class='ocrx_word' id='word_1_284' title='bbox 1664 694 1689 721; x_wconf 70' lang='lat' dir='ltr'>is</span> 
     </span>
    </p>
   </div>
   <div class='ocr_carea' id='block_1_11' title="bbox 1670 553 1708 580">
    <p class='ocr_par' dir='ltr' id='par_1_15' title="bbox 1670 553 1708 580">
     <span class='ocr_line' id='line_1_47' title="bbox 1670 553 1708 580; baseline 0 0"><span class='ocrx_word' id='word_1_285' title='bbox 1670 553 1708 580; x_wconf 65' lang='lat' dir='ltr'>§lS</span> 
     </span>
    </p>
   </div>
   <div class='ocr_carea' id='block_1_12' title="bbox 1524 736 1695 765">
    <p class='ocr_par' dir='ltr' id='par_1_16' title="bbox 1524 736 1695 765">
     <span class='ocr_line' id='line_1_48' title="bbox 1524 736 1695 765; baseline -0.006 0"><span class='ocrx_word' id='word_1_286' title='bbox 1524 736 1571 765; x_wconf 89' lang='grc' dir='ltr'>Μ.</span> <span class='ocrx_word' id='word_1_287' title='bbox 1590 736 1695 764; x_wconf 81' lang='lat' dir='ltr'>C1r01i</span> 
     </span>
    </p>
   </div>
   <div class='ocr_carea' id='block_1_13' title="bbox 1524 779 1641 808">
    <p class='ocr_par' dir='ltr' id='par_1_17' title="bbox 1524 779 1641 808">
     <span class='ocr_line' id='line_1_49' title="bbox 1524 779 1641 808; baseline -0.009 0"><span class='ocrx_word' id='word_1_288' title='bbox 1524 779 1641 808; x_wconf 85' lang='lat' dir='ltr'>Rollin.</span> 
     </span>
    </p>
   </div>
  </div>
 </body>
</html>
