1826 3149
317 79 365 113 8‘2
857 75 993 113 TITI
1033 74 1197 112 LIVII

108 195 284 225 U.C.531.
317 193 436 240 tergo
470 184 760 226 Macedoniam
793 192 920 240 atque
954 184 1227 240 Magnesiam.
1289 183 1361 224 Ad
1394 183 1468 223 has
1488 182 1732 238 opportuni-

106 239 195 267 AC.
215 238 283 267 171.
318 249 424 282 tates
453 241 611 283 accedit
642 256 802 282 summa
843 241 1064 282 salubritas
1093 248 1135 282 et
1165 239 1297 296 copia,
1328 239 1520 296 pluribus
1560 238 1734 279 circum-

313 298 436 354 jectis
458 298 659 347 fontibus,
682 297 925 354 perennium
947 312 1164 353 aquarum.

107 361 235 393 Cos.ad
254 371 305 409 γε·
377 356 467 396 LV.
502 355 659 396 Consul
693 356 923 404 Romanus,
977 369 1020 394 er
1052 353 1217 395 eosdem
1237 354 1325 395 dies
1358 352 1619 394 Thessaliam
1639 367 1735 392 cum

105 416 174 445 gem
191 405 287 436 vadn.
318 412 503 454 exercitu
535 420 693 468 petens,
716 410 794 452 iter
826 369 1070 466 expeditum
1102 410 1237 466 primo
1257 426 1332 467 per
1360 410 1539 466 Epirum
1560 408 1733 450 habuit:

319 469 483 519 deinde,
505 476 727 524 postquam
747 467 790 508 in
811 467 1108 509 Athamaniam
1130 476 1192 509 est
1219 476 1514 523 transgressus,
1536 466 1670 522 asperi
1690 480 1737 506 ac

319 541 449 582 prope
484 525 583 566 invii
620 524 709 575 soli,
742 540 838 565 cum
874 524 1032 580 ingenti
1068 524 1313 566 difficultate
1345 523 1484 580 parvis
1519 522 1737 564 itineribus

321 598 431 638 aegre
463 581 679 637 Gomphos
712 581 922 637 pervenit:
970 581 1036 622 cui
1067 581 1115 632 si,
1147 580 1307 622 vexatis
1335 580 1573 621 hominibus
1603 579 1739 635 equis-

320 655 417 695 que,
440 638 614 680 tironem
646 638 876 679 exercitum
907 638 1077 679 ducenti
1099 638 1184 679 acie
1205 638 1409 679 instructa
1428 645 1470 679 et
1490 636 1580 677 loco
1601 649 1677 677 suo
1697 644 1738 677 et

321 705 506 752 tempore
537 694 764 736 obstitisset
797 710 886 745 rex,
907 710 958 736 ne
990 695 1170 736 Romani
1192 694 1363 750 quidem
1395 693 1604 744 abnuunt,
1624 708 1739 749 mag-

318 768 371 793 na
392 767 467 793 sua
497 767 593 793 cum
625 751 741 792 clade
773 751 900 792 fuisse
932 760 1205 808 pugnaturos.
1267 753 1498 807 Postquam
1521 750 1740 806 Gomphos

318 809 403 850 sine
424 808 646 850 certamine
667 816 839 849 ventum
861 816 937 859 est,
959 817 1113 864 praeter
1133 808 1336 864 gaudium
1368 806 1588 864 periculosi
1610 806 1741 848 saltus

319 865 517 922 superati,
539 873 773 906 contemtus
806 881 975 921 quoque
1007 866 1206 915 hostium,
1228 865 1332 906 adeo
1364 863 1646 920 ignorantium
1667 878 1742 919 op-

320 922 599 979 portunitates
627 937 736 972 suas,
769 922 950 963 accessit.
1015 921 1223 962 Sacrificio
1254 921 1333 963 rite
1353 921 1554 977 perfecto,
1580 920 1739 971 consul,

320 988 362 1021 et
382 980 593 1020 frumento
614 978 713 1020 dato
745 978 964 1030 militibus,
986 993 1141 1035 paucos
1161 978 1216 1019 ad
1236 978 1422 1035 requiem
1448 978 1739 1041 jumentorum

320 1036 620 1091 hominumque
648 1043 834 1076 moratus
855 1035 957 1086 dies,
979 1051 1112 1091 quum
1134 1035 1297 1077 audiret
1320 1050 1463 1090 vagari
1485 1034 1740 1075 Macedonas

320 1093 472 1134 effusos
492 1106 565 1148 per
589 1092 864 1143 Thessaliam,
886 1092 1123 1148 vastarique
1145 1091 1349 1133 sociorum
1371 1107 1507 1147 agros,
1530 1090 1628 1132 satis
1650 1092 1740 1147 jam

321 1150 524 1191 refectum
545 1148 719 1190 militem
740 1149 794 1190 ad
817 1149 1026 1190 Larissam
1061 1148 1190 1190 ducit.
1253 1149 1374 1198 Inde,
1396 1163 1529 1204 quum
1550 1148 1631 1189 tria
1650 1147 1741 1188 mil-

321 1207 377 1248 lia
407 1208 536 1249 ferme
569 1206 730 1247 abesset
751 1221 776 1246 a
798 1205 978 1261 Tripoli,
1003 1206 1167 1258 (Sceam
1189 1208 1358 1260 vocant)
1394 1220 1519 1261 super
1553 1205 1740 1246 Peneum

108 1273 256 1303 Eumenis
320 1278 483 1305 amnem
504 1262 644 1305 Dosuit
666 1270 811 1303 castra.
876 1264 957 1303 Per
977 1263 1087 1303 idem
1108 1271 1274 1318 tempus
1308 1263 1519 1303 Eumenes
1540 1261 1593 1302 ad
1616 1261 1742 1303 Chal-

105 1316 267 1348 adventus.
319 1319 452 1362 cidem
482 1311 659 1363 n‘avibus
691 1319 859 1360 accessit
901 1335 997 1360 cum
1027 1319 1177 1361 Attalo
1206 1328 1334 1375 atque
1365 1319 1575 1359 Athenaeo
1604 1318 1744 1360 fratri-

319 1377 413 1427 bus,
447 1376 672 1417 Philetaero
712 1376 842 1417 fratre
882 1376 1026 1418 relicto
1068 1376 1261 1431 Pergami
1297 1376 1351 1417 ad
1393 1375 1569 1417 tutelam
1609 1375 1739 1432 regni.

318 1433 415 1475 inde
446 1448 542 1474 eum
573 1432 723 1473 Attalo
753 1440 794 1473 et
825 1440 1008 1488 quatuor
1032 1432 1216 1473 millibus
1245 1432 1452 1488 peditum,
1483 1432 1595 1473 mille
1625 1433 1741 1488 equi-

316 1499 424 1541 tum,
446 1490 500 1532 ad
520 1489 730 1531 consulem
752 1489 878 1530 venit.
941 1489 1140 1531 Chalcide
1171 1489 1314 1530 relicta
1349 1489 1434 1530 duo
1466 1489 1596 1530 millia
1626 1490 1742 1545 pedi-

104 1550 178 1598 Alia
195 1551 282 1582 auxi·
318 1556 425 1598 tum,
448 1546 603 1605 quibus
633 1546 859 1586 athenaeus
891 1546 1153 1602 praepositus.
1215 1547 1275 1587 Et
1307 1545 1388 1587 alia
1419 1546 1564 1587 eodem
1585 1546 1742 1588 auxilia

104 1594 157 1624 ¹¹²¹·
320 1604 523 1645 Romanis
541 1602 808 1657 ez'onmibus
833 1602 1021 1658 undique
1045 1602 1222 1644 Graeciae
1242 1602 1410 1658 populis
1441 1612 1740 1655 convenerunt,

318 1675 499 1716 quorum
520 1659 720 1715 pleraque
755 1659 878 1710 (adeo
898 1673 1029 1713 parva
1048 1661 1186 1713 erant)
1209 1659 1250 1699 in
1271 1659 1520 1700 oblivionem
1542 1659 1738 1702 adducta.

319 1716 603 1774 Apolloniatae
644 1723 849 1756 trecentos
890 1715 1066 1770 equites,
1107 1723 1275 1757 centum
1321 1715 1483 1771 pedites
1523 1715 1738 1759 miserunt.

321 1773 563 1819 JEthomm
584 1772 700 1813 ⁸⁶alae
722 1771 845 1813 unius
875 1771 1020 1822 instar,
1042 1781 1249 1828 quantum
1280 1772 1321 1812 in
1352 1781 1442 1814 tota
1470 1781 1595 1828 gente
1624 1774 1740 1829 equi-

320 1839 412 1872 tum
432 1838 535 1881 erat,
553 1837 775 1870 venerant:
808 1836 849 1870 ct
873 1828 906 1855 ⁸⁷
915 1828 1213 1870 Thessalorum
1234 1828 1367 1870 omnis
1388 1831 1604 1885 equitatus
1624 1845 1740 1886 sepa-

316 1895 435 1930 ratus
454 1894 554 1928 erat.
586 1901 667 1926 non
689 1885 784 1941 plus
811 1900 938 1940 quam
971 1885 1145 1927 trecenti
1176 1893 1293 1927 erant
1326 1886 1488 1941 equites
1520 1886 1563 1926 in
1594 1887 1740 1929 castris

318 1943 530 1985 Romanis.
591 1941 739 1983 Achaei
766 1941 1004 1998 juventutis
1037 1957 1138 1994 suae,
1162 1942 1328 1984 Cretico
1359 1942 1538 1984 maxime
1558 1952 1738 1996 armatu,

320 2000 373 2041 ad
394 2000 506 2041 mille
527 1999 746 2040 dederunt.

106 2059 268 2113 ,Lae-retius
376 2057 494 2097 LVI.
529 2057 616 2097 Sub
647 2056 757 2097 idem
785 2065 951 2112 tempus
981 2065 1022 2098 et
1046 2057 1093 2098 C.
1113 2056 1339 2098 Lucretius
1370 2066 1541 2113 praetor,
1564 2057 1638 2114 qui
1670 2073 1741 2100 nae

104 2103 201 2175 ἔξω
213 2104 305 2133 Boeo-
320 2113 441 2155 vibus
478 2121 657 2193 praeerat
698 2113 752 2153 ad
789 2113 1116 2169 Cephalleniam,
1154 2114 1217 2154 M.
1242 2114 1442 2156 Lucretio
1479 2114 1608 2156 fratre
1642 2130 1740 2157 cum

152 2168 160 2177 ’
319 2170 446 2212 classe
496 2169 643 2225 3super
676 2169 860 2210 Maleam
896 2170 1137 2211 Chalcidem
1172 2171 1290 2226 jusso
1322 2179 1478 2227 petere,
1500 2171 1588 2227 ipse
1622 2171 1741 2213 trire-

320 2242 427 2268 mem
461 2225 713 2276 conscendit,
736 2226 872 2267 sinum
896 2226 1162 2268 Corinthium
1195 2235 1340 2283 petens
1361 2228 1414 2268 ad
1445 2243 1739 2284 praeoccupan-

320 2284 394 2325 das
414 2284 456 2324 in
479 2282 644 2324 Boeotia
664 2298 739 2323 res.
769 2283 927 2324 tardior
948 2284 985 2324 ei
1006 2283 1218 2339 navigatio
1250 2292 1422 2340 propter
1454 2284 1738 2327 infirmitatem

319 2339 501 2396 corporis
528 2339 622 2380 fuit.
685 2340 748 2379 M.
765 2339 1004 2391 Lucretius,
1029 2340 1271 2381 Chalcidem
1302 2340 1540 2392 adveniens,
1561 2356 1694 2397 quum
1715 2357 1741 2383 a

321 2399 368 2438 P.
389 2396 572 2438 Lentulo
595 2395 836 2437 Haliartum
861 2396 1096 2452 obpugnari
1128 2397 1327 2447 audisset,
1348 2397 1564 2448 nuncium,
1585 2407 1739 2453 praeto-

319 2453 375 2494 ris
395 2452 545 2503 verbis,
568 2451 642 2508 qui
675 2452 894 2494 abscedere
926 2468 1021 2494 eum
1054 2453 1151 2494 inde
1179 2453 1363 2509 juberet,
1386 2453 1508 2495 misit.
1571 2455 1739 2497 Boeoto-

361 2578 500 2608 86*Aloe
521 2578 611 2606 unius
632 2577 742 2617 instar]
772 2576 819 2606 Ex
843 2576 873 2607 vi
896 2577 1003 2607 verbo-
1049 2587 1171 2619 nempe,
1187 2588 1283 2618 quum
1304 2576 1336 2607 in
1359 2576 1521 2608 Thessalia
1543 2577 1659 2609 bellurn
1682 2590 1737 2620 ge-

318 2631 397 2657 rum,
414 2620 516 2661 imago
539 2630 575 2650 ac
599 2619 719 2660 speeies
745 2617 836 2649 unius
859 2619 940 2650 alae:
973 2619 1004 2650 id
1049 2626 1176 2657 reretur,
1191 2630 1246 2662 per
1267 2630 1391 2651 omnem
1412 2619 1568 2660 regionem
1591 2620 1736 2653 distribu-

319 2669 375 2699 est,
400 2673 462 2694 una
484 2662 704 2705 propemodum
728 2661 790 2692 ala.
843 2663 899 2692 Ala
922 2662 1005 2703 apud
1050 2668 1137 2693 erant
1160 2673 1239 2699 sese,
1255 2668 1290 2693 ut
1304 2662 1406 2693 varias
1427 2662 1494 2704 ejus
1508 2668 1611 2704 partes
1627 2663 1735 2695 adver-

320 2706 479 2737 Romanos
505 2711 712 2736 trecentorum
741 2704 835 2734 ferme
865 2705 1004 2746 equitum
1049 2716 1100 2736 sus
1115 2711 1298 2747 praesentem
1314 2705 1434 2735 hostem
1448 2711 1619 2738 tuerentur.

319 2755 395 2779 erat.
1093 2748 1265 2787 88*Super
1287 2747 1431 2788 stIaleanz]
1457 2748 1638 2791 superando
1661 2751 1734 2780 Ma-

363 2792 401 2821 87
436 2792 630 2821 Thessalmwm
667 2791 756 2819 onmis
793 2792 936 2829 equitatus
965 2801 1004 2819 se-
1050 2791 1131 2822 leam
1147 2790 1398 2833 promontorium.
1736 2794 1739 2798 '

319 2841 438 2871 paratas
464 2834 542 2873 erat]
569 2834 639 2864 Huc
664 2833 737 2863 illuc
761 2843 899 2874 sparsus:
933 2833 1005 2873 quia
