1816 3159
343 84 457 122 cxxiv
956 83 1203 122 ELOGIA

340 193 642 250 concionesque
681 207 828 249 regum
867 207 915 234 ac
953 193 1111 235 ducum
1152 207 1203 235 ex
1241 194 1295 234 Τ.
1331 193 1456 235 Livio
1489 194 1789 246 circumferret,

343 251 608 306 (interemit.)

932 309 1204 349 Plutarchus.

396 365 707 411 Auctoritatem
722 363 834 405 Livii
848 363 1021 406 adducit
1034 365 1076 405 in
1091 365 1189 406 vitis
1208 364 1387 415 Camilli,
1403 364 1610 415 Marcelli,
1620 365 1791 407 Catonis

340 422 533 477 Majoris,
566 421 806 472 Flaminini,
832 421 974 473 Sullae,
1008 421 1194 473 Luculli,
1218 422 1408 473 Caesaris,
1429 422 1530 463 item
1560 422 1792 478 quaestione

341 478 532 520 Romana
553 481 619 520 25.
646 478 718 519 sed
740 478 824 519 sine
845 478 991 534 elogio.

395 537 618 577 Martialis
637 538 703 577 lib.
726 535 851 577 XIV.
874 537 1027 590 Epigr.
1051 536 1145 580 190.
1168 537 1218 577 de
1238 537 1356 577 Livio
1376 538 1424 578 in
1444 538 1704 578 membranis.

453 593 644 634 Pellibus
663 593 828 649 exiguis
848 601 1034 635 arctatur
1056 592 1204 634 Livius
1223 593 1384 649 ingens,

510 651 647 701 Quem
668 665 761 692 mea
779 665 861 691 non
883 658 1019 691 totum
1040 649 1294 692 bibliotheca
1314 650 1437 708 capit.

695 709 868 749 Plinius
887 708 1061 758 Junior,
1083 709 1149 748 lib.
1172 710 1235 748 II.
1258 709 1375 761 epist.
1397 709 1436 748 3.

396 763 682 820 Nunquamne
702 763 855 820 legisti,
879 765 1139 805 Gaditanum
1161 765 1401 820 quemdam,
1421 764 1474 805 Τ.
1493 765 1606 806 Livii
1626 765 1791 806 nomine

337 819 558 877 gloriaque
587 830 857 872 commotum,
878 822 933 862 ad
953 821 1171 862 visendum
1201 837 1296 862 eum
1327 822 1380 863 ab
1408 821 1557 862 ultimo
1587 830 1791 863 terrarum

339 877 439 918 orbe
460 878 635 928 venisse,
658 878 899 934 statimque.
922 887 971 920 ut
992 878 1168 929 viderat,
1190 879 1362 919 abiisse?

424 936 595 977 Statius
608 937 837 989 Papinius,
852 937 916 976 lib.
932 937 961 977 I
967 937 1006 976 V.
1022 938 1135 988 Sylv.
1152 937 1189 978 7.
1205 938 1261 976 ad
1272 938 1329 977 M
1328 938 1514 977 aoeimum
1527 938 1563 977 J
1563 936 1724 977 unium.

456 992 538 1033 Sed
560 1000 653 1033 tuas
674 1001 783 1034 artes
803 1007 910 1048 puer
930 1001 1026 1034 ante
1046 993 1194 1043 discat,

455 1050 589 1090 Omne
610 1050 705 1105 quis
727 1050 873 1090 mundi
896 1051 1057 1090 senium
1077 1065 1304 1099 remensus,

455 1106 561 1147 Orsa
584 1106 756 1147 Sallusti
776 1106 929 1157 brevis,
951 1116 991 1148 et
1015 1106 1184 1147 Timavi

569 1163 731 1204 Reddis
751 1163 980 1203 alumnum.

422 1220 642 1269 Justinus,
660 1222 734 1272 qui
755 1221 945 1273 Trogum
960 1223 1185 1270 contrarii,
1203 1222 1267 1261 lib.
1286 1222 1566 1262 XXXVIII.
1585 1223 1747 1263 Histor.

1015 1292 1104 1331 cap.
1128 1279 1165 1317 3.

397 1333 624 1388 Pompeius
647 1334 817 1388 Trogus
833 1333 876 1373 in
898 1333 1023 1374 Livio
1038 1334 1138 1375 etin
1162 1333 1358 1375 Sallustio
1379 1335 1658 1390 reprehendit,
1676 1336 1792 1391 quod

337 1389 553 1430 conciones
583 1389 761 1431 directas
782 1406 859 1446 pro
880 1406 956 1431 sua
975 1391 1160 1432 oratione
1181 1391 1294 1446 operi
1317 1407 1392 1431 suo
1412 1391 1642 1441 inserendo,
1664 1392 1792 1434 histo-

338 1445 411 1486 riae
431 1446 603 1487 modum
625 1446 886 1488 excesserint.

707 1505 926 1545 Ausonius
946 1506 995 1545 de
1016 1507 1237 1558 Staphyla>
1256 1507 1428 1547 rhetore.

397 1560 678 1602 Grammatice
717 1561 771 1602 ad
825 1563 1027 1602 Scaurum
1067 1570 1196 1618 atque
1238 1563 1442 1613 Probum,
1482 1563 1790 1619 promptissime

338 1616 494 1658 rhetor.

453 1674 685 1716 Historiam
707 1675 857 1716 callens
879 1676 991 1716 Livii
1012 1685 1054 1717 et
1076 1676 1295 1718 Herodoti.

700 1734 880 1773 Flavius
908 1735 1104 1787 Vopiscus
1124 1736 1172 1774 in
1191 1735 1435 1775 Aureliano.

395 1788 621 1830 Asserente
652 1789 895 1839 Tiberiano,
927 1790 1042 1846 quod
1074 1791 1208 1831 Pollio
1242 1791 1377 1832 multa
1404 1791 1624 1841 incuriose,
1658 1792 1792 1833 multa

337 1844 521 1886 breviter
540 1846 810 1902 prodidisset3
844 1862 909 1888 me
930 1856 1074 1889 contra
1094 1847 1270 1897 dicente,
1292 1848 1496 1888 neminem
1525 1848 1790 1903 scriptorum,

338 1910 546 1957 quantum
575 1903 630 1944 ad
658 1903 874 1945 historiam
903 1904 1099 1960 pertinet,
1127 1920 1209 1945 non
1239 1904 1401 1960 aliquid
1431 1920 1517 1946 esse
1546 1905 1788 1954 mentitum;

338 1958 541 2013 prodente
563 1960 665 2015 quin
687 1960 825 2011 etiam,
848 1960 889 2001 in
911 1976 997 2017 quo
1026 1961 1190 2012 Livius,
1211 1962 1254 2002 in
1276 1978 1361 2018 quo
1385 1961 1620 2012 Sallustius,
1641 1961 1684 2002 in
1705 1978 1792 2019 quo

341 2015 559 2058 Cornelius
582 2017 772 2067 Tacitus,
789 2017 831 2057 in
852 2033 937 2073 quo
957 2018 1138 2074 denique
1161 2020 1346 2074 Trogus,
1362 2018 1591 2060 manifestis
1614 2019 1791 2061 testibus

339 2072 696 2125 convincerentur,
726 2074 905 2130 pedibus
934 2074 976 2115 in
1008 2075 1253 2117 sententiam
1288 2076 1510 2117 transitum
1545 2075 1713 2127 faciens,
1743 2090 1791 2117 ac

123 2141 327 2171 *Salmasius
339 2143 509 2171 manum
543 2130 759 2187 porrigens
795 2132 1060 2188 *jucundam
1101 2141 1317 2189 praeterea,
1354 2135 1511 2183 Scribe,
1552 2132 1705 2189 inquit,
1740 2139 1792 2174 ut

124 2185 312 2257 {agit-focan·
340 2186 453 2228 libet:
482 2202 656 2229 securus
670 2190 780 2242 quod
791 2192 891 2230 velis
906 2191 933 2230 d
936 2192 1033 2240 icas,
1049 2192 1274 2231 habiturus
1288 2192 1598 2232 mendaciorum
1612 2193 1789 2241 comites,

340 2258 442 2297 quos
460 2246 670 2286 historicae
689 2248 937 2300 eloquentice
956 2249 1163 2288 miramur
1183 2253 1382 2288 (erectores.

892 2305 1010 2345 Idem
1029 2306 1077 2344 in
1097 2305 1240 2345 Probo.

399 2359 474 2399 Cn.
499 2359 747 2415 Pompeium
778 2359 913 2401 tribus
942 2361 1175 2415 fulgentem
1205 2360 1443 2417 triumphis,
1474 2360 1570 2401 belli
1602 2359 1787 2411 Piratici,

338 2413 437 2455 belli
460 2416 698 2466 Sertoriani,
719 2416 815 2457 belli
846 2417 1141 2468 Mithridatici,
1163 2418 1476 2473 multarumque
1496 2433 1636 2457 rerum
1655 2425 1790 2472 gesta-

339 2486 435 2511 rum
464 2472 680 2527 majestate
716 2474 949 2524 sublimem,
981 2474 1075 2530 quis
1106 2475 1272 2516 tandem
1303 2483 1455 2525 nosset,
1486 2473 1562 2514 nisi
1594 2489 1689 2515 eum
1724 2475 1788 2514 M.

343 2527 528 2579 Tullius,
550 2537 591 2570 et
615 2530 667 2569 T.
692 2529 840 2571 Livius
860 2530 902 2571 in
922 2531 1082 2573 litteras
1102 2532 1364 2573 retulissent?

948 2590 1067 2630 Idem
1086 2590 1181 2629 ibid.

398 2642 458 2683 Et
486 2641 587 2683 mihi
618 2642 788 2698 quidem
818 2643 862 2683 id
892 2645 1017 2685 animi
1047 2645 1144 2695 fuit,
1174 2660 1257 2685 non
1289 2653 1336 2686 ut
1369 2644 1601 2695 Sallustios,
1629 2643 1788 2695 Livios‚

343 2697 529 2748 Tacitos,
553 2700 732 2755 Trogos,
754 2708 882 2756 atque
911 2717 1053 2742 omnes
1083 2701 1371 2743 disertissimos
1398 2701 1581 2742 imitarer
1602 2701 1725 2750 viros,
1746 2701 1788 2741 in

340 2753 428 2796 vita
457 2756 699 2812 Principum
721 2765 763 2798 et
785 2757 1044 2814 temporibus
1073 2758 1315 2812 dirigendis,
1339 2758 1409 2799 sed
1432 2757 1618 2798 Marium
1651 2757 1790 2798 Maxi-

340 2825 470 2863 mum,
504 2813 749 2856 Suetonium
782 2814 1095 2870 Tranquillum,
1128 2812 1307 2857 Fabium
1340 2815 1647 2864 Marcellinum,
1683 2813 1788 2855 Gar-
