1805 3174
448 71 835 110 HISTORIARUM
868 70 1082 109 LIBROS.

102 184 218 213 bentur
242 184 338 212 redire
361 184 502 218 domum,
518 186 573 219 39,
590 187 619 211 3.
637 190 746 211 eorum

101 228 233 264 querelae
250 227 282 255 in
299 231 422 264 senatu,
440 231 494 263 41,
514 230 561 255 12.
575 228 611 255 dc
627 226 749 255 Latinis

102 270 149 299 lex
168 271 243 305 lata,
266 275 313 299 13.

64 313 178 342 Latina
195 314 257 349 ria,
274 314 335 342 vid.
353 314 421 343 Via.

60 357 181 385 Latinae
198 357 341 393 coloniae,
357 361 411 393 34,
429 360 481 386 53.

63 400 183 429 Latium
207 401 303 437 seriae,
322 406 353 437 5,
375 405 422 432 17.
440 404 470 428 et
490 402 537 429 19.
555 402 609 434 21,
625 400 677 428 63.
695 403 747 432 22,

108 447 133 471 1.
151 447 262 472 tenent
285 444 427 473 consules
450 447 660 481 praetoresque
685 442 748 470 Ro-

104 497 161 515 ma.
180 496 277 524 nsque
294 491 366 516 ante
383 487 463 516 diem
481 486 626 524 quintum
643 486 750 514 kalen-

104 531 158 559 das
183 531 294 564 Maias,
319 535 372 565 25,
402 534 449 558 11.
475 530 599 558 decreto
622 529 750 567 pontifi-

104 583 175 602 cum
187 573 472 611 instauratae‚quod
481 573 669 602 Ardeatibus
681 581 751 601 caro

105 617 178 645 data
195 626 256 646 uon
275 618 386 651 fuerat,
404 620 459 653 32,
481 620 507 646 1.
523 617 584 646 vid.
603 620 629 645 et
647 621 702 653 37,
719 620 749 645 3.

105 664 132 689 et
149 664 204 696 41,
223 665 274 689 20.

63 704 184 734 Latinoe
198 707 271 732 ante
283 703 364 733 diem
380 703 507 732 tertium
525 711 624 733 nonas
637 703 750 737 Maias,

106 750 162 782 41,
183 750 235 777 ρο.

83 806 128 814 --
144 790 270 819 indictae
300 799 337 818 ex
363 789 592 819 instauratione
618 791 651 818 in
679 794 752 819 ante

105 834 187 863 diem
210 833 338 862 tertium
357 833 426 862 idus
444 834 587 870 Sextiles,
604 834 682 865 ibid.
696 835 751 864 ka-

110 877 209 906 lendis
224 877 331 905 Juniis
347 877 447 911 factae,
464 881 519 913 42,
535 882 586 907 35.

84 939 127 945 —
143 920 240 959 pridie
256 920 404 949 kalendas
422 921 549 959 Aprilis,
566 925 621 957 44,
639 925 690 949 22.

85 980 129 986 --
145 965 178 992 in
207 968 279 992 ante
307 967 467 1001 quartum,
493 969 524 993 ct
551 965 695 1002 tertium,
721 968 753 994 et

108 1007 206 1046 pridie
222 1008 290 1036 idus
307 1007 513 1044 Novembres,
531 1012 585 1043 45,
603 1013 633 1036 3.

66 1051 175 1080 Latine
202 1051 349 1088 loquendi
380 1052 502 1088 publice
531 1051 695 1088 Cumanis,
723 1054 754 1080 et

111 1095 224 1123 Latine
241 1094 391 1123 vendendi
412 1095 464 1131 jus
480 1104 587 1124 eorum
605 1095 755 1133 praeconi-

109 1138 167 1167 bus
184 1138 382 1175 permissum,
400 1142 451 1170 40,
471 1142 522 1167 42.

67 1182 198 1211 Latinus
215 1190 266 1209 rex
282 1184 434 1218 armatus,
452 1182 489 1210 ad
507 1182 674 1210 arcendam
692 1180 756 1210 vim

109 1225 314 1261 advenarum,
326 1225 431 1254 AEneae
446 1225 596 1261 occurrit,
614 1228 643 1261 l,
662 1229 688 1254 1.
705 1234 758 1263 pa-

109 1277 176 1297 cem
202 1277 273 1297 cum
296 1268 408 1305 AEnea,
433 1268 545 1298 deinde
572 1269 756 1298 affinitatem

111 1321 182 1340 cum
190 1311 431 1350 eojungit,data
440 1312 467 1341 ei
478 1313 510 1341 in
521 1312 757 1342 matrimonium

112 1355 190 1391 filia,
204 1354 277 1383 ibid.

69 1398 202 1428 Latinus
219 1397 347 1434 Silvius,
365 1398 453 1428 Albae.
469 1408 534 1434 rex,
557 1403 585 1436 1,
603 1403 635 1428 3.

69 1441 195 1471 Latium
209 1441 358 1470 Romanis
375 1447 568 1481 suspectum,
586 1445 619 1478 6,
635 1446 685 1471 21.
703 1443 761 1471 La·

113 1485 151 1514 tii
168 1488 268 1514 status
284 1485 407 1523 infelix,
424 1490 455 1523 8,
475 1490 523 1515 13.
547 1486 670 1515 Latium
688 1486 761 1516 sub-

115 1533 233 1565 actum,
250 1528 324 1557 ibid.

72 1573 209 1608 Latona,
227 1576 259 1604 5,
278 1575 327 1600 13.

71 1616 201 1645 Latona:
214 1615 292 1644 bove
309 1614 427 1644 femina
442 1618 551 1644 aurata
567 1623 687 1645 sacrum
699 1615 762 1644 fac—

115 1664 197 1695 tum,
214 1663 267 1694 25,
284 1661 332 1687 12.

73 1703 239 1738 Latrones,
251 1701 289 1730 ad
302 1701 363 1730 duo
375 1701 484 1738 millia,
499 1701 531 1730 in
546 1702 696 1740 spelunca
707 1710 762 1740 op-

116 1746 229 1784 pressi,
248 1749 298 1779 10,
319 1747 346 1774 l.

73 1789 193 1826 Lavici,
209 1788 273 1818 vid.
291 1787 409 1817 Labici.

74 1833 218 1869 Lavinia,
236 1832 342 1861 Latini
359 1831 440 1869 regis
457 1831 532 1868 filia,
550 1832 642 1861 datur
658 1831 764 1860 AEneae

118 1877 151 1905 in
169 1875 419 1909 matrimonium,
440 1878 470 1911 1,
492 1879 517 1904 1.

74 1919 255 1955 Lavinium,
285 1919 448 1958 oppidum,
478 1918 653 1951 conditum,
684 1919 768 1957 quod

118 1963 234 1992 AEneas
253 1962 291 1992 ab
307 1961 413 1991 uxoris
431 1963 558 1991 nomine
574 1962 722 2001 appellat,
739 1966 767 1995 1,

123 2010 152 2036 1.
165 2006 249 2034 inter
261 2006 426 2034 Lavinium
449 2008 479 2034 et
497 2006 610 2034 Albam
625 2006 766 2044 Longam

120 2047 276 2078 coloniam
310 2049 489 2085 deductam,
513 2049 644 2084 triginta
673 2050 769 2078 ferme

121 2092 291 2122 interfuere
306 2092 395 2128 anni,
408 2096 437 2120 3.
451 2092 573 2121 Lavinii
587 2093 770 2121 interfectus

119 2137 159 2166 T.
174 2136 298 2172 Tatius,
315 2140 364 2164 14.
381 2135 484 2165 foedus
499 2135 582 2165 inter
595 2137 726 2165 Romam
740 2139 772 2164 et.

121 2179 289 2209 Lavinium
303 2182 501 2215 renovatum,
513 2179 586 2207 ibid.
602 2179 769 2209 Lavinium

122 2223 161 2252 ab
170 2223 265 2259 Troja
277 2223 458 2258 oriundum,
475 2226 526 2251 23.
544 2222 607 2250 vicl.
627 2226 653 2252 ct
671 2227 703 2260 2,
717 2226 773 2253 39.

81 2268 204 2296 Laurea
221 2275 349 2303 corona,
368 2266 430 2295 vid.
450 2266 583 2294 Corona.

82 2311 202 2339 Laurea
218 2310 250 2338 in
265 2309 363 2349 puppi
380 2309 467 2339 navis
479 2309 579 2345 longae
592 2311 697 2346 enata,
708 2309 771 2338 vid.

125 2353 318 2392 Prodigium.

83 2397 233 2426 Lauream
261 2397 293 2425 in
318 2404 413 2425 manu
441 2401 600 2429 tenenteS,
626 2398 657 2424 et
685 2405 772 2425 coro-

127 2440 207 2476 nati,
219 2440 398 2478 supplicant
405 2439 514 2468 Romae
525 2449 573 2469 om
580 2449 646 2476 neS,
658 2439 774 2468 duode-

127 2483 188 2512 cim
205 2483 297 2512 annis
312 2483 460 2521 majores,
477 2487 533 2519 40,
548 2487 602 2514 37.

84 2526 245 2555 Laureatae
261 2527 360 2556 literae
377 2529 408 2555 et
424 2524 559 2561 tabellae,
575 2529 631 2563 45,
655 2529 681 2555 1.

84 2569 225 2598 Laurens
244 2578 330 2609 ager,
346 2575 374 2603 l,
396 2573 421 2597 1.

86 2613 269 2646 Laurentes,
279 2622 349 2642 cum
359 2613 397 2642 iis
409 2612 579 2650 quotannis
591 2614 775 2640 renovatum

129 2656 233 2685 foedus
242 2660 314 2694 post
323 2657 403 2685 diem
416 2656 570 2685 decimum
582 2655 778 2689 Latinarum,

133 2703 164 2734 8,
182 2703 194 2726 1
208 2703 233 2728 ι.

88 2742 292 2771 Laurentium
308 2742 401 2780 legati
419 2741 534 2781 pulsati
550 2750 568 2770 a
582 2741 657 2771 Tito
669 2741 777 2777 Tatio,

136 2789 165 2822 ι,
186 2789 234 2814 14.

91 2828 301 2858 Laurentibus
315 2836 377 2857 non
391 2828 463 2857 data
474 2837 543 2857 caro
554 2827 785 2865 Latinis,37,3.

1408 83 1483 124 349

793 182 990 211 Lauretanus
1007 185 1132 221 portus,
1150 188 1205 220 80,
1223 189 1276 216 89.

795 226 921 258 Lautia.
936 226 1048 263 legatis
1064 227 1208 264 praabita,
1226 234 1280 266 28,
1295 234 1348 261 39.
1364 236 1418 265 30.
1437 236 1486 264 17.

837 273 893 305 aa,
911 273 962 297 24.
980 274 1036 305 35,
1053 274 1104 299 23.
1123 276 1178 307 42,
1196 274 1246 300 26.

796 312 950 345 Lautulae,
965 312 1050 342 locus
1065 319 1220 351 angustus
1233 324 1268 344 ac
1283 317 1487 354 saltuosus,7‚

838 360 890 385 39.
901 359 933 388 9,
948 360 999 385 23.
1010 357 1047 385 ad
1064 357 1213 387 Lautulas
1229 360 1359 398 ancipiti
1377 362 1488 399 proelio

839 408 908 427 cum
930 400 1128 429 Samnitibus
1145 402 1342 440 dimicatum,
1361 405 1435 433 ibid.

793 441 982 478 Lautumiae,
1002 446 1056 480 26,
1084 448 1133 475 27.
1158 445 1396 476 Lautumiarum
1421 457 1487 477 car-

838 486 915 514 ceris
940 487 1114 516 custodiam
1142 488 1344 519 intentiorem
1377 491 1490 520 habere

834 528 990 566 jubentur
1012 531 1183 565 triumviri,
1203 537 1258 570 32,
1277 537 1326 563 26.
1351 534 1382 563 in
1408 535 1489 563 Lau-

839 572 955 601 tumias
971 574 1151 604 AEtolorum
1170 576 1326 615 principes
1341 578 1489 615 conjecti,

844 619 901 652 37,
915 620 946 645 8.
960 616 991 644 in
1007 617 1184 648 Lautumiis
1197 620 1258 650 duo
1271 622 1364 658 atria,
1378 621 1492 651 Maeni-

838 667 891 687 um
909 663 941 688 et
955 659 1092 697 Titium,
1106 667 1161 697 39,
1179 667 1232 694 44.

795 701 947 739 Lebadia,
965 707 1020 737 45,
1040 707 1091 735 27.

793 745 937 775 Lebadiae
961 747 1113 785 templum
1130 748 1218 777 Jovis
1235 749 1410 789 Trophonii
1425 751 1492 780 adit

836 789 988 818 AEmilius
1006 791 1148 828 Paullus,
1164 796 1220 828 45,
1238 797 1289 824 27.

795 832 949 862 Lechaeus
968 838 1091 872 portus,
1110 839 1165 872 32,
1183 840 1236 865 23.

796 876 883 906 Lecti
895 878 980 905 aerati
991 879 1131 915 quando,
1143 883 1174 908 ct
1188 888 1205 907 a
1218 879 1343 917 quibus,
1356 880 1490 920 primum

839 920 970 949 Romam
988 921 1135 950 advecti?
1163 926 1218 958 39,
1236 926 1264 951 6.

797 964 956 992 Lecticula
983 964 1015 992 in
1044 965 1142 994 aciem
1171 966 1277 995 illatus
1303 967 1363 996 Cn.
1388 966 1493 1005 Scipio

842 1007 997 1045 confligit,
1015 1012 1070 1041 24,
1087 1012 1139 1036 42.

798 1050 1043 1079 Lectisternium
1068 1051 1196 1089 quando
1220 1051 1353 1089 primum
1369 1053 1492 1088 Romae,

842 1098 874 1122 et
891 1102 952 1130 qua
968 1094 1149 1123 celebritate
1167 1094 1299 1131 factum,
1316 1099 1348 1130 5,
1368 1100 1415 1124 13.
1430 1096 1493 1124 vid.

844 1139 872 1165 et
889 1139 924 1173 7,
939 1141 969 1166 2.
989 1142 1019 1165 et
1036 1141 1088 1167 27.
1108 1142 1140 1170 8,
1159 1141 1212 1169 25,
1233 1142 1287 1174 29,
1308 1142 1357 1167 14.

800 1179 1042 1209 Lectisternium
1058 1181 1144 1210 Caere
1160 1180 1361 1219 imperatum,
1375 1185 1430 1220 21,
1444 1184 1496 1212 62.

822 1239 866 1245 -
880 1224 1061 1260 Juventati,
1078 1225 1152 1254 ibid.

823 1267 947 1296 Junoni
967 1267 1107 1307 Reginae,
1125 1271 1181 1304 22,
1201 1271 1229 1297 1.

822 1328 866 1336 .--
881 1310 1020 1340 Saturno
1043 1311 1243 1350 imperatum,
1266 1319 1357 1348 quem
1380 1311 1496 1341 lectum

849 1356 1009 1383 senatores
1025 1357 1221 1390 straverunt,
1238 1354 1314 1382 ibid.

823 1412 868 1419 -
883 1406 937 1435 per
954 1398 1095 1426 triduum
1113 1398 1270 1433 habitum,
1286 1406 1338 1425 sex
1353 1396 1497 1436 pulvina-

849 1440 895 1469 ria
912 1440 945 1469 in
959 1446 1131 1479 conspectu
1148 1441 1248 1476 fuere,
1265 1444 1319 1473 22,
1341 1444 1390 1468 10.

807 1482 939 1517 Lecton,
959 1485 1224 1521 promontorium,
1237 1488 1292 1517 37,
1309 1487 1363 1514 37.

803 1527 916 1565 Legati
930 1527 1156 1557 Abderitarum
1179 1530 1357 1565 queruntur
1373 1527 1409 1556 de
1425 1535 1499 1555 ava·

848 1570 924 1599 ritia
939 1574 970 1599 et
986 1571 1172 1601 crudelitate
1187 1570 1365 1604 Hortensii,
1382 1574 1437 1607 45,
1455 1573 1484 1599 6.

825 1631 869 1638 -
885 1614 997 1642 Achaei
1019 1615 1187 1650 nunciant,
1208 1614 1362 1643 Nabidem
1386 1617 1500 1642 contra

847 1655 951 1685 foedus
968 1657 1155 1687 maritimam
1173 1667 1258 1687 oram
1272 1658 1432 1687 Laconum
1445 1665 1500 1695 op-

848 1708 1000 1739 pugnare,
1018 1705 1073 1737 35,
1091 1706 1142 1731 22.
1161 1701 1222 1730 vid.
1241 1700 1360 1730 Achaei.

827 1758 871 1766 —
886 1744 1063 1773 AEtolorum
1097 1745 1230 1775 Romam
1265 1744 1363 1776 missi,
1393 1752 1500 1782 pacem

852 1790 1009 1824 petentes,
1033 1790 1088 1824 36,
1112 1792 1164 1817 35.
1193 1787 1269 1817 urbe
1296 1787 1404 1816 eodem
1436 1787 1500 1824 die,

851 1830 944 1859 Italia
960 1831 1044 1860 intra
1060 1832 1238 1869 quindecim
1262 1831 1340 1867 dies,
1357 1831 1502 1860 excedere

847 1873 1020 1911 jubentur,
1036 1878 1092 1911 37,
1112 1879 1137 1903 1.
1156 1874 1381 1908 admittuntur,
1401 1874 1501 1912 iisque

854 1917 940 1955 pacis
957 1918 1040 1956 leges
1057 1919 1184 1951 dantur,
1201 1922 1255 1951 38,
1274 1922 1321 1946 10.
1340 1921 1369 1946 et
1389 1921 1438 1947 11.

830 1976 874 1983 -
890 1960 1093 1990 Alexandrini
1118 1965 1292 2000 queruntur
1308 1961 1360 2001 ,de
1388 1960 1504 1990 Antio-

854 2004 926 2040 cho,
943 2008 998 2040 44,
1023 2009 1071 2036 19.

832 2063 876 2069 --
891 2047 1132 2078 Ambracienses
1169 2051 1320 2076 accusant
1357 2046 1503 2077 Fulvium

854 2091 1064 2128 Nobiliorem,
1077 2095 1132 2127 38,
1150 2094 1204 2120 43.

833 2149 878 2156 —
894 2135 1062 2164 Annibalis
1079 2135 1117 2163 ad
1134 2134 1327 2172 Philippum,
1344 2136 1397 2166 23,
1414 2136 1467 2162 34.

834 2193 878 2200 -
893 2178 1047 2207 Antiochi
1075 2178 1222 2212 Romam,
1246 2185 1417 2214 eorumque
1436 2185 1506 2205 ora-

856 2221 916 2257 tio,
934 2225 990 2258 34,
1007 2225 1058 2252 57.
1076 2222 1113 2250 ad
1132 2221 1327 2259 Scipionem,
1340 2224 1396 2257 37,
1410 2223 1464 2249 34.
1477 2221 1507 2248 et

858 2268 911 2293 45.

836 2323 879 2330 ·—
894 2307 933 2336 eb
950 2307 1053 2336 Ardea
1068 2310 1244 2344 queruntur
1260 2306 1291 2335 in
1310 2308 1435 2342 senatu,
1446 2304 1506 2334 sibi

858 2351 891 2379 in
908 2354 1016 2379 monte
1029 2349 1154 2379 Albano
1166 2349 1286 2378 Latinis
1302 2358 1426 2378 carnem
1441 2356 1506 2377 non

859 2403 926 2423 esse
943 2394 1061 2428 datam,
1079 2398 1134 2427 33,
1154 2397 1182 2423 1.

836 2437 1088 2474 -Ariarathis,
1112 2445 1283 2474 eorumque
1313 2434 1427 2471 oratio,
1451 2438 1506 2471 42,

864 2485 913 2512 19.

836 2539 880 2547 —-
896 2523 981 2553 Asiae
996 2526 1029 2553 et
1045 2523 1186 2558 Graeciae,
1201 2522 1310 2551 Romae
1326 2520 1438 2554 auditi,
1450 2523 1506 2555 34,

839 2625 883 2633 --
899 2609 1145 2639 Atheniensium
1170 2607 1343 2646 implorant
1358 2605 1508 2634 auxilium

862 2654 1093 2687 Romanorum,
1111 2656 1167 2687 31,
1186 2655 1216 2680 5.

841 2713 886 2720 —
900 2697 1001 2726 Attali
1026 2699 1199 2734 queruntur
1222 2693 1259 2722 de
1277 2691 1436 2728 Philippo,
1453 2693 1508 2725 31,

865 2745 894 2769 2.
911 2744 965 2774 32,
985 2745 1012 2768 8.
1029 2747 1178 2769 coronam
1196 2744 1319 2765 auream
1338 2734 1507 2763 ducentum

865 2783 1073 2822 quadraginta
1097 2791 1149 2810 sex
1173 2779 1276 2819 pondo
1300 2777 1333 2806 in
1357 2776 1507 2816 capitolio

865 2830 1003 2866 ponunt,
1018 2830 1073 2863 82,
1091 2829 1141 2854 27-
