1826 3149
160 164 250 196 U.C.
262 166 336 200 581.

159 208 249 240 A.C.
267 210 335 239 171.

373 48 425 88 64
914 55 1049 92 ΤΙΤΙ
1091 56 1252 93 LIVII

369 173 460 212 ceps
474 159 545 208 bis,
562 174 652 214 quce
666 175 802 202 annua
819 163 1021 203 merebant
1040 166 1229 218 legiones,
1246 165 1452 218 stipendia
1455 167 1563 222 fici.
1623 169 1701 210 Bis
1716 171 1783 210 de-

369 217 465 257 inde
485 219 528 257 in
549 218 766 271 Hispania
788 221 976 267 militavi,
993 223 1111 261 semel
1132 222 1178 268 Q.
1202 222 1349 263 Fulvio
1368 225 1531 275 Flacco,
1547 225 1687 266 iterum
1715 227 1781 267 Ti.

342 318 345 321 v
367 274 602 328 Sempronio
622 275 807 316 Graccho
820 283 1014 328 praetore.
1049 280 1090 318 A
1107 279 1253 320 Flacco
1273 281 1382 321 inter
1399 289 1558 331 ceteros,
1582 297 1677 337 quos
1698 286 1781 325 vir-

138 1421 252 1451 Parent
265 1432 337 1452 cen-

137 1464 272 1495 turiones

137 1507 208 1537 Cos.

365 333 464 372 tutis
483 346 623 372 caussa
650 347 774 372 secum
796 348 846 371 ea'
871 335 1086 385 provincia
1113 337 1171 376 ad
1199 338 1441 391 triumphum
1462 340 1691 390 deducebat,
1713 343 1780 381 de-

363 390 504 429 ductus
518 403 613 429 sum.
644 404 670 428 a
699 390 764 428 Ti.
785 389 972 430 Graccho
991 399 1169 446 rogatus,
1193 395 1237 434 iu
1250 397 1507 447 provinciam
1529 398 1575 438 ii.
1628 399 1782 446 Quater

366 437 479 485 intra
494 460 645 498 paucos
665 460 793 486 anuos
807 447 982 499 primum
1005 451 1137 502 pilum
1158 452 1259 491 duxi
1272 470 1285 491 :
1318 459 1462 506 quater
1482 461 1520 494 et
1540 456 1678 496 tricies
1697 457 1779 497 vir-

365 504 464 542 tutis
483 517 622 542 caussa
644 504 815 543 donatus
847 504 897 544 ab
926 506 1236 558 imperatoribus
1260 523 1343 550 sum
1358 528 1371 549 .-
1401 525 1471 551 seoe
1489 512 1638 553 civicas
1667 527 1778 553 coro-

364 573 439 599 nas
458 560 606 611 accepi.
637 560 789 613 viginti
817 562 895 600 duo
924 564 1131 616 stipendia
1162 580 1301 606 annua
1333 568 1376 608 in
1407 570 1583 609 exercitu
1612 572 1779 610 emerita

362 616 500 662 habeo,
522 622 561 655 et
590 615 720 669 major
739 619 861 659 anius
889 633 970 659 sum
1002 622 1316 676 quinquaginta.
1379 626 1495 672 Quod
1521 627 1559 666 si
1588 627 1688 667 milei
1708 642 1778 668 nec

358 674 567 725 stipendia
587 674 723 713 omnia
744 675 911 715 emerita
931 684 1070 726 essent,
1088 681 1250 720 necdum
1266 688 1366 722 cetas
1382 683 1628 723 vacationem
1645 685 1776 733 daret,

359 737 506 777 tamen,
530 743 646 783 quum
677 738 851 784 quatuor
880 734 1029 775 milites
1055 749 1136 788 pro
1163 752 1222 777 me
1251 752 1330 778 uno
1359 739 1467 780 vobis
1487 741 1600 791 dare,
1621 742 1674 781 P.
1695 742 1775 782 Li-

359 787 455 834 cini,
471 799 639 838 possem,
662 802 815 841 cequum
835 798 927 830 erat
946 805 1005 831 me
1024 793 1192 834 dimitti.
1235 796 1315 836 Sed
1331 797 1415 836 ltoec
1426 811 1509 849 pro
1528 812 1669 839 caussa
1689 813 1775 839 mea

357 844 468 883 dicta
489 845 706 896 accipiatis
726 847 840 886 velim
855 864 867 885 :
899 848 984 899 ipse
1004 863 1076 899 me,
1093 853 1228 903 quoad
1246 854 1467 906 quisquam,
1490 856 1561 907 qui
1580 857 1776 897 exercitus

354 900 508 948 scribit,
532 902 714 942 idoneum
741 903 905 944 militem
921 903 1149 958 judicabit,
1171 922 1381 962 numquam
1401 925 1482 951 sum
1505 919 1773 953 excusaturus.

356 956 388 980 ¹⁹
404 956 597 998 Ordinem
611 973 688 1012 quo
703 974 763 999 me
777 961 941 1014 dignum
949 961 1138 1014 judicent
1152 965 1310 1006 tribuni
1324 968 1508 1017 militum,
1526 970 1701 1022 ipsorum
1717 977 1775 1010 est

346 1016 588 1066 potestatis.-
611 1030 661 1055 ne
676 1018 765 1070 quis
780 1031 840 1056 me
853 1018 1004 1059 virtute
1022 1020 1064 1059 in
1079 1024 1256 1063 exercitu
1264 1031 1448 1076 praestet,
1465 1026 1568 1066 dabo
1583 1041 1744 1079 operam
1755 1050 1769 1073 ;

352 1070 387 1094 ²⁰
399 1078 442 1111 ut
462 1085 615 1124 semper
631 1073 691 1112 ita
696 1074 850 1127 fecisse
865 1089 924 1115 me
935 1082 973 1116 et
995 1077 1257 1130 imperatores
1271 1082 1360 1129 mei,
1380 1089 1418 1122 et
1437 1084 1508 1135 qui
1522 1097 1603 1123 una
1618 1085 1771 1137 stipen-

352 1128 636 1182 diastceruut,
655 1136 771 1171 testes
789 1138 894 1173 sunt.
960 1133 1038 1174 Vos
1051 1149 1206 1189 quoque
1220 1151 1372 1191 aequum
1388 1146 1458 1187 est,
1471 1142 1769 1190 commilitones,

350 1186 429 1225 etsi
455 1186 748 1239 adpellationis
777 1188 887 1230 vobis
911 1193 1118 1244 usurpatis
1131 1193 1218 1246 jus,
1240 1209 1356 1248 quum
1376 1197 1642 1239 adolescentes
1666 1199 1773 1239 nihil

350 1244 540 1284 adversus
560 1245 866 1298 magistratuum
885 1255 1123 1303 senatusque
1142 1253 1421 1294 auctoritatem
1443 1255 1770 1310 usquamjeceri-

350 1300 417 1347 tis,
441 1314 545 1340 nunc
564 1307 719 1354 quoque
740 1303 783 1342 in
806 1310 1010 1356 potestate
1028 1314 1189 1349 senatus
1208 1311 1267 1349 ad
1293 1312 1491 1351 consulum
1514 1327 1607 1361 esse,
1630 1319 1669 1353 et
1688 1311 1778 1354 om-'

349 1358 423 1397 nia
443 1358 609 1397 honesta
628 1360 716 1398 loca
735 1361 890 1409 ducere,
912 1363 1053 1414 quibus
1072 1366 1354 1418 rempublicam
1375 1368 1580 1422 defensuri
1594 1371 1699 1411 sitis.

409 1413 610 1454 XXXV.
644 1416 750 1456 Haec
772 1416 843 1456 ubi
875 1417 997 1468 dixit,
1020 1421 1317 1464 conlaudatum
1347 1425 1491 1466 multis
1512 1426 1648 1467 verbis
1674 1442 1768 1469 con-

349 1470 414 1510 sul
435 1486 486 1510 ex
508 1470 702 1512 concione
723 1472 762 1512 in
796 1482 984 1515 senatum
1006 1477 1141 1519 duxit.
1206 1479 1273 1520 Ibi
1293 1496 1462 1537 quoque
1484 1482 1519 1522 ei
1550 1498 1601 1523 ex
1626 1493 1768 1526 aucto-

348 1526 472 1567 ritate
503 1535 670 1569 senatus
701 1530 848 1585 gratiae
878 1540 998 1582 actae,
1030 1534 1273 1591 tribunique
1307 1537 1504 1579 militares
1533 1539 1574 1579 in
1606 1540 1766 1597 legione

348 1583 483 1638 prima
516 1584 697 1639 primum
729 1586 861 1641 pilum
883 1588 1053 1630 virtutis
1082 1607 1227 1632 caussa
1253 1593 1289 1633 ei
1322 1594 1607 1650 adsignarunt.
1639 1598 1764 1639 ceteri

347 1639 622 1690 centuriones,
663 1643 813 1683 omissa
851 1645 1142 1700 adpellatione,
1183 1649 1237 1689 ad
1277 1650 1484 1692 delectum
1524 1653 1765 1695 obedienter

347 1697 662 1752 responderunt.
725 1701 819 1749 Quo
840 1702 1044 1743 maturius
1065 1704 1106 1744 in
1128 1706 1359 1760 provincias
1381 1709 1649 1764 magistratus
1670 1726 1764 1766 pro-

346 1753 641 1804 ficiscerentur,
666 1756 830 1798 Latinae
854 1758 1053 1800 Kalendis
1074 1761 1214 1802 Juniis
1241 1763 1380 1805 fuere:
1414 1780 1546 1821 eoque
1577 1767 1761 1809 sollemni

346 1811 545 1864 perfecto,
582 1814 628 1852 C.
663 1813 888 1855 Lucretius
926 1825 1096 1870 praetor,
1129 1819 1336 1870 omnibus,
1369 1836 1465 1877 quae
1497 1823 1551 1863 ad
1591 1823 1760 1866 classem

345 1881 452 1921 opus
484 1876 615 1917 erant,
647 1870 883 1924 praemissis,
916 1873 1187 1915 Brundisium
1223 1885 1284 1918 est
1314 1878 1537 1933 profectus.
1600 1881 1762 1923 Praeter

345 1938 415 1963 eos
467 1924 687 1975 exercitus,
738 1942 844 1982 quos
885 1930 1072 1971 consules
1127 1935 1437 1989 comparabant,
1482 1937 1529 1976 C.
1578 1937 1761 1993 Sulpicio

348 1980 496 2020 Galbae
528 1982 696 2035 praetori
730 1984 941 2039 negotium
974 1986 1135 2037 datum,
1159 1998 1206 2030 ut
1236 1998 1419 2045 quatuor
1454 1991 1633 2047 legiones
1665 1995 1761 2036 scri-

344 2035 460 2077 beret
482 2038 661 2079 urbanas
685 2039 803 2095 justo
823 2056 997 2083 numero
1026 2044 1216 2099 peditum
1246 2047 1548 2104 equitumque;
1581 2049 1612 2072 ²¹
1626 2050 1760 2106 iisque

344 2102 526 2147 quatuor
547 2094 737 2136 tribunos
761 2097 941 2139 militum
962 2114 1013 2140 ex
1040 2110 1184 2142 senatu
1214 2102 1383 2158 legeret,
1405 2105 1478 2160 qui
1508 2116 1757 2161 praeessent:

343 2149 460 2189 sociis
493 2151 634 2192 Latini
670 2153 846 2195 nominis
876 2155 1097 2211 imperaret
1127 2158 1363 2213 quindecim
1394 2161 1522 2203 millia
1551 2164 1757 2219 peditum,

342 2204 454 2246 mille
484 2216 524 2247 et
555 2207 757 2250 ducentos
787 2212 959 2266 equites.
1024 2215 1067 2254 Is
1100 2215 1306 2257 exercitus
1336 2217 1397 2258 uti
1437 2228 1608 2274 paratus
1637 2230 1757 2272 esset,

341 2276 426 2316 quo
467 2271 635 2305 senatus
674 2267 910 2309 censuisset.
974 2271 1020 2311 P.
1058 2271 1220 2312 Licinio
1251 2273 1409 2315 consuli
1443 2275 1496 2316 ad
1529 2277 1758 2319 exercitum

340 2368 412 2399 inde
428 2370 608 2410 Ligustinus
630 2374 695 2416 ipse
715 2375 796 2407 infra
818 2376 895 2407 dicit
917 2388 949 2408 se
968 2379 1026 2408 duo

338 2417 460 2442 tantum
483 2420 510 2442 et
532 2418 639 2457 vig-inti
661 2420 803 2457 stipendia
827 2431 931 2450 annua
952 2431 1024 2451 eme-

1111 2380 1149 2409 21
1178 2379 1272 2419 [isque
1307 2387 1433 2420 quatuor
1469 2385 1599 2415 tribunos
1629 2386 1757 2416 militum

1068 2431 1101 2452 er
1128 2427 1231 2452 senatu
1261 2424 1378 2463 legeret,
1404 2427 1454 2464 qui
1479 2428 1646 2467 praeessent]
1685 2429 1755 2460 Hoc

337 2455 398 2484 rita
420 2454 546 2493 habere,
562 2469 623 2489 non
638 2460 699 2491 duo
723 2467 753 2491 et
776 2461 913 2502 triginta.
959 2463 1026 2494 Nos

339 2496 416 2527 nihil
431 2497 580 2531 habemus
603 2502 707 2543 plane,
723 2504 806 2544 quod
821 2505 859 2535 de
883 2505 941 2536 hoc
957 2506 1025 2537 loeo

337 2539 440 2570 dicere
455 2542 617 2581 possimus.

383 2584 422 2613 19
447 2584 586 2615 Ordinem
618 2598 673 2626 quo
709 2599 752 2618 me
786 2591 909 2630 dignum
935 2593 1024 2630 judi·

337 2632 403 2656 cent
418 2648 428 2657 .
445 2648 454 2656 .
469 2628 594 2666 ipsorum
628 2636 666 2659 est
695 2633 856 2672 potestatis]
895 2633 1023 2676 Supple,

336 2667 475 2705 definire,
513 2676 659 2703 statuere.
720 2673 810 2713 Legit
850 2675 1024 2708 Gronovius

335 2712 436 2742 ordine
450 2723 516 2751 quo.

378 2754 420 2782 20
448 2754 487 2784 Ut
503 2766 610 2796 semper
630 2758 673 2787 ita
686 2757 792 2798 fecisse
807 2760 865 2800 me]
891 2760 1021 2792 Bedun-

337 2794 390 2824 ‹lat
405 2796 496 2836 plane
513 2801 622 2829 vocula
636 2801 690 2830 ita.

1068 2464 1250 2496 notandum.
1294 2466 1378 2496 Nam
1408 2477 1445 2497 ex
1472 2478 1555 2499 more
1584 2470 1674 2501 solito
1701 2472 1754 2502 tri-

1068 2507 1143 2538 buni
1173 2507 1300 2538 alternis
1330 2508 1559 2550 imperitabant,
1589 2519 1624 2542 ut
1653 2514 1756 2545 obser-

1070 2555 1174 2580 vatum
1188 2556 1234 2580 est
1249 2551 1288 2581 ad
1303 2550 1325 2582 1.
1339 2551 1408 2582 XL.
1424 2563 1453 2583 c.
1469 2554 1519 2583 41.
1553 2555 1614 2585 Sed
1629 2555 1688 2592 his,
1703 2557 1754 2598 qui

1069 2602 1106 2622 ex
1129 2598 1239 2624 senatu
1265 2593 1420 2633 leguntur,
1435 2595 1526 2626 datur
1548 2597 1693 2629 nimirum
1715 2600 1755 2630 ob

1069 2634 1248 2677 ampliorem
1274 2636 1434 2677 dignitatis
1462 2639 1592 2678 gradum
1618 2646 1753 2673 extraor-

1067 2677 1188 2709 dinaria
1213 2683 1357 2720 potestas.
1403 2679 1475 2710 Nisi
1500 2681 1576 2713 forte
1604 2684 1750 2715 mendum

1067 2726 1113 2750 est
1141 2720 1173 2751 in
1202 2731 1341 2759 numero,
1369 2721 1599 2766 legendumque
1627 2733 1753 2766 quatuor

1065 2769 1092 2791 et
1115 2764 1221 2803 viginti
1243 2766 1381 2794 tribunos.
1421 2766 1507 2796 *Sex
1531 2768 1614 2799 enim
1636 2769 1750 2800 tribuni

1065 2802 1249 2837 creabantur
1263 2806 1294 2837 in
1309 2806 1446 2848 singulas
1462 2809 1609 2849 legiones.
