1831 3194
524 93 776 132 LIBROR.
808 91 1084 131 DEI’ERD.
1440 95 1514 134 263

700 285 907 341 CXVI.

160 420 204 459 C.
230 420 369 460 Coesar
388 434 437 459 ex
458 419 673 473 Hispania
694 419 874 473 quintum
895 418 1142 471 triumphum
1162 418 1256 472 egit.
1303 418 1374 468 Et,
1396 432 1512 471 quum

91 477 262 529 plurimi
290 477 532 530 maximique
561 478 730 516 lionores
760 477 799 515 ei
826 490 852 515 a
882 482 1024 516 senatu
1054 476 1204 515 decreti
1235 481 1376 523 essent,
1408 476 1513 516 inter

99 548 197 586 quos
217 540 259 573 ut
284 534 403 574 Pater
420 533 574 574 Patriae
595 534 886 586 adpellaretur,
903 539 940 572 et
960 539 1247 581 sacrosanctus,
1271 546 1318 572 ac
1339 531 1514 573 dictator

100 591 144 630 in
159 597 394 642 perpetuum
425 597 535 639 esset,
558 591 722 631 invidiae
741 603 922 630 caussam
952 590 1139 630 adversus
1168 603 1252 629 eum
1268 590 1513 641 praestitere,

96 649 199 699 quod
217 648 380 688 senatui
408 647 606 701 deferenti
636 648 707 687 hos
726 648 910 698 honores,
932 661 1048 700 quum
1078 653 1173 686 ante
1196 647 1319 686 aedem
1349 646 1514 687 Veneris

103 703 321 745 Genitricis
340 706 507 754 sederet,
529 719 606 745 non
627 705 883 745 adsurrexit:
920 710 958 744 et
976 704 1082 757 quod
1100 717 1127 742 a
1143 704 1208 743 M.
1231 702 1409 744 Antonio
1428 718 1518 744 con-

95 762 180 802 sule
208 762 362 816 collega
389 776 472 811 suo,
496 763 605 803 inter
625 762 830 814 Lupercos
860 767 1051 809 currente,
1074 761 1264 801 diadema
1292 761 1423 813 capiti
1447 774 1517 801 suo

96 818 309 871 inpositum
330 819 373 859 in
387 820 487 860 sella
508 820 683 872 reposuit
698 837 710 859 .·
743 825 780 859 et
798 819 904 873 quod
920 818 1077 871 Epidio
1099 817 1282 858 Marullo
1297 824 1334 857 et
1355 817 1517 858 Ccesetio

95 876 224 916 Flavo
243 876 416 916 tribunis
443 877 563 929 plebis
585 877 781 917 invidiam
804 876 844 917 ei
862 882 1064 929 tamquam
1093 889 1255 929 regnum
1285 874 1517 929 adfectanti

97 934 354 984 moventibus,
363 940 545 986 potestas
561 934 758 987 abrogata
774 939 845 973 est.
904 933 974 973 Ex
990 933 1043 973 iis
1057 932 1204 973 caussis
1220 933 1517 984 conspiratione

97 991 141 1030 in
163 991 395 1044 eumfacta,
418 990 546 1045 (cujus
571 992 899 1044 capitafuerunt
929 989 995 1030 M.
1018 990 1185 1037 Brutus,
1208 995 1246 1029 et
1269 989 1315 1030 C.
1340 989 1515 1037 Cassius,

97 1053 137 1087 et
157 1062 206 1087 ex
228 1048 405 1088 Coesaris
419 1048 604 1101 partibus
628 1048 684 1088 D.
707 1048 861 1087 Brutus
881 1053 919 1087 et
942 1048 986 1087 C.
1011 1046 1251 1096 Trebonius)
1269 1047 1309 1085 in
1331 1045 1517 1098 Pompeii

95 1106 208 1144 curia
229 1106 379 1145 occisus
398 1111 454 1145 est
473 1106 625 1160 viginti
643 1104 772 1145 tribus
792 1103 1030 1153 vulneribus,
1048 1108 1356 1156 occupatumque
1375 1101 1429 1141 ab
1450 1103 1516 1142 in-

99 1162 375 1216 terfi’ctoribus
395 1161 479 1216 ejus
511 1163 769 1215 Capitolium.
832 1161 1044 1201 Oblivione
1073 1161 1220 1200 deinde
1241 1159 1362 1200 caedis
1388 1158 1471 1213 ejus
1490 1173 1518 1199 a

94 1225 237 1259 senatu
253 1220 426 1269 decreta,
444 1219 647 1260 obsidibus
667 1219 837 1260 Antonii
852 1225 890 1259 et
906 1217 1056 1270 Lepidi
1071 1217 1213 1258 liberis
1224 1217 1409 1269 acceptis,
1425 1231 1517 1256 con-

81 1275 224 1329 jurati
243 1291 270 1316 a
290 1277 496 1329 Capitolio
516 1277 817 1317 descenderunt.
870 1276 1121 1316 Testamento
1146 1274 1317 1315 Caesaris
1331 1274 1458 1314 lzoeres
1469 1288 1518 1314 ex

87 1339 215 1386 parte
234 1334 410 1374 dimidia
431 1334 638 1375 institutus
660 1334 703 1375 C.
725 1333 913 1374 Octavius
932 1332 1083 1374 sororis
1101 1344 1238 1384 nepos,
1258 1337 1297 1371 et
1314 1331 1358 1371 in
1379 1345 1518 1370 nomen

94 1391 315 1443 adoptatus
344 1398 416 1432 est.
479 1391 655 1432 Caesaris
683 1404 841 1444 corpus,
873 1404 989 1444 quum
1022 1390 1064 1428 in
1095 1402 1276 1440 campum
1312 1387 1517 1428 Martium

82 1445 283 1499 ferretur,
306 1461 332 1487 a
345 1448 464 1501 plebe
495 1454 592 1488 ante
610 1453 743 1487 rostra
773 1453 982 1487 crematum
1003 1452 1074 1486 est.
1143 1445 1368 1485 Dictaturce
1397 1444 1517 1484 honos

91 1504 136 1543 in
149 1510 384 1556 perpetuum
400 1505 575 1546 sublatus
591 1511 662 1544 est.
716 1505 762 1544 C.
780 1504 981 1552 Amatius,
998 1503 1232 1542 humillima:
1250 1501 1374 1541 sortis
1391 1501 1515 1550 homo,

91 1561 160 1614 qui
187 1576 228 1601 se
261 1561 302 1602 C.
327 1562 454 1602 Marii
465 1562 611 1615 filium
625 1561 810 1615 serebat,
851 1575 968 1615 quum
997 1560 1110 1613 apud
1137 1559 1338 1599 credulam
1361 1558 1517 1612 plebem

93 1618 311 1660 seditiones
331 1626 511 1668 moveret,
535 1625 701 1660 necatus
721 1624 791 1659 est.

684 1795 926 1849 CXVII.

154 1918 200 1959 C.
226 1917 418 1959 Octavius
443 1918 618 1959 Romam
639 1932 688 1958 ex
707 1917 843 1970 Epiro
872 1916 996 1964 venit,
1020 1916 1084 1969 (eo
1115 1915 1220 1954 enim
1241 1914 1355 1954 illum
1379 1913 1518 1954 Caesar

88 1975 361 2028 proemiserat,
383 1976 525 2017 bellum
547 1976 592 2016 in
623 1974 872 2016 Macedonia
886 1974 1088 2028 gesturus)
1107 1971 1382 2025 ominibusque
1409 1984 1520 2022 pros-

90 2033 210 2085 peris
244 2039 429 2086 exceptus
458 2033 584 2073 etiam
613 2045 753 2073 nomen
785 2030 965 2072 Caesaris
993 2030 1146 2072 sumsit.
1207 2029 1259 2068 In
1288 2026 1519 2080 confusione

96 2103 230 2129 rerum
249 2103 299 2129 ac
319 2089 485 2130 tumultu
504 2089 540 2114 ⁹⁸
553 2089 735 2143 Lepidus
753 2089 1033 2142 pontificatum
1062 2086 1277 2127 maximum
1299 2085 1519 2136 intercepit.

96 2146 178 2188 Sed
196 2147 262 2187 M.
283 2146 489 2188 Antonius
509 2148 656 2196 consul,
678 2160 795 2200 quum
823 2146 1050 2199 inpotenter
1067 2145 1350 2192 dominaretur,
1373 2144 1520 2196 legem-

93 2217 169 2257 que
188 2204 238 2244 de
250 2203 555 2257 permutatione
571 2204 871 2256 provinciarum
886 2217 964 2256 per
979 2202 1055 2243 vim
1076 2201 1243 2250 tulisset,
1261 2207 1299 2240 et
1323 2201 1520 2241 Caesarem

95 2275 265 2314 quoque,
283 2267 495 2314 petentem,
513 2267 557 2302 ut
577 2261 653 2301 sibi
668 2262 856 2301 adversus
868 2272 1127 2313 percussores
1147 2258 1337 2298 avunculi
1348 2258 1518 2306 adesset,

99 2319 257 2372 magnis
277 2318 441 2373 injuriis
470 2317 707 2371 adfecisset.-
742 2318 895 2366 Caesar,
918 2324 956 2358 et
975 2316 1062 2365 sibi,
1084 2322 1121 2355 et
1149 2315 1383 2368 reipublicae
1411 2314 1518 2354 vires

96 2376 286 2417 adversus
306 2391 390 2417 eum
408 2383 644 2429 paraturus,
668 2376 854 2415 deductos
872 2375 914 2414 in
934 2375 1112 2415 colonias
1141 2378 1345 2413 veteranos
1364 2371 1516 2410 excita-

95 2433 170 2473 vit.
231 2433 432 2487 Legiones
462 2448 617 2487 quoque
646 2438 796 2486 quarta
818 2438 855 2472 et
889 2431 1055 2472 ,Martia
1075 2430 1108 2454 9⁹
1121 2430 1237 2484 signa
1265 2428 1316 2468 ab
1337 2427 1517 2468 Antonio

97 2490 152 2529 ad
173 2490 371 2532 Caesarem
392 2492 584 2532 tulerunt.
643 2490 657 2513 ¹
672 2491 838 2531 Deinde
858 2495 896 2530 et
915 2489 1131 2543 complures
1159 2487 1319 2528 saevitia
1341 2485 1405 2526 M.
1427 2483 1516 2525 An-

139 2638 181 2668 98
225 2639 353 2679 Lepidus
384 2640 591 2682 pontificatum
627 2642 784 2671 maximum
873 2641 914 2671 99
938 2640 1030 2682 Signa
1051 2641 1086 2669 ab
1101 2639 1227 2668 Antonio
1249 2638 1287 2666 ad
1305 2636 1444 2665 Coesarenz
1467 2639 1515 2661 tn-

96 2682 265 2721 intercepit]
298 2683 368 2714 Hoc
391 2684 458 2715 loeo
480 2684 631 2715 habemus
660 2684 783 2725 conjec-
830 2683 945 2723 lerunt]
981 2681 1163 2723 Legendum
1186 2679 1397 2710 existimamus
1420 2682 1515 2705 trans-

102 2728 203 2753 turam
226 2724 354 2764 sigonii,
369 2727 422 2767 qui
445 2738 483 2758 ex
506 2726 639 2757 historiae
656 2727 785 2757 veritate
831 2726 975 2756 tulerunt.

99 2771 235 2796 veterem
250 2767 414 2799 lectionem
429 2769 656 2800 vitiosissimam
680 2779 785 2800 emen-
877 2769 889 2797 l
919 2769 1033 2799 Deinde
1055 2774 1083 2797 et
1104 2763 1275 2805 complures]
1299 2762 1412 2808 fretam
1434 2760 1514 2790 hanc

97 2808 198 2839 davit.
258 2810 431 2849 Legebatur
466 2823 596 2853 nempe:
644 2812 786 2852 Lepidum
830 2811 990 2852 periodum
1020 2809 1141 2849 refingit
1171 2808 1345 2837 Gronovms
1373 2814 1404 2833 in
1434 2803 1516 2851 binio

98 2852 262 2893 pontificem
277 2854 431 2884 maximum
446 2856 601 2885 interemit.
831 2853 975 2884 modum:
1016 2854 1129 2883 Deinde
1156 2856 1183 2880 et
1212 2848 1368 2888 complures
1396 2852 1517 2879 soevdm.

871 2901 937 2935 34
