1826 3149
148 207 190 238 U.
204 206 241 237 C.
255 206 327 236 583.

148 250 190 280 A.
205 249 242 281 C.
255 249 327 280 169.

146 494 304 525 Censores,

145 716 293 748 Delectus
308 727 326 747 a

141 759 321 801 praetoribus

143 802 275 833 habitus.

366 97 438 132 108
862 90 1222 131 T1T1L1V11

360 202 478 259 ginta
511 201 738 259 majoribus
772 201 917 243 hostiis
951 201 1105 256 quibus
1138 200 1230 241 Diis
1262 200 1449 242 consules
1485 200 1772 251 sacrificarent,

361 267 402 300 et
432 258 701 310 addiderunt,
723 259 785 300 uti
818 258 1068 313 supplicatio
1101 258 1233 308 fieret,
1250 258 1473 313 cunctique
1506 257 1773 313 magistratus

360 315 468 356 cirea
498 316 636 356 omnia
669 315 903 371 pulvinaria
922 314 1099 355 victimis
1131 314 1357 369 majoribus
1393 313 1681 363 sacrificarent,
1702 329 1775 369 po-

359 373 569 428 pulusque
599 380 819 412 coronatus
849 379 966 411 esset.

360 437 473 479 runt,
494 430 615 469 facta.

418 486 543 526 XIV.
591 484 843 525 Censor-ibus
887 483 1036 525 deinde
1077 483 1263 524 creandis
1303 484 1469 525 comitia
1497 484 1633 525 edicta
1662 490 1771 524 sunt.
1825 518 1826 521 ,

358 542 570 597 petierunt
592 556 806 582 censuram
827 541 1032 597 principes
1053 540 1246 590 civitatis,
1271 541 1317 581 C.
1337 540 1525 581 Valerius
1558 540 1772 590 Laevinus,

1821 71 1826 218 ἔ

1823 220 1826 300 3

1044 371 1205 421 Omnia,
1240 370 1302 412 uti
1331 371 1552 411 decemviri
1582 370 1773 426 ⁶¹prae'1'e-
1824 386 1826 427 ς

1824 473 1826 502 4

360 599 412 639 L.
431 598 672 639 Postumius
694 598 890 647 Albinus,
914 599 961 638 P.
981 597 1152 637 qucius
1187 597 1384 647 Scaevola,
1408 598 1470 637 M.
1489 598 1517 637 J
1522 597 1645 638 unius
1668 598 1774 637 Bru-
1823 642 1824 646 Ἰ

359 663 442 705 tus,
476 656 522 696 C.
543 654 746 695 Claudius
780 654 974 703 Pulcher,
999 655 1066 695 Ti.
1093 653 1360 710 Sempronius
1393 653 1620 694 Gracchus.
1681 654 1774 694 Hos

358 712 464 752 duos
499 726 684 752 censores
714 711 868 753 creavit
898 711 1079 767 populus
1111 712 1338 751 Romanus.
1411 711 1552 760 Quum
1588 709 1774 751 delectus

356 767 536 808 habendi
567 769 713 824 major,
749 783 876 823 quam
911 767 1025 817 alias,
1053 776 1231 823 propter¹
1260 766 1580 808 Macedonicum
1615 766 1772 808 bellum

356 839 457 865 cura
495 833 615 873 esset,
656 825 843 865 consules
881 824 1044 879 plebem
1096 825 1209 879 apud
1264 832 1452 865 senatum
1507 823 1770 873 accusabant,

354 881 509 937 ‘³²quod
529 890 569 922 ct
596 881 784 938 juniores
815 896 897 921 non
929 881 1236 936 responderent.
1298 881 1515 921 Adversus
1548 895 1652 935 quos
1673 878 1707 903 ⁶³
1721 880 1768 920 C.

357 938 566 994 Sulpicius
607 946 648 979 et
680 939 743 978 M.
769 937 971 978 Claudius
1001 936 1159 978 tribuni
1188 937 1320 992 plebis
1355 951 1539 977 caussam
1582 943 1769 992 egerunt.

354 996 451 1036 Non
481 995 716 1043 consulibus,
737 997 807 1035 sed
834 995 1057 1034 ambitiosis
1085 994 1320 1042 consulibus,
1353 995 1540 1033 delectum
1571 994 1773 1049 (lgfficilem

354 1068 448 1093 esse.
479 1052 513 1075 ⁶4
529 1054 720 1092 neminem
743 1053 911 1092 invitum
933 1053 1097 1091 militem
1119 1051 1171 1090 ab
1192 1052 1369 1104 iistficri.
1429 1050 1461 1074 ⁶⁵
1475 1051 1529 1091 Id
1548 1051 1606 1090 ita
1629 1057 1673 1090 ut
1693 1065 1773 1090 esse

351 1111 502 1150 scirent
531 1115 571 1149 et
602 1111 752 1150 Patres
784 1110 1014 1161 conscripti,
1030 1114 1241 1160 prcetores,
1261 1107 1441 1161 &quihus
1460 1114 1498 1148 et
1519 1109 1578 1148 vis
1611 1108 1774 1160 imperii

353 1168 485 1207 minor
516 1173 554 1206 et
585 1167 808 1206 auctoritas
840 1172 948 1211 esset,
979 1167 1180 1213 delectum,
1205 1167 1241 1205 si
1270 1167 1329 1205 ita
1360 1167 1521 1205 senatui
1551 1165 1769 1215 videretur,

350 1222 596 1276 perfecturos
616 1238 710 1264 esse.
772 1223 824 1263 Id
846 1222 1096 1278 praetoribus
1116 1221 1305 1277 ⁶⁷magna
1338 1223 1514 1263 Patrum
1531 1223 1554 1247 ³¹⁶
1568 1236 1649 1262 non
1684 1220 1769 1262 sine

352 1280 614 1335 sugillatione
654 1279 886 1329 consulum,
918 1279 1161 1319 mandatum
1203 1275 1276 1319 est.
1340 1280 1553 1328 Censores,
1590 1286 1638 1320 ut
1678 1293 1768 1319 eam

352 1334 438 1377 rem
474 1337 738 1393 adjuvarent,
772 1336 833 1377 ita
866 1336 907 1376 in
955 1335 1148 1376 concione
1180 1335 1416 1385 edixerunt,
1450 1336 1598 1389 Legem
1638 1336 1774 1376 censui

350 1396 544 1434 censendo
573 1395 750 1434 dicturos
780 1407 873 1442 esse,
895 1399 951 1440 ut,
974 1391 1168 1445 ⁶⁸pra²ter
1197 1406 1396 1432 commune
1424 1395 1595 1432 omnium
1626 1393 1770 1433 civium

335 1449 640 1504 jusjurandum,
663 1451 747 1490 lccec
766 1449 1008 1503 adjurarent
1022 1467 1033 1488 .-
1073 1449 1135 1488 Tu
1155 1451 1286 1489 minor
1305 1450 1427 1489 anuis
1446 1464 1514 1490 sex
1534 1455 1571 1489 et
1592 1450 1770 1502 quadra-

344 1509 467 1561 ginta
500 1522 552 1556 es,
575 1514 695 1561 tuque
710 1522 758 1547 ex
785 1508 915 1547 edicto
951 1507 994 1547 C.
1015 1506 1195 1554 Claudii,
1224 1506 1288 1546 Ti.
1310 1507 1540 1559 Sempronii
1569 1520 1770 1547 censorum

349 1566 407 1605 ad
437 1566 626 1605 delectum
651 1565 848 1617 prodito.-
893 1570 944 1611 et,
968 1564 1282 1617 quotiescumque
1312 1564 1483 1604 delectus
1503 1564 1595 1612 erit,
1612 1562 1646 1587 69
1658 1577 1770 1617 quem

349 1622 415 1662 hic
445 1636 623 1663 censores
654 1622 933 1675 magistratum
965 1619 1200 1670 habebunt&
1221 1621 1259 1660 si
1278 1621 1389 1660 miles
1402 1620 1548 1675 factus
1574 1635 1653 1660 non
1675 1621 1768 1671 eris,

350 1680 393 1719 in
416 1680 568 1719 delectu
591 1678 794 1731 prodibis.
855 1678 980 1727 Item,
1003 1676 1104 1732 quia
1122 1676 1234 1717 fama
1253 1685 1356 1727 erat,
1379 1677 1533 1718 multos
1554 1692 1605 1717 ex
1629 1677 1769 1718 Mace-

704 1779 721 1804 Ρ
736 1777 778 1806 his
793 1776 953 1806 censoribus
967 1776 1156 1816 magistratus
1170 1775 1311 1805 habebunt
1327 1774 1417 1806 Crev.

350 1862 408 1893 tari
425 1861 500 1903 quin
514 1861 559 1892 ita
583 1861 689 1892 Livius
712 1860 878 1901 scripserit.
924 1861 1038 1892 Cetera
1124 1861 1165 1890 64
1197 1860 1346 1890 Neminem
1371 1861 1497 1890 invitum
1525 1862 1645 1892 militem
1670 1863 1705 1892 ab
1734 1863 1768 1892 iis

349 1905 407 1935 etsi
430 1905 513 1935 haud
543 1904 637 1934 dubie
664 1910 801 1934 mentem
829 1903 908 1934 Livii
936 1903 1036 1945 expri-
1072 1902 1161 1944 fieri]
1185 1903 1390 1951 Sic-probant
1405 1903 1560 1945 Sulpicius
1575 1910 1605 1935 et
1628 1905 1766 1936 Marcel-

349 1954 448 1984 munt,
465 1958 523 1978 nec
549 1953 677 1988 possunt
698 1947 788 1987 longe
810 1946 893 1977 abire
919 1947 957 1976 ab
973 1946 1038 1988 ejus

348 1990 511 2032 scriptura,
542 1990 658 2020 habent
687 1995 792 2020 tamen
815 1989 934 2030 aliquid
957 1989 1032 2020 den-

348 2033 411 2063 sius
433 2032 661 2074 quodammodo
683 2038 714 2063 et
737 2032 825 2074 quasi
857 2032 1033 2068 confertius,

349 2086 444 2117 quam
460 2076 538 2106 solet
554 2074 672 2106 Livius.

391 2119 430 2149 61
442 2119 460 2136 ⁹*
472 2118 660 2158 Prrae‘ierufut]
693 2117 767 2149 Vid.
784 2122 848 2149 not.
863 2118 892 2148 8.
917 2116 956 2148 ad
973 2117 1034 2148 IV.

391 2204 432 2234 62
466 2203 549 2238 Quod
575 2209 602 2233 et
626 2202 779 2243 jzmim-es]
818 2203 964 2245 Superest
1004 2201 1038 2234 τὸ

349 2253 388 2283 et,
405 2251 457 2277 aut
473 2246 562 2287 plura
576 2245 696 2276 desunt.

391 2289 431 2320 63
458 2289 492 2319 C.
509 2289 657 2328 Sulpicius
685 2294 712 2318 et
740 2287 787 2318 M.
807 2288 950 2318 Claudius
979 2289 1034 2317 tri-

347 2333 434 2373 buni]
466 2332 533 2361 Imo
559 2337 707 2370 proetores.
759 2330 787 2360 Ii
817 2336 848 2361 et
877 2340 980 2371 supra,
1007 2340 1034 2360 c.

350 2374 398 2404 1]-
426 2379 634 2404 memorantur
661 2373 741 2403 inter
774 2379 919 2414 praetores
945 2373 1036 2413 hujus

349 2416 441 2453 anni3
465 2421 495 2446 et
517 2416 578 2452 hic,
594 2415 665 2446 ideo
688 2415 762 2456 quia
784 2421 929 2456 praetores
951 2421 1033 2451 sunt,

348 2459 505 2501 postulant
534 2464 569 2488 ut
595 2458 734 2488 delectus
763 2468 837 2488 cura
873 2458 1035 2488 mandetur

349 2501 549 2544 praetoribus;
581 2506 623 2535 et,
646 2501 783 2542 perfecto
805 2510 824 2530 a
854 2501 1035 2542 praetoribus

351 2544 486 2579 delectu,
513 2543 660 2584 jubentur
690 2553 719 2573 c.
737 2544 785 2573 15.
816 2553 854 2573 ex
882 2543 929 2573 his
958 2553 1036 2583 quas

350 2587 542 2629 scripsissent
562 2585 747 2626 legionibus,
768 2595 845 2626 quas
868 2585 1033 2622 videretur,

351 2629 469 2660 consuli
491 2629 576 2659 dare.
620 2628 741 2669 Scripta
762 2627 845 2658 haud
868 2627 961 2658 dubie
978 2628 1035 2658 fuit

353 2683 411 2703 vox
446 2678 581 2712 praetores
614 2681 668 2712 per
703 2670 781 2700 duas
816 2670 935 2700 litteras
966 2670 1033 2699 PR.

351 2715 434 2746 unde
457 2713 572 2745 librarii
594 2724 649 2754 pro
672 2713 762 2743 solita
777 2713 952 2748 oscitantia,
969 2723 1033 2743 ma-

353 2757 434 2788 xime
465 2756 539 2798 quia
576 2756 762 2797 sequebatur
798 2755 943 2786 continuo
977 2766 1034 2785 vox

350 2801 449 2838 plebis,
479 2800 618 2830 fecerunt
658 2799 722 2829 TR.
753 2798 785 2829 id
821 2804 877 2834 est,
914 2800 1035 2829 tribuni.

354 2843 432 2874 Haec
448 2843 510 2874 sere
525 2840 712 2874 Perizonius.

1082 1947 1131 1976 lus
1146 1946 1323 1977 ambitlosos
1348 1956 1413 1977 esse
1437 1950 1590 1984 consules,
1605 1947 1658 1988 qui
1680 1953 1765 1978 metu

1077 1988 1281 2020 offensionum
1318 1989 1473 2020 nerninem
1512 1989 1646 2021 militare
1682 1989 1762 2021 invi-

1078 2037 1142 2062 tum
1160 2037 1316 2072 cogerent.

1121 2075 1239 2105 65*Isl
1261 2076 1302 2104 ita
1324 2080 1359 2104 ut
1382 2072 1452 2115 esse]
1478 2075 1523 2106 Ut
1549 2081 1652 2117 patres
1678 2076 1761 2107 Con-

1079 2117 1185 2159 scripti
1201 2127 1323 2158 quoque
1338 2117 1452 2148 scirent
1465 2116 1497 2148 id
1511 2117 1556 2148 ita
1571 2128 1647 2148 esse.

1123 2160 1165 2191 66
1202 2161 1312 2194 Quibus
1347 2166 1375 2191 et
1403 2161 1444 2190 vis
1471 2162 1585 2200 imperii
1612 2163 1707 2192 minor
1738 2167 1765 2191 et

1081 2205 1239 2233 auctoritas
1257 2202 1339 2243 esset]
1365 2203 1504 2240 Quorum
1527 2208 1558 2233 et
1580 2203 1678 2235 minor
1692 2209 1759 2246 pot-

1082 2251 1175 2282 estas,
1204 2251 1235 2277 et
1260 2245 1358 2276 minor
1393 2244 1532 2286 dignatio
1568 2252 1657 2277 esset.
1724 2247 1763 2277 In

1078 2291 1196 2328 imperio
1235 2294 1282 2319 est
1320 2287 1367 2318 vis
1408 2288 1556 2328 cogendi:
1605 2291 1763 2320 auctoritas

1080 2330 1309 2362 venerationem
1345 2330 1504 2362 conciliat.
1561 2331 1660 2373 Supra
1686 2332 1707 2363 l.
1735 2333 1765 2363 I.

1080 2384 1109 2404 c.
1124 2375 1155 2405 7.
1181 2374 1316 2404 Evander
1339 2379 1401 2403 tum
1423 2384 1456 2403 ea
1479 2395 1488 2404 .
1520 2395 1529 2404 .
1554 2396 1563 2404 .
1588 2376 1763 2406 auctoritate

1078 2418 1170 2457 magis
1184 2427 1272 2456 quam.
1289 2417 1404 2454 imperio
1419 2417 1534 2457 regebat
1550 2417 1619 2446 loca.

1122 2459 1161 2489 67
1187 2459 1301 2499 Magna
1324 2459 1450 2488 Patrum
1479 2460 1672 2500 consensione]
1704 2458 1765 2490 Ul-

1078 2501 1186 2532 timam
1203 2511 1308 2531 vocem
1325 2500 1440 2542 adjecit
1455 2501 1608 2541 Sigonius,
1624 2507 1659 2532 ut
1673 2512 1761 2533 man-

1080 2554 1149 2574 cum
1166 2544 1268 2573 locum
1285 2543 1432 2585 expleret.

1121 2587 1160 2616 68
1194 2587 1309 2615 Praerer
1336 2596 1484 2615 commuue
1508 2608 1516 2615 .
1539 2607 1547 2615 .
1573 2608 1581 2618 .
1601 2588 1762 2626 jusjuran-

1078 2627 1162 2666 dum]
1179 2628 1252 2659 Vid.
1269 2634 1332 2658 not.
1348 2629 1396 2658 14.
1413 2628 1453 2658 ad
1469 2627 1490 2658 l.
1508 2628 1536 2658 I.
1551 2639 1580 2660 c.
1597 2630 1647 2660 42.

1121 2671 1161 2700 69
1188 2672 1277 2704 Quem
1309 2672 1351 2700 his
1387 2672 1547 2701 censoribus
1578 2673 1762 2713 magistratus

1079 2713 1235 2754 habebunt]
1274 2713 1325 2743 Sic
1363 2713 1540 2744 emendavit
1577 2714 1763 2745 Gronovius.

1080 2756 1180 2786 Vetus
1216 2755 1308 2786 lectio
1345 2756 1468 2786 omnino
1508 2762 1647 2798 corrupta
1686 2762 1762 2793 erat,

1078 2809 1160 2837 quem
1198 2799 1243 2829 hic
1279 2810 1403 2829 censores
1440 2801 1641 2840 magistratum
1680 2801 1761 2830 hahe-

1080 2842 1162 2872 bunt.
