1826 3149
116 203 156 234 U.
168 202 204 232 C.
221 200 295 231 583.

116 246 156 275 A.
171 245 208 275 C.
225 244 295 274 169.

116 287 224 327 Legati

115 331 206 360 Rom.
223 329 254 359 in

115 372 251 404 Graecia.

118 1499 221 1533 Persei
235 1510 288 1531 ex-

116 1543 230 1586 peditio
245 1544 277 1573 in

120 1586 292 1629 Illyricum.

330 77 402 111 112
857 71 994 111 ΤΙΤΙ
1041 72 1211 110 LIVII

328 189 480 233 cerent,
502 181 613 223 missi
635 190 747 231 sunt,
767 182 821 222 T.
840 181 1007 222 Annius
1029 182 1206 230 Luscus,
1231 182 1278 222 P.
1298 179 1452 222 Decius
1476 181 1650 231 Subulo,
1674 182 1738 222 M.

331 239 546 280 Cornelius
569 239 792 294 Cetheous.
853 238 1015 278 Eodem
1050 253 1158 278 anno
1191 240 1238 279 C.
1258 237 1463 294 Popillius
1494 246 1536 280 et
1562 240 1638 279 Cn.
1661 239 1741 279 Oc-

328 296 464 337 tavius
485 296 625 359 legati,
647 295 720 350 qui
742 295 783 334 in
806 294 1013 335 Graeciam
1035 294 1146 334 1111551
1167 303 1299 345 erant,
1322 295 1741 358 senatusconsultum,

330 353 490 393 Thebis
510 367 690 409 prunum
712 350 946 401 recitatum,
968 366 1042 406 per
1062 366 1203 392 01111165
1228 352 1501 416 Peloponnesi
1522 352 1646 393 urbes
1667 351 1744 392 cir-

327 409 534 470 cumtuler
536 417 626 458 unt,
644 408 709 447 Ne
724 422 812 461 ραις
827 409 948 448 ullam
966 423 1047 448 rem
1063 409 1105 448 in
1120 408 1260 448 bellum
1277 410 1446 462 magistr
1447 409 1580 449 atzbus
1592 409 1746 449 Roma-

327 481 390 506 ms
403 466 620 520 corferret,
639 472 910 518 prceterquam
930 466 1036 519 quod
1053 471 1214 506 senatus
1228 467 1450 506 censuisset.
1483 467 1578 506 Hoc
1597 465 1745 507 fiduci-

327 539 392 563 am
414 523 455 563 in
475 530 687 585 posterum
721 537 890 577 quoque
919 521 1172 585 praebuerat,
1195 522 1351 564 levatos
1383 538 1424 563 se
1444 522 1746 578 oneribusque¹

327 580 605 635 inpenfflsque,
628 578 797 634 quibus,
819 579 900 619 alia
920 579 1010 620 aliis
1041 578 1356 634 imperantibus,
1379 579 1743 620 exhauriebantur.

328 636 553 676 9⁶²Acha'1'co
588 635 760 676 concilio
792 635 921 691 Arois
962 635 1135 691 agitato,
1166 635 1382 691 9³benigne
1423 635 1552 677 locuti
1593 635 1745 677 auditi-

327 708 424 748 que,
457 690 665 747 ⁹¹egregia
707 707 778 748 spe
808 692 942 733 futuri
974 700 1107 733 status
1137 692 1336 734 fidissima
1363 701 1487 748 gente
1516 691 1673 742 relicta,
1703 692 1746 733 in

328 748 530 789 AEltoliam
551 750 815 805 trajecerunt.
879 750 945 790 Ibi
968 750 1153 789 nondum
1175 749 1344 804 quidem
1374 749 1520 790 seditio
1549 756 1652 799 erat,
1675 749 1748 790 sed

326 805 504 845 ⁹⁵0mnia
543 814 748 861 suspecta,
781 805 1084 861 criminumque
1114 806 1221 847 inter
1251 806 1362 869 ipsos
1387 806 1524 869 plena.
1556 806 1610 847 ob
1649 821 1746 861 quae

327 862 543 903 obsidibus
587 862 823 917 postulatis,
854 877 990 917 neque
1031 862 1145 903 exitu
1178 862 1236 903 rei
1266 863 1459 918 inposito,
1490 877 1532 902 111
1563 863 1748 903 Acarna-

328 919 438 959 niam
459 918 554 959 inde
584 918 760 974 profecti
793 918 919 975 leoati
955 927 1064 960 sunt.
1124 918 1318 975 ⁹⁶Thy1·ii
1351 918 1568 959 concilium
1602 919 1756 975 legatis*

329 976 569 1016 Acarnanes
601 975 819 1016 dederunt.
883 974 951 1016 Ibi
987 991 1156 1031 quoque
1186 976 1295 1017 inter
1326 975 1526 1016 factiones
1555 984 1643 1017 erat
1664 991 1749 1016 cer-

327 1040 489 1073 tam-en:
536 1031 708 1087 quidam
740 1031 978 1088 principum
1011 1032 1237 1088 postulare,
1260 1040 1308 1074 ut
1329 1032 1524 1088 praesidia
1555 1032 1596 1073 in
1626 1033 1750 1074 urbes

328 1104 423 1130 suas
443 1088 740 1130 inducerentur
759 1088 959 1130 adversus
988 1089 1210 1130 amentiam
1241 1104 1399 1139 eorum,
1421 1089 1534 1144 ⁹⁷qui
1566 1089 1620 1130 ad
1654 1090 1750 1130 Maf-

328 1145 504 1186 cedonas
537 1154 704 1201 gentem
737 1145 982 1187 trahebant:
1014 1160 1111 1201 pars
1143 1161 1346 1196 recusare,
1369 1161 1434 1196 ne,
1451 1146 1607 1210 9⁸quod
1639 1146 1750 1187 bello

328 1202 480 1265 captis
501 1210 543 1243 et
584 1202 775 1243 hostibus
804 1217 892 1244 mos
921 1211 1042 1252 esset,
1073 1202 1116 1243 id
1146 1211 1306 1258 pacatae
1335 1209 1378 1244 et
1408 1219 1527 1244 sociae
1562 1202 1751 1244 civitates

328 1258 565 1315 ignominiae
595 1260 840 1314 acciperent.
911 1260 941 1299 J
945 1267 1040 1301 usta
1068 1259 1304 1315 deprecatio
1332 1260 1422 1323 haec
1452 1259 1551 1301 visa.
1612 1259 1753 1300 Laris-

330 1331 416 1356 sam
446 1315 500 1356 ad
531 1316 762 1357 Hostilium
803 1316 1091 1372 proconsulem
1136 1316 1209 1368 (ab
1239 1331 1287 1357 eo
1317 1316 1425 1357 enim
1455 1316 1567 1357 missi
1609 1318 1748 1372 erant)

330 1372 456 1427 legati
477 1372 702 1413 redierunt.
764 1373 987 1414 Octavium
1008 1373 1179 1414 retinuit
1197 1389 1349 1414 secum.
1410 1373 1638 1437 Popillium
1655 1388 1750 1414 cum

329 1429 442 1469 1111116
461 1429 591 1470 ferme
612 1429 844 1470 militibus
835 1445 878 1470 m
900 1429 1074 1470 hiberna
1094 1430 1362 1471 Ambraciam
1379 1430 1502 1471 misit.

391 1487 573 1526 XVIII.
607 1487 797 1536 Perseus,
819 1486 1026 1549 principio
1054 1486 1200 1528 hiemis
1232 1487 1373 1543 egredi
1410 1486 1670 1528 Macedoniae
1705 1487 1752 1527 fi-

332 1543 455 1584 nibus
489 1557 572 1583 non
606 1558 748 1593 ausus,
779 1558 830 1583 ne
865 1559 950 1598 qua
978 1558 1021 1583 111
1050 1559 1226 1598 regumn
1257 1559 1435 1585 vacuum
1466 1544 1752 1607 inrumperent

333 1599 528 1648 Romani,
570 1599 648 1640 sub
688 1608 854 1654 tempus
905 1600 1081 1649 brumae,
1123 1615 1255 1655 quum
1307 1600 1659 1656 inexsuperabiles
1698 1601 1752 1642 ab

333 1655 552 1696 Thessalia
582 1664 743 1697 montes
774 1671 879 1696 nivis
914 1655 1095 1697 altitudo
1119 1656 1235 1707 facit,
1256 1672 1508 1705 occasmnem
1530 1673 1616 1697 esse
1636 1665 1753 1699 ratus

331 1712 551 1768 frangendi
578 1712 850 1753 finitimorum
873 1728 965 1768 spes
985 1712 1240 1769 animosque,
1263 1729 1314 1754 ne
1334 1713 1453 1769 quid,
1475 1729 1619 1755 averso
1640 1729 1681 1755 se
1709 1714 1751 1755 in

334 1770 571 1810 Romanum
593 1769 766 1819 bellum,
788 1769 962 1824 periculi
985 1770 1184 1820 subesset,
1207 1786 1338 1825 quum
1361 1786 1385 1811 a
1407 1770 1590 1811 Thracia
1609 1786 1752 1826 pacem

334 1828 479 1905 (otyls,
510 1826 563 1866 ab
595 1825 727 1881 Epiro
760 1826 971 1881 Cephalus
1011 1827 1227 1882 repentina
1270 1827 1499 1868 defectione
1534 1842 1560 1868 a
1600 1828 1754 1868 Roma„

335 1898 398 1923 nls
436 1882 719 1939 1praestarent,
751 1882 971 1924 Dardanos
1011 1898 1151 1924 recens
1190 1883 1417 1926 domuisset
1458 1883 1581 1935 bello,
1621 1884 1755 1926 solum

859 2005 876 2023 Χ
890 2004 1022 2034 oneribus
1037 2003 1134 2034 Gron.
1151 2004 1241 2035 Crcv.

374 2101 416 2131 92
448 2102 576 2132 Achaico
614 2102 733 2132 concilii
771 2102 835 2131 ΑΓΗ
813 2101 874 2143 gis]
915 2102 986 2144 Rep
989 2113 1022 2133 o·

333 2143 469 2174 nendum
499 2150 545 2175 est
573 2145 669 2186 AEgii,
698 2155 735 2175 ex
772 2145 882 2186 Polyb.
911 2146 1023 2187 Legat.

377 2209 424 2259 ,93
457 2229 589 2268 Benimze
624 2230 729 2276 Ios-uti]
771 2229 829 2261 Sed
861 2230 960 2270 magis
989 2235 1024 2261 ut

333 2271 482 2302 servirent
504 2256 704 2313 tempmibus,
728 2283 822 2314 quam
846 2283 882 2303 ex
908 2272 1024 2305 animo.

335 2314 459 2344 Etenim
501 2317 684 2351 dicebantur,
719 2315 822 2357 inquit
862 2315 1023 2357 Polybius,

334 2359 503 2386 accusaturi
540 2358 708 2397 Lycortam,
739 2365 766 2388 et
795 2358 967 2394 Archonem,
997 2365 1025 2389 et

336 2399 501 2440 Polybiwn,
547 2407 684 2440 tanquam
721 2402 829 2431 alienos
865 2413 883 2430 a
923 2403 1025 2440 populi

337 2441 462 2472 Romani
494 2443 585 2472 rebus.
640 2443 676 2473 Id
706 2450 802 2473 tamen
825 2443 931 2484 facere
964 2456 1022 2474 mm

334 2491 402 2514 sunt
435 2486 511 2521 ausi,
541 2486 616 2524 quod
651 2487 765 2515 nullam
804 2497 919 2516 causam
955 2488 1023 2517 satis

333 2528 505 2566 probabilem
535 2528 681 2564 haberent,
705 2539 760 2559 cur
789 2539 834 2559 eos
862 2539 923 2559 ‘reos
953 2540 1021 2571 age-

333 2577 410 2612 rent.

377 2613 419 2643 94
443 2612 573 2654 Egregia
594 2613 656 2653 spe]
688 2613 726 2643 Id
753 2617 810 2649 est,
835 2613 868 2643 in
898 2614 1022 2655 egregia

335 2666 388 2696 spe
417 2655 511 2686 futuri
545 2660 653 2687 status.
712 2656 870 2691 Ceterum,
901 2657 927 2687 si
962 2657 1022 2688 hoc

335 2697 441 2729 durius
454 2698 585 2734 videtur,
598 2698 667 2739 lege
680 2709 751 2729 cum
765 2700 907 2730 Mureto:
927 2700 1020 2741 Egre-

331 2742 383 2781 gia
397 2752 444 2780 spe
465 2762 474 2769 .
499 2764 508 2771 .
532 2763 540 2771 .
554 2742 705 2782 fidissimoe
718 2743 801 2782 genti
815 2742 928 2772 relicta.

379 2784 420 2814 95
446 2783 552 2814 Omnia
578 2790 706 2823 suspecta
735 2785 946 2825 c'rimimmnque
974 2786 1020 2815 in-

336 2831 379 2854 ter
415 2827 486 2866 ipsos
519 2827 623 2867 plena]
664 2827 747 2857 Rem
774 2826 869 2858 fusius
897 2828 1023 2870 exponit

1066 2102 1226 2145 Polybius,
1250 2102 1402 2144 docetque
1433 2102 1663 2134 criminationes
1684 2102 1755 2134 illas

1065 2145 1138 2176 inde
1168 2152 1250 2177 ortas
1273 2156 1352 2182 esse,
1376 2146 1459 2187 quod
1482 2145 1514 2176 hi
1537 2151 1655 2177 ceteros
1678 2156 1751 2177 con-

1066 2189 1230 2220 tenderent
1259 2189 1343 2220 haud
1366 2189 1487 2220 sincera
1508 2188 1568 2220 fide
1591 2199 1663 2220 cum
1686 2190 1753 2220 Ro-

1067 2231 1167 2262 manis
1204 2232 1339 2270 sentire3
1376 2231 1422 2261 illi
1458 2237 1654 2263 accusatores
1683 2242 1754 2263 suos

1068 2273 1232 2305 calumniis
1254 2274 1286 2304 in
1309 2285 1341 2305 se
1364 2274 1495 2314 grassari
1517 2274 1669 2312 dicerent,
1691 2285 1753 2317 quo

1067 2317 1290 2359 potentioribus
1306 2317 1516 2348 adularentur.

1109 2360 1152 2390 96
1177 2361 1296 2401 Thurii]
1333 2360 1455 2391 Nomen
1480 2359 1571 2400 hujus
1592 2359 1677 2391 urbis
1699 2370 1751 2392 va-

1067 2401 1109 2432 rie
1161 2403 1312 2438 scribitur,
1371 2401 1545 2444 Τψτῖιοιηη,
1597 2403 1754 2444 ΤΙιῃνευπι,

1068 2445 1223 2482 Thmium,
1279 2446 1432 2486 Thyriztm.
1508 2445 1591 2477 Vide
1641 2446 1756 2478 Cellar.

1067 2488 1180 2528 Geogr.
1195 2489 1271 2519 Ant.
1287 2489 1333 2519 ΙΙ.
1351 2488 1402 2518 13.

1116 2531 1158 2561 97
1191 2531 1250 2566 Qm·
1277 2532 1316 2561 ud
1345 2530 1518 2563 Macedonas
1546 2537 1663 2572 gentem
1692 2538 1755 2562 ira-

1066 2573 1186 2614 hebmzt]
1227 2572 1412 2604 Emendatio
1453 2572 1611 2605 Gronovii.
1668 2574 1753 2605 Olim

1064 2617 1103 2645 ad
1119 2616 1349 2648 Illacedmzicam.

1107 2658 1148 2688 98
1180 2658 1264 2692 Quod
1287 2660 1358 2689 bello
1381 2661 1473 2698 capiis
1497 2666 1524 2690 et
1549 2660 1673 2689 hostibus
1696 2670 1754 2690 mos

1064 2701 1148 2742 esset]
1178 2701 1296 2737 Potius,
1323 2703 1397 2743 qnod
1422 2703 1492 2733 bello
1516 2707 1612 2741 captos
1635 2707 1663 2733 et
1687 2702 1749 2732 hos-

1065 2751 1106 2773 tes
1139 2755 1196 2774 mos
1229 2751 1308 2780 esset,
1336 2749 1371 2775 ut
1405 2744 1595 2787 intelligatur
1622 2745 1752 2784 accipere

1065 2787 1240 2828 ignominiae.
1286 2787 1502 2820 Gnoxovms.

1112 2829 1124 2858 l
1153 2829 1349 2873 Proestarent]
1383 2829 1434 2862 Sic
1457 2830 1636 2863 vetustiores
1659 2829 1751 2862 editi:
