1816 3159
273 84 350 119 352

280 193 343 221 Lex
360 191 500 224 Curiata,
516 193 548 226 5,
565 192 615 219 46.
634 193 668 227 9,
683 194 737 220 88.

300 251 345 258 --
361 235 476 263 Decem
492 233 686 269 tabularum,
703 239 736 270 3,
753 237 805 262 34.

299 296 342 302 —
359 278 585 307 Decemvirales
609 278 722 314 quibus
747 277 863 306 tabulis
890 276 966 305 duo-

326 322 425 351 decim
443 325 490 350 est
507 330 633 352 nomen,
647 321 679 349 in
697 330 738 349 aes
755 319 873 356 incisae,
888 324 920 349 et
936 320 968 349 iu

322 365 448 403 publico
466 364 644 403 propositae.
662 369 695 398 3,
713 367 764 394 57.

297 426 341 433 —
357 409 394 438 de
410 409 561 437 dictatore
576 407 721 443 creando,
738 411 772 442 2,
796 410 841 434 18.

297 452 456 488 —Flavii,
480 453 517 480 ut
544 451 575 478 in
599 451 797 479 Tusculanos
827 450 967 479 animad-

321 499 474 529 vertatur,
490 498 521 527 8,
538 498 590 524 87.

299 554 343 560 -
360 538 508 573 Horatia,
526 541 559 572 3,
579 540 630 565 55.

299 597 343 604 —-·
360 582 447 610 Icilia
462 581 498 608 de
518 580 687 612 Aventino,
705 583 738 615 3,
755 584 808 609 32.

298 642 341 648 --
358 624 489 659 Licinia,
508 624 544 651 de
560 623 687 652 consule
703 633 740 652 ex
756 623 844 662 plebe
860 632 967 652 crean-

321 670 373 701 do,
392 673 422 699 7.
441 671 492 696 21.
511 671 560 695 22.
579 671 609 696 et
626 669 679 696 25.

299 728 343 736 -
358 711 479 740 Licinia
503 710 619 746 Sextia,
643 711 680 739 dc
706 720 765 740 aere
792 710 907 747 alieno,
930 709 967 739 de

320 755 413 785 modo
426 763 584 793 agrorum,
598 754 635 783 de
651 755 816 783 consulatu
829 753 965 793 plebeio,

321 802 354 836 6,
370 803 423 828 35.

296 860 340 867 --
355 842 556 879 magistratus
581 840 691 880 plebeii
709 850 747 870 ne
763 843 892 880 pateant
911 850 966 880 pa-

319 886 423 918 tricio,
438 889 471 921 4,
487 889 538 913 25.

295 948 339 955 ...
353 930 391 958 de
407 929 595 957 muletarum
611 927 831 961 aestimatione,
849 932 881 963 4,
898 931 951 956 30.

296 989 340 997 -
355 973 473 1011 Oppia,
485 972 522 1000 de
536 971 623 1000 cultu
636 977 865 1005 matronarum,
875 975 964 1006 34,1.

319 1018 502 1055 abrogatur,
519 1019 548 1044 8.

294 1077 335 1085 -—
353 1059 488 1098 Papiria,
505 1067 566 1096 qua
583 1058 747 1087 Acerranis
771 1057 881 1087 civitas
897 1058 965 1087 sine

319 1103 467 1141 suffragio
483 1103 587 1137 datur,
607 1105 638 1137 8,
658 1106 706 1133 17.

295 1165 339 1173 -
355 1147 392 1175 de
407 1145 634 1185 perduellione,
656 1148 687 1182 1,
702 1147 754 1174 26.

295 1208 339 1215 ·—
354 1189 490 1225 Petillia,
507 1193 562 1223 37,
580 1192 630 1217 54.

294 1250 339 1256 —-
354 1237 390 1262 ut
406 1232 569 1271 plebiscita
584 1240 693 1260 omnes
712 1230 853 1263 Quirites
875 1233 963 1260 tene-

317 1280 401 1313 rent,
421 1280 453 1309 3,
473 1279 525 1304 55.
543 1279 645 1311 8,12.

294 1336 338 1344 —-
354 1319 498 1353 Poetelia‚
511 1319 548 1347 de
562 1318 712 1347 nundinis
726 1322 758 1347 et
771 1317 962 1347 conciliabu-

316 1364 354 1393 lis
370 1362 535 1398 obeundis,
552 1367 584 1397 7,
603 1366 650 1390 15.

293 1426 337 1432 -
352 1406 473 1442 Porcia,
492 1415 547 1443 pro
562 1409 650 1441 tergo
666 1404 797 1440 civium,
819 1408 867 1443 10,
887 1410 917 1435 9.

294 1469 337 1475 -
353 1451 389 1479 de
406 1449 642 1488 provocatione,
658 1453 691 1484 2,
711 1453 739 1477 8.
752 1454 785 1484 3,
798 1452 849 1478 55.
870 1453 919 1484 10,
931 1453 963 1479 9.

315 1503 437 1532 semper
452 1502 470 1522 a
486 1492 603 1521 familia
618 1493 726 1521 eadem
744 1492 819 1528 lata,
838 1492 910 1522 ibid.

286 1553 331 1562 --
347 1540 479 1574 sacrata,
496 1536 528 1565 in
545 1536 638 1566 Sacro
656 1539 765 1566 monte
780 1537 897 1573 lata,2,
911 1539 963 1565 33.

314 1581 381 1611 aliae
395 1584 522 1610 sacratae
540 1580 634 1619 legem
644 1585 677 1615 3,
689 1584 741 1609 82.
755 1584 787 1617 4,
802 1583 851 1609 26.
868 1585 899 1617 7,
911 1583 962 1608 41.

314 1630 347 1662 9,
363 1629 418 1655 39.
434 1626 489 1660 36,
505 1627 559 1653 38.
576 1629 632 1661 39,
651 1628 684 1653 5.

291 1687 336 1693 —
350 1667 482 1697 Senator
496 1677 533 1696 ne
543 1668 625 1706 quis,
636 1667 728 1705 quive
740 1666 895 1696 senatoris
909 1676 961 1705 pa-

314 1714 363 1740 ter
386 1711 512 1747 suisset,
535 1711 723 1742 maritimam
749 1720 873 1745 navem,
893 1719 961 1748 quae

311 1755 383 1794 plus
400 1764 492 1793 quam
510 1757 721 1784 trecentarum
740 1756 960 1794 amphorarum

312 1801 406 1832 esset,
424 1798 566 1833 haberet,
583 1802 638 1834 21,
653 1801 704 1827 63.

291 1857 336 1864 —-
349 1842 534 1878 Terentilla,
552 1846 584 1875 3,
601 1846 631 1873 9.
649 1846 677 1871 et
696 1845 744 1870 10.

290 1902 335 1908 —
349 1885 520 1918 Trebonia,
538 1889 571 1919 3,
590 1888 640 1914 65.
660 1888 691 1917 5,
712 1888 760 1913 10.

290 1945 334 1951 —
349 1929 512 1958 Tribunus
528 1927 664 1957 militum
681 1928 735 1957 ubi
753 1927 822 1965 quis
837 1926 959 1961 suisset,

311 1982 351 2001 ne
364 1976 476 2009 postca
489 1972 633 2000 ordinum
647 1972 759 2000 ductor
771 1974 957 2006 esse2,7,41.

290 2033 333 2040 --
348 2016 547 2044 tribunorum
565 2015 700 2044 militum
713 2014 842 2044 comitia
854 2023 893 2042 ne
906 2014 958 2042 fie-

309 2062 393 2094 rent,
420 2059 646 2096 consulumque
673 2059 783 2096 utique
811 2056 889 2086 alter
916 2067 954 2086 ex

308 2102 398 2140 plebe
414 2108 582 2137 crearetur,
601 2103 631 2136 6,
645 2106 696 2131 35.

288 2161 332 2168 —
347 2146 510 2181 Tribunis,
533 2146 687 2182 aedilibus,
706 2144 879 2182 judicibus,
902 2144 955 2173 de-

310 2189 452 2218 cemviris
468 2189 521 2227 qui
539 2190 708 2221 nocuisset,
727 2193 763 2217 ut
778 2188 845 2226 ejus
862 2192 956 2227 caput

309 2233 382 2262 ,Iovi
399 2242 520 2261 sacrum
538 2236 630 2266 esset,
647 2237 681 2269 3,
701 2236 752 2261 55.

287 2293 330 2300 —
346 2276 482 2311 Valeria,
504 2277 540 2305 de
563 2278 786 2315 provocatione
810 2275 956 2304 adversus

308 2320 509 2354 magistratus
520 2321 556 2349 ad
569 2321 732 2358 populum,
744 2319 957 2357 sacrandoque

308 2370 379 2390 cum
396 2363 487 2392 bonis
503 2364 605 2400 capite
621 2364 701 2401 ejus.
720 2363 773 2401 qui
797 2363 885 2401 regni
906 2372 956 2391 oc-

309 2406 445 2442 cupandi
461 2407 592 2436 consilia
607 2407 730 2442 inisset,
749 2411 780 2440 2,
797 2410 826 2434 8.

286 2462 330 2470 —
347 2449 384 2477 de
400 2448 546 2478 vicesima
561 2450 838 2485 manumissorum,
854 2453 887 2486 7,
906 2452 954 2480 16.

286 2506 330 2513 -—
345 2492 382 2520 de
397 2492 538 2521 unciario
554 2493 688 2525 foenore,
706 2492 779 2522 ibid.

286 2550 330 2556 —
344 2537 480 2569 vetusta,
510 2535 620 2573 priscis
658 2535 756 2564 literis
789 2535 953 2574 verbisque

307 2578 434 2616 scripta,
449 2581 497 2614 ut,
515 2578 566 2616 qui
591 2582 705 2617 praetor
727 2579 880 2608 maximus
896 2581 951 2614 sit,

306 2621 409 2651 idibus
427 2622 661 2660 Septembribus
682 2621 805 2651 clavum
821 2626 952 2661 pangat,

308 2669 341 2701 7,
357 2668 389 2694 3.

283 2723 328 2730 —
338 2707 480 2737 Voconia
489 2709 525 2737 de
534 2707 758 2737 hereditatibus
769 2707 951 2744 mulierum,

306 2754 363 2784 41,
374 2754 428 2780 34.

283 2793 520 2830 -Voleronis‚
544 2797 580 2823 ut
606 2793 718 2832 plebeii
748 2794 947 2828 magistratus

306 2836 431 2867 tributis
448 2837 583 2867 comitiis
601 2838 721 2875 fierent,
739 2840 771 2874 2,
788 2839 838 2866 56.

736 79 911 116 INDEX
940 79 1000 116 IN
1029 78 1076 117 T.
1104 77 1244 116 LIVII

1014 189 1077 219 Lex
1102 198 1141 219 ne
1165 189 1234 227 quis
1251 189 1454 228 magistratus
1471 190 1538 220 sine
1554 195 1703 229 provoca-

1058 234 1145 263 tione
1162 237 1332 269 crearetur,
1346 237 1379 267 8,
1396 237 1447 263 5⁵.

1034 294 1077 301 —
1093 286 1131 306 ne
1155 276 1207 305 cui
1229 277 1332 306 album
1357 277 1390 306 in
1407 277 1629 306 vestimentum
1648 277 1701 306 ad-

1056 321 1126 349 dere
1142 320 1302 358 petitionis
1319 330 1430 349 caussa
1446 321 1550 357 liceat,
1567 324 1599 356 4,
1616 324 1668 349 25.

1033 381 1077 387 -
1093 373 1132 392 ne
1148 363 1216 401 quis
1233 364 1383 402 populum
1407 367 1580 399 sevocaret,
1599 368 1632 399 7,
1653 365 1700 392 16.

1033 422 1078 428 —
1094 416 1133 435 nc
1150 407 1230 444 quis.
1249 408 1308 436 nisi
1323 409 1375 446 qui
1391 417 1503 437 noxam
1521 408 1701 438 meruisset,

1055 450 1154 479 donec
1171 460 1297 488 poenam
1314 452 1426 487 lueret,
1444 451 1475 480 in
1500 450 1700 489 compedibus

1055 498 1110 523 aut
1127 494 1158 522 in
1177 503 1271 523 nervo
1289 499 1447 532 teneatur,
1468 500 1500 532 Β,
1519 498 1572 524 28.

1011 537 1108 576 Leges
1126 537 1229 575 regiae,
1246 541 1278 574 6,
1299 542 1325 567 1.

1033 597 1076 603 -
1090 581 1322 619 decemvirales,
1336 587 1370 618 3,
1387 586 1439 613 57.

1032 641 1075 648 —-
1090 625 1280 656 consulares.
1297 631 1329 658 3,
1348 628 1400 655 56.

1034 684 1078 691 —
1092 667 1277 702 tribunitiae,
1294 668 1371 698 ibid.

1032 729 1076 736 -
1088 710 1260 748 foenebres,
1277 716 1331 744 35.
1349 716 1380 743 7.

1030 772 1074 779 -—-
1090 755 1207 793 Legum
1253 756 1378 794 publice
1423 753 1699 783 examinandarum

1054 807 1134 835 mos,
1146 802 1178 829 3.
1193 802 1246 827 34.

1012 840 1104 870 Liber
1119 845 1209 870 vetus
1227 842 1343 870 linteus
1359 841 1562 876 Samnitium,
1583 844 1633 875 10,
1646 845 1700 870 35.

1012 884 1096 913 Libri
1113 885 1234 921 fatales,
1251 889 1284 922 5,
1306 888 1420 921 1422,
1439 889 1468 916 9.
1486 889 1515 912 et
1533 888 1582 915 57.
1600 888 1655 922 42,
1669 889 1699 912 2.

1030 945 1074 952 —
1090 928 1191 962 lintei,
1207 928 1334 968 repositi
1358 929 1390 957 in
1414 929 1478 957 aede
1501 929 1653 964 Monetae,
1669 933 1700 962 4,

1053 975 1083 1002 7·
1097 976 1127 1000 c!
1140 975 1190 1000 20.

1030 1030 1073 1037 --
1089 1015 1343 1048 magistratuum,
1361 1014 1433 1044 ibid.

1029 1076 1072 1082 —
1087 1059 1200 1088 Numae
1213 1059 1359 1098 Pompilii
1375 1062 1494 1097 septem
1507 1058 1620 1094 Graeci,
1633 1067 1700 1096 sep-

1050 1105 1113 1131 tem
1138 1103 1256 1135 Latini,
1274 1103 1332 1132 sub
1348 1102 1497 1131 ‚Ianiculo
1521 1102 1552 1130 in
1577 1103 1698 1130 duabus

1051 1145 1129 1174 arcis
1154 1146 1281 1185 lapideis
1304 1147 1440 1183 inventi,
1456 1145 1698 1182 comburuntur,

1050 1192 1105 1224 40,
1121 1193 1173 1219 29.

1029 1247 1073 1254 —-
1089 1232 1233 1271 Sibyllini
1245 1233 1433 1271 inspecti,3‚
1443 1236 1491 1261 10.
1503 1236 1591 1268 5,13.
1604 1237 1636 1268 7,
1646 1237 1697 1264 27.

1052 1279 1105 1311 21,
1124 1278 1176 1305 62.
1194 1281 1247 1311 29,
1270 1281 1318 1305 10.
1336 1280 1389 1311 41,
1407 1279 1458 1304 26.
1474 1276 1535 1304 vid.
1554 1277 1681 1315 Sibylla.

1027 1334 1072 1341 -
1087 1319 1215 1348 vaticini
1228 1329 1264 1348 ex
1277 1320 1551 1348 senatusconsulto
1564 1320 1602 1348 ad
1617 1329 1695 1358 prae-

1049 1366 1148 1391 torem
1163 1363 1270 1396 delati,
1285 1366 1340 1398 25,
1363 1366 1389 1392 1.

1008 1405 1112 1434 Liberi
1130 1410 1305 1444 sequuntur
1320 1410 1452 1444 patrem,
1471 1410 1502 1438 4,
1521 1410 1550 1434 4.

1008 1449 1124 1485 Liberi,
1142 1450 1320 1488 Liberaeque
1338 1450 1430 1480 aedes,
1448 1454 1482 1485 3,
1502 1454 1552 1478 55.
1569 1453 1625 1486 41,
1643 1454 1695 1479 33.

1009 1493 1120 1522 Libero
1147 1494 1328 1532 Liberaeque
1356 1493 1445 1532 signa
1472 1501 1559 1521 aenea
1584 1503 1621 1521 ex
1649 1502 1696 1522 ar-

1052 1541 1148 1574 gento
1164 1538 1358 1566 mulctaticio
1372 1537 1486 1575 posita,
1504 1541 1557 1569 33.
1576 1540 1629 1566 25.

1008 1579 1148 1609 Libertas
1164 1582 1281 1620 populo
1296 1582 1439 1610 Romano
1455 1580 1587 1616 reddita,
1607 1584 1638 1615 2,
1656 1584 1681 1607 1.

1007 1624 1177 1653 Libertatis
1194 1626 1273 1653 aedes
1290 1624 1321 1653 in
1336 1625 1509 1660 Aventino,
1527 1628 1582 1660 24,
1604 1626 1651 1652 16.

1008 1667 1176 1697 Libertatis
1194 1672 1308 1700 atrum,
1327 1672 1382 1702 25,
1399 1672 1428 1699 7.
1444 1669 1476 1697 in
1494 1678 1530 1697 eo
1545 1666 1695 1696 custoditi

1049 1711 1172 1740 obsides
1184 1712 1441 1745 Tarentinorum,
1456 1711 1529 1741 ibid.
1545 1711 1695 1744 reficitur,

1048 1759 1103 1790 34,
1120 1759 1171 1784 44.
1189 1756 1252 1784 vid.
1269 1760 1299 1783 et
1315 1760 1368 1791 45,
1390 1759 1436 1783 15.

1004 1798 1157 1827 Libertini
1175 1799 1206 1827 in
1220 1799 1364 1827 militiam
1378 1797 1559 1832 centuriati,
1578 1801 1627 1833 10,
1641 1800 1694 1826 21.

1048 1846 1101 1878 22,
1122 1846 1170 1871 ιι.

1025 1902 1068 1909 —
1084 1885 1116 1914 in
1131 1884 1270 1914 navalem
1294 1884 1442 1914 militiam
1459 1883 1619 1922 descripti,
1634 1886 1692 1919 40,

1057 1932 1106 1958 18.
1120 1933 1174 1965 42,
1188 1933 1239 1959 27.

1004 1971 1236 2001 Libertinorum
1265 1971 1319 2000 filii
1343 1971 1375 2000 in
1400 1972 1544 1999 senatum
1569 1970 1607 1999 ab
1631 1970 1691 2009 Ap.

1041 2015 1174 2045 Claudio
1185 2014 1407 2050 censorelecti‚
1420 2018 1453 2050 9,
1467 2016 1519 2043 46.

1003 2057 1156 2088 Libertini
1166 2060 1198 2088 in
1211 2063 1347 2096 quatuor
1357 2058 1458 2087 tribus
1470 2057 1605 2087 urbanas
1616 2065 1692 2086 con-

1043 2103 1133 2139 jecti,
1149 2108 1181 2139 9,
1197 2105 1250 2131 46.
1266 2106 1321 2138 45,
1341 2106 1388 2131 15.

1002 2145 1200 2182 Libethrum,
1216 2146 1381 2184 oppidum,
1398 2148 1451 2177 44,
1466 2148 1495 2173 5.

1002 2189 1144 2219 Libitina
1156 2190 1206 2219 vix
1218 2189 1373 2218 sufficiens
1385 2188 1562 2224 funeribus,
1573 2190 1626 2221 40,
1641 2189 1690 2217 19.

1044 2237 1099 2270 41,
1118 2237 1170 2263 26.

1001 2276 1093 2313 Libo,
1112 2277 1196 2316 Epit.
1215 2281 1268 2307 49.

1000 2320 1090 2349 Libui
1108 2320 1205 2356 Gaui,
1224 2323 1255 2357 5,
1271 2323 1323 2349 35.
1342 2323 1396 2355 21,
1414 2323 1533 2352 38.33‚
1549 2321 1602 2348 37.

999 2363 1145 2399 Liburni,
1162 2372 1238 2402 gens
1255 2364 1330 2395 sera,
1348 2366 1399 2399 10,
1415 2366 1445 2390 2.
1586 2366 1590 2370 “

998 2407 1252 2446 Libyphoenices‚
1270 2411 1323 2440 21,
1341 2410 1393 2435 22.
1412 2409 1466 2440 25,
1482 2408 1534 2433 40.

998 2450 1119 2479 Licinia
1142 2450 1257 2480 nobilis
1281 2450 1410 2483 femina,
1426 2448 1515 2487 Epit.
1530 2450 1585 2477 43.
1601 2445 1688 2481 virgo

1040 2494 1179 2530 vestalis,
1196 2494 1282 2532 Epit.
1300 2496 1353 2522 63.

996 2536 1118 2566 Licinia
1134 2538 1211 2572 LeX,
1224 2536 1286 2565 vid.
1304 2536 1377 2565 Lex.

995 2579 1135 2609 Licinius
1148 2580 1268 2614 Macer,
1280 2578 1420 2608 historiae
1430 2578 1582 2607 Romanae
1593 2575 1689 2614 scrip-

1037 2627 1099 2658 tor,
1115 2627 1148 2659 4,
1164 2627 1193 2654 7.
1213 2626 1263 2650 20.
1278 2627 1306 2651 et
1322 2626 1374 2651 23.
1391 2627 1421 2655 7,
1440 2625 1469 2652 9.
1488 2625 1539 2657 10,
1555 2625 1587 2651 9.

993 2667 1034 2695 A.
1050 2666 1191 2695 Licinius
1207 2665 1322 2700 Nerva,
1338 2666 1484 2695 tribunus
1501 2664 1613 2703 plebis,
1629 2669 1684 2697 41,

1040 2713 1087 2738 10.
1112 2709 1246 2746 legatus,
1264 2713 1318 2743 42,
1336 2713 1388 2739 35.
1404 2714 1458 2742 44,
1488 2712 1536 2738 18.
1561 2712 1684 2746 praetor,

1036 2756 1090 2788 45,
1105 2756 1160 2781 44.

991 2796 1028 2824 C.
1045 2795 1195 2829 Licinius,
1207 2795 1353 2825 tribunus
1368 2795 1481 2834 plebis,
1497 2800 1529 2833 2,
1545 2800 1598 2826 33.

992 2838 1026 2866 C.
1044 2838 1196 2876 Licinius,
1208 2839 1358 2869 tribunus
1378 2839 1513 2869 militum
1528 2839 1683 2870 consulari
