1805 3174
547 89 590 136 Ρ
608 89 653 136 R
667 88 732 135 Αἰ
745 87 785 134 F
798 87 845 134 A
859 87 941 136 TI
958 89 1021 135 Ο.
1390 90 1508 137 xxiii

57 233 342 276 memoratae
379 229 827 277 turbulentissimas
862 228 912 276 in
946 227 1201 291 republica
1237 233 1509 291 tempesta-

53 316 159 354 tum
189 308 346 355 moles
379 307 676 354 excitavere.
748 307 935 369 Legem
963 305 1224 368 Agrariam
1258 305 1431 361 suasit,
1460 313 1510 353 ct

55 393 232 447 postea
267 385 517 447 egregiam
553 385 600 431 in
639 385 775 433 bello
813 401 1014 448 operam
1053 383 1278 448 praestitit
1315 383 1508 431 Siccius

54 462 325 522 Dentatus,
364 461 431 508 vir
467 479 586 509 sane
623 461 970 520 memorabilis,
999 470 1045 509 ct
1080 462 1209 508 inter
1245 461 1506 508 Romanos

55 558 265 606 quoque
301 539 608 587 fortitudinis
635 539 960 597 miraculum3
1001 540 1143 600 cujus
1166 545 1342 602 postea
1378 554 1509 585 mors

51 619 239 666 nefaria
263 618 533 665 maximam
572 618 882 666 Decemviris
909 619 1146 665 invidiam
1183 616 1434 673 conflavit,
1459 623 1510 663 et

54 712 155 742 una
191 712 217 742 e
256 695 518 758 praecipuis
556 694 719 742 causis
756 695 858 751 fuit,
899 712 986 742 cur
1020 695 1214 742 illorum
1258 694 1507 757 tyrannidi

52 773 162 820 finis
188 772 544 835 imponeretur.
613 772 949 819 Tribunorum
988 772 1213 819 actiones
1251 773 1314 819 de
1338 774 1504 819 Avcn-
1524 786 1726 820 L.111.c.31.

53 852 158 899 tino
197 850 366 898 Livius
393 849 473 897 vix
510 867 610 897 uno
639 850 840 898 verbulo
879 851 1112 913 dignatur
1137 850 1403 912 attingere:
1443 851 1507 897 de

50 929 159 991 lege
199 928 427 991 Agraria,
476 929 539 975 de
577 928 726 976 Siccii
769 929 991 976 oratione
1032 930 1094 976 ad
1140 929 1399 992 populum,
1444 929 1508 975 dc

54 1006 284 1066 ejusdem
312 1012 362 1053 ct
386 1006 583 1068 egregio
608 1004 659 1052 in
684 1007 1042 1070 rempublicam
1070 1007 1250 1063 animo,
1277 1014 1327 1054 et
1351 1007 1509 1054 incre-

51 1082 192 1129 dibili
229 1081 281 1129 in
318 1082 451 1129 bello
484 1083 663 1130 virtute
700 1083 902 1131 omnino
940 1083 1064 1133 silet.
1135 1084 1307 1138 Quid?
1343 1101 1510 1132 nonne

55 1159 106 1206 in
124 1160 196 1207 bis
217 1159 447 1208 omnibus
468 1178 577 1208 sese
592 1162 783 1223 jactare
803 1170 995 1226 poterat
1013 1162 1329 1227 eloquentia?
1369 1163 1510 1211 Non-

51 1254 115 1285 ne
137 1237 322 1285 multas
350 1234 521 1285 harum
550 1238 732 1286 similes
772 1239 1049 1287 discordias
1075 1239 1400 1304 actionesque
1427 1241 1508 1288 tri-

52 1316 299 1364 bunorum
338 1316 560 1380 pluribus
596 1317 844 1365 interdum
881 1326 1170 1381 persecutus
1207 1325 1283 1366 est
1318 1319 1507 1377 Livius,

51 1401 100 1442 et
136 1394 367 1441 omnibus
395 1393 599 1441 dicendi
634 1394 937 1442 ornamentis
963 1395 1215 1444 excoluit?
1276 1395 1396 1443 Non
1432 1406 1508 1444 cst

53 1472 277 1535 profecto
318 1472 594 1529 verisimile,
634 1481 689 1521 ut
728 1473 809 1521 ille
851 1474 956 1522 haec
997 1474 1228 1522 consulto
1273 1475 1508 1525 omiserit.

55 1549 256 1596 Meram
280 1549 360 1597 hic
387 1551 702 1613 agnoscimus
728 1552 1026 1600 oblivionem
1046 1559 1096 1600 et
1120 1553 1376 1610 incuriam,
1402 1572 1510 1618 quae
1578 1563 1589 1579 ·

53 1633 105 1675 et
128 1627 310 1692 ubique
347 1629 449 1675 fere
474 1628 525 1676 in
560 1629 727 1693 primis
763 1630 858 1678 illis
884 1631 1045 1678 tenuis
1078 1631 1367 1694 reipublicae
1393 1640 1512 1680 tem-

50 1704 257 1767 poribus
283 1706 416 1768 apud
435 1722 548 1754 eum
574 1707 966 1771 deprehenditur
991 1726 1054 1757 ex
1074 1709 1346 1758 collatione
1372 1712 1509 1761 Grae-

57 1796 231 1828 corum
258 1781 557 1845 scriptorum
584 1784 669 1848 qui
695 1786 924 1833 eamdem
956 1786 1211 1835 historiam
1239 1789 1508 1853 scripsere:

56 1864 112 1905 ut
137 1859 364 1922 profecto
392 1860 619 1909 videatur
650 1870 822 1910 noster
844 1864 909 1910 ad
945 1865 1135 1926 majora
1159 1872 1209 1912 et
1240 1865 1511 1915 illustriora

53 1936 312 1994 festinans,
343 1938 554 2001 origines
580 1940 711 1988 urbis
735 1942 1064 2007 proximaque
1085 1943 1368 2006 originibus,
1392 1961 1513 1992 con-

52 2019 129 2061 tra
161 2030 310 2078 quam
353 2014 460 2078 ipse
498 2018 752 2079 professus
788 2018 839 2066 in
871 2019 1024 2068 totius
1065 2021 1225 2084 operis
1267 2022 1508 2084 prooemio

55 2092 232 2148 fuerat,
258 2109 413 2156 quam
437 2093 673 2141 citissime
696 2094 890 2143 licuerit
912 2098 1276 2148 transcurrisse.

121 2169 260 2218 Hinc
284 2169 381 2227 ille,
407 2171 529 2219 dum
555 2171 812 2220 conditam
839 2173 1009 2220 urbem
1030 2191 1058 2222 a
1079 2174 1299 2224 Romulo
1323 2184 1506 2234 narrat,
1522 2194 1557 2224 L.
1575 2193 1603 2224 1.
1620 2202 1647 2223 c.
1663 2193 1693 2223 7.

52 2263 116 2295 ne
140 2247 376 2295 sustinuit
401 2248 609 2312 quidem
631 2257 889 2309 annotare,
909 2259 1034 2316 quot
1059 2270 1216 2302 annos
1242 2255 1305 2302 ab
1333 2255 1508 2303 Romae

50 2325 334 2388 primordiis
370 2327 434 2373 ad
481 2343 621 2375 suam
658 2333 854 2376 aetatem
902 2329 1074 2392 lapsos
1109 2347 1219 2379 esse
1254 2333 1504 2381 crederet:

52 2401 170 2450 hinc
205 2420 406 2468 quoque
432 2404 497 2452 de
532 2406 819 2454 secessione
848 2407 1012 2470 plebis
1048 2425 1216 2472 agens,
1242 2411 1628 2460 observare11.32.

52 2480 277 2541 neglexit
304 2482 499 2546 plebem
540 2483 822 2532 Romanam
845 2492 944 2534 tres
981 2503 1193 2546 menses,
1222 2498 1270 2539 et
1304 2491 1506 2555 quidem

57 2572 146 2604 eos
171 2557 418 2623 inquibus
444 2577 590 2624 agros
616 2564 814 2611 conseri
833 2580 958 2627 opus
983 2572 1073 2621 est,
1099 2566 1149 2613 in
1167 2575 1337 2616 monte
1354 2569 1508 2616 Sacro
1521 2586 1565 2616 11.
1583 2587 1636 2619 33.

58 2636 352 2685 consedisse
367 2658 382 2697 3
418 2640 735 2690 conditiones
757 2641 936 2706 quibus
960 2643 1045 2691 illa
1069 2645 1284 2693 secessio
1309 2662 1509 2708 compo-

54 2711 150 2759 sita
169 2719 259 2769 est,
278 2713 526 2765 incuriose
545 2719 835 2777 admodum,
857 2726 908 2768 et
930 2721 1246 2784 indiligenter
1264 2724 1509 2787 exposuit.

54 2790 187 2843 Quid
215 2792 405 2840 multa?
442 2795 495 2842 Si
513 2795 628 2845 hinc
654 2797 843 2854 Livius,
861 2798 977 2847 inde
998 2799 1298 2848 Plutarchus
1320 2810 1369 2849 et
1388 2802 1507 2849 Dio-

768 2889 795 2916 n
817 2881 842 2916 4<
