1805 3174
518 76 1136 117 IUSTORJAuUullstssssos

164 191 238 220 certi
257 200 291 219 nc
309 191 496 219 fluctuantes
512 189 622 225 animi,
640 194 693 219 39.
711 194 739 218 et
757 193 807 218 52.

166 238 266 270 22,1.

123 278 206 306 Galli
221 275 420 315 Transalpini
437 276 552 305 frustra
569 276 779 305 sollicitantur
794 286 811 305 a

166 320 278 359 legatis
291 321 439 349 Romanis
450 325 559 349 contra
569 321 692 353 l'oeuos,
703 324 811 356 21,20.

165 365 203 392 ab
223 362 378 392 Annibale
394 364 504 401 partim
520 363 609 391 donis
627 361 806 400 conciliati,

167 407 277 446 partim
297 408 324 436 vi
344 407 428 441 victi,
447 411 498 435 23.
515 410 566 435 24.
582 411 611 434 ιι·
628 409 765 435 26-28.

208 451 238 478 in
268 451 429 479 Venetiam
453 451 651 486 transgressi,
674 454 728 485 39,
754 455 805 479 22.

164 495 364 531 οκμ.·11υιιωι·
379 503 396 522 a
412 493 573 525 Romanis,
594 497 645 522 54.
661 493 808 528 legationi

165 547 256 575 super
269 547 303 566 ea
315 547 344 565 re
355 537 454 565 missae
466 537 501 564 ad
515 537 740 574 'l'rausalpiuos
756 548 807 576 po-

166 582 256 618 pilos
268 580 400 617 benigne
415 581 709 617 respondetur,ibid.
719 586 748 610 et
758 585 809 610 55.

122 622 174 651 Dc
185 625 271 652 rwlms
280 625 380 661 gestis
395 623 526 651 Creo-(zris
536 623 683 652 adversus
693 624 808 654 Gallos.

168 667 229 694 vid.
250 668 284 695 C.
302 667 407 695 Julius
425 667 536 695 Caesar.

125 710 285 739 Gallorum
316 719 426 738 manus
454 710 485 739 iu
512 710 689 749 Hercynios
713 712 810 740 saltus

167 754 271 786 missa,
290 758 321 787 ὃ,
340 758 393 783 34.

124 797 285 826 Gallorum
311 797 343 825 iu
368 796 474 825 Asiam
498 797 664 832 transitus,
687 801 741 829 38,
764 799 811 826 16.

167 840 350 875 Gallograeci
368 840 528 877 dicuutur,
550 844 597 871 17.
620 841 683 870 vsd.
706 841 812 870 Gallo-

167 883 269 922 graeci.

125 927 285 956 Gallorum
303 925 454 955 auxilium
472 935 490 954 a
508 925 619 956 Perseo
638 936 691 965 per
714 927 814 955 avari-

168 971 244 998 tiim
263 969 441 1004 dimissum,
460 973 514 1005 44,
533 974 584 1000 27.

127 1012 227 1042 Gallis
243 1022 370 1051 procera
385 1021 527 1050 corpora,
546 1013 704 1050 promissae
718 1018 749 1042 et
763 1024 813 1042 ru-

168 1057 267 1085 tilatae
283 1065 392 1090 comae,
411 1059 465 1091 38,
489 1060 534 1086 17.
553 1065 681 1094 corpora
698 1058 813 1086 intole-

169 1100 349 1128 rantissima
369 1098 484 1127 laboris
508 1101 601 1136 atque
625 1104 733 1136 aestus,
760 1104 812 1135 10,

170 1147 221 1171 28.
240 1143 362 1171 humori
379 1145 410 1170 et
427 1141 534 1179 frigori
557 1148 695 1180 assueta,
713 1148 745 1179 5,
761 1148 812 1174 49.

169 1195 300 1224 corpora
327 1185 363 1213 iis
389 1188 419 1213 et
441 1185 538 1213 animi
564 1195 678 1223 magna
700 1188 814 1225 magis,

169 1239 262 1268 quam
280 1229 378 1261 firma.
396 1232 429 1264 5,
448 1233 499 1257 42.
518 1227 626 1258 molles
642 1230 680 1258 ad
701 1230 816 1259 laboris

168 1273 332 1311 longaeque
360 1271 417 1301 viae
445 1271 548 1306 taedia,
578 1277 630 1306 22,
653 1277 683 1303 9.
708 1283 815 1303 eorum

169 1316 276 1346 mollia
291 1320 321 1344 et
338 1315 433 1344 fluida
453 1325 594 1354 corpora,
609 1317 738 1346 minime
763 1327 816 1355 pa-

169 1359 283 1389 tientia
291 1359 373 1395 sitis,
384 1359 529 1388 decedere
540 1369 646 1397 pugna
655 1361 753 1400 cogit,
761 1365 816 1397 34,

170 1407 222 1435 47.
239 1402 340 1442 prima
362 1411 471 1431 eorum
494 1402 605 1440 proelia
622 1403 704 1440 plus,
724 1413 816 1442 quam

170 1447 322 1482 virorum,
334 1449 490 1484 postrema
499 1447 615 1479 minus,
626 1455 718 1484 quam
730 1447 817 1476 femi-

172 1499 296 1526 narum,
316 1493 367 1524 10,
384 1492 437 1517 28.

130 1532 226 1569 Galli,
242 1541 316 1568 gens
333 1536 408 1561 nata
425 1532 456 1560 in
475 1540 572 1561 vanos
596 1533 767 1569 tumultus,
787 1538 818 1570 5,

172 1580 224 1608 37.
235 1581 264 1605 ct
274 1579 324 1606 89-
337 1586 354 1604 υ
364 1575 399 1604 d.
409 1578 435 1604 e!
446 1578 501 1609 38,
518 1579 567 1607 17.
578 1575 818 1614 haudquaquam

173 1618 334 1658 negligens
351 1618 547 1652 religionum,
566 1623 598 1654 5,
611 1621 664 1648 46.
675 1621 742 1648 auri
755 1621 818 1650 avi-

174 1663 312 1698 dissima,
330 1666 383 1696 21,
401 1665 451 1689 20.

131 1706 213 1735 Galli
230 1706 262 1734 in
278 1704 444 1734 concilium
455 1705 588 1733 veniunt
601 1706 725 1744 armati,
741 1707 817 1736 ibid.

151 1763 194 1769 —
213 1758 306 1787 super
336 1748 517 1777 umbilicum
553 1753 697 1787 pugnant
726 1751 816 1788 nudi,

175 1794 436 1829 22,46.33.2L

151 1853 195 1859 —
216 1845 255 1864 ex
278 1835 366 1864 calva
390 1834 528 1863 hostium
553 1834 665 1873 pocula
687 1835 819 1872 faciunt,

175 1882 297 1914 23,24.

130 1922 292 1951 Gallorum
309 1920 401 1952 acies,
418 1924 472 1954 38,
490 1923 540 1949 26.

152 1980 197 2004 -7-
217 1974 316 2001 arma,
334 1967 389 2000 22,
406 1966 456 1992 46.
473 1967 527 1995 38,
550 1967 596 1994 17.

133 2008 241 2037 Gallus
254 2012 286 2037 et
298 2007 387 2036 Galla
399 2006 461 2035 vivi
473 2007 686 2043 defodiuntur,
702 2011 754 2043 22,
767 2012 819 2039 57.

132 2051 229 2079 Gallae
246 2050 407 2087 cujusdam
426 2050 559 2085 facinus,
574 2054 630 2086 38,
646 2054 696 2079 24.

132 2094 288 2123 Gallicum
316 2102 424 2121 aurum
449 2093 599 2121 occultari
622 2103 640 2121 a
662 2094 820 2131 Patribus,

178 2138 364 2166 criminatur
381 2136 425 2165 M.
442 2136 591 2169 Manlius,
609 2138 642 2172 6,
664 2140 713 2166 14.

136 2180 274 2210 Gallicus
298 2189 380 2215 ager,
397 2178 450 2216 qui
475 2179 635 2208 Gallorum
660 2180 819 2210 Senonum

177 2224 291 2259 fuerat,
304 2222 420 2251 viritim
432 2223 548 2261 populo
560 2223 691 2261 divisus,
705 2227 819 2261 23,14.

174 2269 420 2303 89,44.42‚4.

135 2310 275 2339 Gallicus
291 2309 393 2344 sinus,
408 2308 471 2338 vid.
488 2308 593 2338 Sinus.

133 2353 273 2382 Gallicus
289 2352 457 2388 tumultus,
475 2356 507 2387 7,
525 2356 556 2382 9.
572 2355 603 2379 et
622 2355 669 2380 11.

135 2396 352 2431 Gallograecia,
371 2400 424 2427 37,
445 2400 473 2424 8.
490 2399 544 2427 38,
566 2399 612 2423 12.

136 2439 337 2478 Gallograecis
355 2439 468 2467 bellum
486 2438 582 2467 infert
606 2438 664 2466 Cn.
683 2439 821 2467 Manlius

178 2483 301 2518 consul,
318 2486 372 2517 38,
393 2486 442 2512 12.
462 2485 511 2511 15.
531 2486 560 2510 et
589 2486 636 2512 17.
658 2481 725 2518 ejus
751 2483 822 2511 belli

178 2530 277 2564 gesta,
298 2529 433 2556 18—27.
444 2534 503 2563 pax
515 2524 553 2553 iis
566 2525 651 2561 data,
663 2530 714 2556 37.
728 2530 757 2554 ee
770 2529 822 2555 40.

180 2569 217 2597 de
232 2569 269 2597 iis
284 2569 478 2606 triumphus,
496 2571 550 2603 39,
569 2571 599 2597 6.

138 2611 322 2649 Gallograeci
339 2612 473 2649 equites,
489 2616 545 2646 37,
563 2615 616 2640 40.

139 2654 346 2692 Ganymedes,
359 2655 522 2692 praefectus
539 2654 709 2690 Ptolemaei,
721 2654 826 2693 prodit

183 2695 326 2735 Philippo
342 2697 457 2726 AEnum
474 2697 640 2736 oppidum,
658 2702 711 2732 31,
733 2700 782 2728 16.

138 2741 356 2775 Garamantes,
371 2744 423 2773 29,
440 2745 493 2769 33.

139 2784 317 2818 Garitenes,
332 2783 444 2822 hospes
461 2784 608 2823 Philippi,
623 2784 663 2814 ab
683 2793 719 2813 eo
742 2783 823 2813 occi-

183 2835 247 2860 sus,
264 2830 318 2862 32,
335 2829 387 2855 21.

1465 88 1486 120 :s

1491 87 1511 120 Lo

1517 88 1538 121 ιη

853 187 976 223 Garuli,
993 188 1127 223 Liguriae
1145 189 1264 227 populi,
1281 195 1336 227 41,
1352 195 1403 222 23.

853 234 912 261 Cu.
931 232 1084 260 Gavillius
1100 233 1321 270 Aquileiensis,
1338 239 1391 270 Ι11,
1409 240 1439 265 5.

856 276 888 303 L.
906 274 1070 308 Gavillius,
1088 276 1158 304 ibid.

856 319 1023 351 Gaulotus,
1045 319 1170 355 regulus
1193 318 1454 354 Gallograecorum
1479 322 1539 349 Τυ-

894 361 1073 400 εῑοεειςῇω,
1087 366 1142 398 38,
1165 367 1211 392 19.

853 405 1035 441 (r'aureleos,
1063 410 1172 443 portus
1202 406 1301 435 Andri
1334 406 1457 443 insulae,
1486 411 1541 442 551,

896 452 948 476 45.

855 492 992 526 Gaurus,
1010 500 1100 520 mons
1117 491 1147 519 in
1167 492 1350 530 Campania,
1368 497 1400 527 7,
1418 497 1470 521 32.

854 535 985 572 Gegauii
999 544 1034 562 ex
1049 535 1178 563 Albanis
1189 536 1381 575 principibus
1393 536 1423 564 in
1437 538 1542 564 Patres

898 578 982 613 lecti,
1004 582 1032 613 1,
1049 583 1100 607 30.

855 621 888 650 L.
900 621 1074 657 Geganius,
1085 621 1230 650 tribunus
1242 622 1376 651 militum
1388 621 1544 652 consulari

901 668 1070 703 potestate,
1089 667 1120 696 6.
1137 669 1189 693 31.

855 709 900 737 Μ.
918 708 1093 746 Geganius,
1111 709 1258 737 tribunus
1275 709 1411 738 militum
1429 718 1543 737 consu—

899 752 953 780 lari
971 754 1138 789 potestate,
1157 755 1188 787 6,
1205 756 1257 782 42.

857 795 902 824 M.
927 795 1085 830 Geganius
1110 795 1302 829 Macerinus,
1319 795 1442 831 consul,
1459 795 1545 823 sedat

900 839 1054 867 coitiones
1078 838 1291 874 tribunorum,
1317 839 1463 867 adversus
1490 848 1545 867 no-

901 882 1011 911 bilium
1030 881 1231 918 juventutem
1255 886 1353 917 ortas,
1379 888 1411 917 3,
1428 884 1480 911 65.
1497 892 1544 910 se-

901 926 1037 954 cundum
1055 925 1177 961 consul,
1194 930 1224 958 4,
1245 930 1274 954 8.
1321 926 1462 959 Volscos,
1486 926 1548 954 Ar-

901 969 987 997 deam
1001 968 1191 1005 obsidentes,
1206 969 1328 997 obsidet
1340 969 1418 1007 ipse,
1431 973 1461 998 9.
1477 969 1547 997 vin-

901 1022 916 1041 c
930 1015 944 1040 t
963 1012 1108 1043 Volscosv
1122 1016 1153 1039 et
1171 1012 1228 1040 sub
1241 1012 1355 1049 jugum
1369 1012 1480 1044 mittit,
1495 1016 1545 1041 10.

900 1055 1065 1092 componit
1077 1055 1186 1083 Ardea:
1199 1055 1344 1090 res,ih1‘d.
1358 1056 1437 1084 redit
1448 1056 1479 1083 in
1493 1065 1544 1083 ur-

903 1098 971 1126 bem
995 1098 1208 1135 triumphans,
1227 1098 1302 1126 ibid.
1320 1098 1448 1127 tertium
1472 1108 1547 1127 con-

903 1141 964 1175 sul,
979 1145 1024 1171 17.
1039 1150 1161 1173 censor.
1175 1141 1316 1179 probavit
1328 1142 1433 1170 villam
1447 1141 1549 1179 publi-

903 1194 969 1213 cam
987 1184 1019 1212 in
1036 1193 1144 1222 campo
1163 1185 1295 1221 Martio,
1312 1189 1364 1214 22.
1382 1185 1479 1214 Mam.
1493 1185 1550 1212 AE-

903 1228 1038 1263 milium‚
1050 1229 1104 1265 qui
1120 1227 1257 1256 dictator
1268 1237 1445 1264 censuram,
1458 1229 1550 1266 quin-

903 1271 1087 1309 quennalem
1104 1274 1245 1305 eatenus,
1262 1271 1346 1300 intra
1361 1271 1435 1300 anni
1448 1274 1480 1300 et
1497 1281 1548 1300 sex

903 1315 1056 1344 meusium
1074 1315 1233 1353 redegerat
1245 1315 1392 1352 spatium,
1407 1315 1492 1344 omni
1506 1315 1549 1350 ig-

904 1358 1045 1387 nominia
1054 1358 1161 1391 afficit,
1175 1361 1223 1387 24.
1235 1359 1295 1387 vid.
1308 1362 1337 1386 et
1350 1362 1382 1393 9,
1393 1362 1443 1386 33.
1455 1363 1485 1387 et
1494 1362 1550 1388 34.

861 1402 1010 1430 Proculus
1028 1401 1188 1440 Geganius
1213 1401 1405 1438 Macerinus,
1427 1401 1550 1438 consul,

904 1448 1004 1479 4,12

861 1487 899 1516 T.
917 1486 1091 1526 GeganiuS,
1109 1487 1232 1523 consul,
1252 1491 1282 1521 2,
1299 1491 1354 1518 34.

864 1530 909 1559 St.
927 1530 1060 1566 Gellius,
1078 1530 1140 1558 vid.
1160 1531 1292 1560 Statius.

863 1574 983 1603 Gellius
999 1573 1166 1609 Egnatius,
1181 1573 1239 1602 vid.
1258 1574 1422 1608 Egnatius.

863 1618 897 1646 L.
915 1617 1049 1651 Gellius,
1068 1616 1191 1653 consul,
1208 1617 1293 1655 Epit.
1309 1620 1360 1648 96.

862 1660 954 1696 Gelo,
971 1659 1121 1688 Hieronis
1138 1660 1232 1696 filius,
1248 1660 1351 1695 deficit
1367 1660 1404 1688 ad
1422 1661 1549 1692 Poeuos.

906 1708 961 1738 23,
975 1707 1027 1732 30.
1045 1712 1127 1732 mors
1140 1703 1207 1739 ‹jus
1220 1704 1296 1732 adeo
1312 1706 1502 1742 opportuna,
1515 1708 1551 1732 ut

906 1751 1023 1786 patrem
1040 1755 1164 1784 quoque
1180 1747 1358 1784 suspicione
1374 1747 1550 1784 adspergat,

907 1790 977 1819 ibid.
996 1789 1075 1827 ejus,
1086 1790 1160 1818 dum
1174 1791 1302 1825 viveret,
1315 1790 1349 1818 in
1362 1790 1450 1819 cultu
1463 1790 1553 1819 habi-

906 1839 1004 1871 tuque
1020 1833 1183 1868 modestia,
1200 1837 1254 1869 24,
1273 1837 1302 1862 5.

865 1876 1030 1906 Geminius
1058 1876 1189 1911 Metius,
1218 1877 1384 1915 praefectus
1409 1876 1551 1915 equitum

906 1920 1173 1957 Tusculanorum,
1193 1920 1254 1949 init
1277 1929 1347 1949 cum
1369 1920 1408 1949 Τ.
1427 1920 1550 1948 Manlio

906 1963 1064 2002 singulare
1079 1967 1249 2000 certamen,
1267 1968 1298 2000 8,
1314 1967 1342 1994 7.
1356 1963 1506 1999 vincitur,
1521 1967 1554 1991 et

907 2006 1107 2043 interficitur,
1123 2006 1197 2035 ibid.

864 2050 968 2079 Genio
999 2051 1068 2079 Deo
1106 2050 1245 2088 quinque
1276 2049 1408 2087 majores
1439 2048 1551 2078 hostiae

907 2103 1006 2128 caesae,
1021 2096 1076 2128 21,
1094 2095 1147 2122 62.

864 2137 986 2167 Genua.
1004 2136 1090 2171 urbs,
1109 2140 1164 2172 21,
1178 2141 1231 2165 32.
1244 2136 1367 2174 capitur
1379 2144 1397 2164 a
1407 2135 1554 2172 Magone,

907 2179 1071 2209 Amilcaris
1089 2179 1165 2215 filio,
1183 2184 1236 2212 28,
1253 2182 1305 2208 46.
1322 2179 1361 2208 ab
1377 2188 1413 2208 eo
1437 2178 1552 2213 diruta,

907 2222 1117 2251 exaedificatur
1133 2231 1150 2250 a
1166 2223 1331 2257 Romanis,
1346 2226 1402 2256 30,
1425 2226 1452 2251 1.

866 2266 1165 2302 C.Genucius,iuter
1174 2266 1288 2304 primos
1299 2274 1431 2305 augures
1441 2274 1457 2294 e
1466 2264 1554 2303 plebe

908 2313 1040 2343 creatos,
1062 2312 1112 2342 10,
1127 2313 1157 2339 9.

866 2353 924 2381 Cn.
952 2352 1127 2386 Genucius,
1154 2351 1300 2381 tribunus
1329 2350 1440 2390 plebis,
1469 2350 1552 2380 domi

908 2405 972 2424 suae
988 2396 1121 2430 occisus,
1138 2398 1169 2428 2,
1186 2399 1237 2423 54.

868 2439 927 2468 Cn.
944 2439 1105 2468 Genucius
1130 2438 1279 2476 plebeius,
1302 2437 1448 2466 tribunus
1471 2436 1554 2465 mili-

909 2486 975 2511 tum
990 2482 1145 2510 consulari
1156 2484 1324 2520 potestate,
1335 2485 1365 2515 5,
1380 2485 1428 2510 13.
1441 2480 1553 2508 iterum

908 2526 1055 2555 tribunus
1068 2525 1218 2561 militum,
1236 2528 1284 2554 18.
1297 2524 1508 2562 praecipitatus
1521 2522 1555 2550 in

910 2568 1052 2603 insidias,
1078 2572 1152 2598 ante
1178 2568 1269 2607 signa
1294 2568 1375 2596 inter
1404 2566 1554 2605 primores

910 2612 1007 2647 cadit,
1025 2611 1099 2641 ibid.

868 2655 926 2684 Cn.
944 2655 1118 2689 Genucius,
1134 2654 1259 2690 consul,
1275 2658 1307 2689 7,
1322 2657 1352 2681 3.

869 2698 902 2727 L.
933 2698 1107 2733 Genucius,
1136 2707 1172 2726 ex
1198 2696 1287 2735 plebe
1314 2693 1436 2728 consul,
1464 2696 1496 2729 7,
1527 2696 1554 2721 1.

909 2741 1079 2770 secundum
1096 2741 1219 2776 consul,
1237 2744 1267 2768 4.
1280 2738 1425 2766 adversus
1438 2735 1555 2765 Herni-

910 2793 962 2812 cos
977 2784 1147 2822 profectuS,
1165 2783 1243 2812 male
1258 2790 1320 2809 rem
1338 2780 1431 2819 gerit,
1454 2781 1483 2808 6.
1508 2779 1556 2808 in-

910 2827 1076 2862 terficitur,
1094 2825 1169 2854 ibid.
1498 2831 1502 2834 ”
