1841 3179
540 51 622 88 DE
668 51 802 88 AERE
850 51 1062 88 GRAVI.
1469 51 1529 87 cix

76 159 134 200 les
165 168 302 202 tamen
333 161 436 202 nihil
467 160 562 201 inde
592 159 797 201 commodi
829 161 977 207 sensit3
1021 174 1240 216 quumque
1271 160 1306 200 ei
1337 160 1531 201 denarius

76 215 314 269 deberetur,
336 219 477 259 decem
509 217 801 259 tantummodo
821 233 943 267 asses,
966 233 1017 258 ex
1039 216 1214 272 antiqua
1244 217 1401 257 denarii
1424 216 1532 257 aesti-

76 275 272 325 matione‚
294 291 376 316 non
398 274 619 324 sexdecim,
641 290 691 315 ex
714 274 954 323 recentiore,
977 274 1198 314 dabantur.

136 332 242 372 Haec
276 341 338 373 sat
373 331 479 373 belle
516 347 557 372 se
593 332 760 372 liabent.
823 332 947 371 Unus
980 340 1117 371 tamen
1154 329 1382 370 etiamnum
1415 329 1530 383 angit
1547 342 1634 370 Unus
1647 342 1704 370 hnc
1718 341 1749 369 in

78 388 316 444 scrupulus,
338 388 452 445 quod
484 389 525 429 in
552 388 628 429 hac
659 388 851 444 opinione
882 388 1044 428 nullum
1077 387 1128 428 sit
1158 387 1280 442 pretii
1313 386 1531 426 discrimen
1545 385 1693 422 opinione

77 443 185 485 inter
206 461 262 486 aes
282 461 408 501 grave
429 461 622 501 assesque
654 445 841 493 leviores,
859 444 1062 500 quamdiu
1085 443 1347 484 sextantariis
1375 428 1726 483 assi}›us³⁰f¹¹¹'¹¹¹¹¹⁸·

80 502 258 543 Romani
292 503 354 543 usi
392 511 500 543 sunt.
564 504 657 543 Non
691 502 800 543 enim
832 502 897 542 his
932 502 1091 542 assibus
1127 501 1332 556 percussis
1374 508 1538 540 mutata

78 567 332 600 memoratur
362 560 514 600 assium
537 560 591 600 ad
613 560 830 601 denarium
852 559 972 607 ratio,
996 558 1067 599 scd
1089 566 1179 599 tum
1211 558 1380 598 demum
1403 571 1536 611 quum

77 630 186 656 asses
216 616 397 657 unciales
419 617 516 658 facti
548 625 657 658 sunt.
722 617 875 671 Itaque
897 616 1038 656 decem
1071 614 1312 655 sextantarii
1343 629 1466 662 asses,
1490 622 1538 653 ut

78 680 117 712 et
141 672 280 713 decem
305 674 396 715 aeris
426 674 579 729 gravis,
602 688 734 714 unum
766 672 983 713 denarium
1014 672 1255 727 aequabant:
1295 686 1342 712 ac
1363 669 1539 726 proinde

78 744 102 769 a
121 729 219 770 belli
252 731 400 771 Punici
422 730 544 787 primi
577 730 835 786 temporibus
856 745 990 785 usque
1010 729 1063 769 ad
1093 728 1270 769 alterum
1301 742 1458 769 annum
1481 742 1540 767 se-

78 786 220 836 cundi,
243 788 455 843 quodnam
487 788 558 829 aeri
579 788 696 843 gravi
727 786 909 843 pretium
938 786 1161 827 dicendum
1183 785 1250 834 sit,
1272 784 1388 825 haud
1418 783 1539 824 facile

78 843 241 884 definiri
263 853 413 900 potest.
1518 875 1532 892 κ

137 901 283 941 Unum
305 902 425 943 nobis
446 902 648 958 effugium
672 908 874 957 superest,
893 900 924 941 si
943 899 1130 940 dicamus
1152 907 1242 940 toto
1258 898 1329 939 illo
1351 906 1537 953 tempore
1552 910 1599 938 De
1615 918 1651 938 eo
1668 918 1755 938 amo-

79 956 242 998 nullum
275 974 397 1000 usum
427 959 554 1000 fuisse
586 959 678 1000 aeris
708 958 846 1014 gravis
867 958 909 997 in
930 956 1193 998 conficiendis
1223 955 1411 1012 pecuniae
1432 953 1654 1010 prae-,Vffl‘do
1669 962 1744 981 con-

80 1014 220 1065 sentiS,
243 1014 287 1055 id
317 1025 392 1067 est,
415 1018 505 1072 ejus
526 1031 622 1072 quae
653 1024 754 1057 tunc
776 1015 1006 1055 solveretur
1035 1021 1393 1061 numerareturve,
1415 1001 1682 1052 ratio-Jecmm'

80 1071 221 1119 nibus;
255 1072 327 1113 sed
349 1073 641 1115 tantummodo
671 1072 744 1113 ubi
765 1071 1024 1127 loquendum
1053 1078 1158 1111 esset
1180 1069 1232 1109 de
1254 1068 1428 1124 antiquo
1459 1084 1540 1109 aere

79 1144 166 1184 quo
186 1130 387 1171 utebatur
416 1130 561 1172 civitas
582 1138 678 1171 ante
708 1129 975 1169 imminutum
1008 1127 1159 1167 assium
1192 1125 1377 1182 pondus:
1411 1132 1540 1180 atque

79 1185 134 1226 ad
173 1186 251 1227 hoc
291 1187 523 1228 notandum
565 1186 786 1227 discrimen
826 1185 919 1226 aeris
959 1184 1124 1239 antiqui
1160 1198 1185 1224 a
1215 1181 1386 1231 recenti,
1428 1181 1541 1222 illam

79 1242 173 1283 aeris
193 1243 331 1298 gravis
352 1243 673 1300 appellationem
689 1242 824 1299 primo
844 1242 1050 1282 invectam
1071 1255 1170 1281 esse.
1233 1240 1386 1279 Postea
1406 1254 1540 1294 quum

80 1300 241 1341 assibus
258 1301 491 1341 uncialibus
507 1301 627 1342 factis
643 1308 807 1341 mutata
822 1307 928 1340 esset
945 1298 1097 1338 assium
1114 1297 1167 1337 ad
1185 1295 1402 1336 denarium
1419 1295 1540 1345 ratio,

81 1364 172 1397 tum
194 1357 362 1398 demum
394 1357 580 1398 dicemus
610 1357 860 1397 advocatum
882 1370 968 1395 esse
990 1370 1046 1395 aes
1076 1368 1203 1410 grave
1224 1352 1278 1393 ad
1308 1352 1542 1408 exprimen-

81 1414 156 1454 das
176 1415 392 1469 praesentis
413 1414 601 1470 pecuniae
623 1428 820 1463 summas,
838 1420 886 1453 ut
907 1426 996 1453 mos
1017 1411 1179 1468 priscus
1200 1408 1540 1450 aestimandarum

81 1471 352 1526 pecuniarum
373 1472 540 1528 publice
560 1471 822 1512 retineretur.

140 1529 265 1578 Quod
285 1529 363 1569 hoc
393 1529 483 1569 loco
502 1528 711 1584 ponimus,
733 1525 1089 1583 quemadmodum
1120 1524 1302 1565 fatemur
1322 1521 1448 1563 nullis
1469 1522 1540 1563 ad-

83 1585 188 1626 strui
209 1585 373 1627 disertis
389 1594 578 1627 veterum
594 1583 856 1633 testimoniis,
873 1583 932 1624 ita
947 1582 1072 1623 nullis
1088 1596 1259 1638 quoque
1275 1579 1404 1620 everti
1420 1595 1541 1635 posse

83 1641 380 1684 existimamus.
444 1644 537 1683 Imo
557 1641 746 1683 nonnihil
766 1641 880 1681 favet
902 1639 1021 1680 nobis
1037 1647 1274 1694 temporum
1290 1636 1408 1677 ratio.
1471 1637 1539 1676 Ex

84 1714 170 1754 quo
200 1699 309 1740 enim
339 1708 526 1756 tempore
557 1706 717 1740 constat
752 1713 860 1738 asses
891 1695 1165 1738 sextantarios
1196 1694 1328 1749 factos
1360 1708 1460 1742 esse,
1497 1692 1541 1733 id

83 1764 160 1806 est,
192 1772 215 1797 a
245 1756 369 1812 primi
400 1757 549 1798 Punici
578 1756 678 1797 belli
708 1754 804 1803 fine,
835 1754 971 1810 prima
999 1752 1155 1793 mentio
1186 1750 1278 1791 aeris
1308 1749 1446 1805 gravis
1477 1765 1543 1790 oc-

84 1813 216 1854 currit
246 1814 361 1870 apud
397 1814 585 1864 Livium,
616 1813 642 1853 l.
676 1812 841 1853 XXII.
874 1827 906 1851 c.
939 1812 1006 1851 33.
1038 1818 1133 1865 post
1169 1807 1399 1864 depositam
1431 1821 1455 1846 a
1491 1807 1539 1856 Q.

87 1870 219 1911 Fabio
250 1871 441 1912 Maximo
471 1871 738 1919 dictaturam,
761 1884 847 1924 quo
877 1867 1080 1909 dictatore
1112 1864 1274 1906 Plinius
1305 1871 1450 1904 auctor
1480 1872 1541 1904 est

84 1941 230 1968 rursus
259 1927 528 1969 imminutum
558 1943 644 1968 esse
675 1926 828 1967 assium
858 1924 1038 1981 pondus,
1061 1931 1102 1964 et
1123 1922 1177 1963 ad
1207 1920 1371 1961 unciam
1402 1919 1543 1960 redac-

87 1991 193 2034 tum,
217 1985 425 2041 simulque
454 1993 660 2026 mutatam
691 1999 777 2025 esse
807 1982 961 2024 assium
991 1980 1046 2021 ad
1075 1978 1293 2020 denarium
1323 1976 1541 2024 rationem,

86 2048 134 2081 ut
157 2041 363 2082 sexdecim
385 2057 493 2083 asses
513 2043 556 2083 in
577 2040 792 2082 denarium
815 2039 1192 2080 contribuerentur.
1233 2036 1387 2090 Itaque
1408 2033 1545 2088 prima

85 2098 241 2139 mentio
271 2099 363 2140 aeris
392 2099 531 2155 gravis
551 2099 595 2139 in
615 2096 832 2154 praesentis
861 2095 1050 2151 pecuniae
1080 2091 1311 2134 rationibus
1338 2091 1381 2130 in
1411 2105 1543 2130 unum

86 2153 282 2211 idemque
313 2164 478 2212 tempus
508 2156 703 2211 congruit
733 2169 829 2195 cum
859 2160 1023 2193 mutata
1052 2150 1205 2192 assium
1236 2148 1291 2189 ad
1325 2146 1541 2188 denarium

83 2219 254 2254 ratione.

142 2269 205 2309 Ut
226 2271 357 2327 igitur
377 2269 521 2327 paucis
551 2269 844 2310 contrahamus
865 2282 913 2307 ea
933 2281 1030 2321 quae
1051 2272 1141 2305 tota
1159 2263 1237 2303 hac
1258 2260 1541 2317 disputatione
1554 2271 1739 2319 Anaqepha.

85 2327 290 2381 complexi
321 2343 479 2377 sumus,
502 2327 582 2368 tria
610 2326 726 2366 haud
755 2322 1086 2380 improbabiliter
1116 2318 1278 2360 definiri
1307 2333 1427 2373 posse
1457 2314 1667 2357 cre-laeoms.

87 2381 225 2426 dimus
245 2386 298 2426 de
319 2400 400 2426 aere
419 2384 549 2440 gravi.
1458 2429 1465 2436 .

147 2443 201 2482 1⁰-
226 2443 304 2484 AEs
319 2457 446 2499 grave
468 2441 631 2481 nullum
653 2439 812 2480 dictum
834 2437 933 2486 fuit,
951 2435 1081 2476 donec
1102 2434 1287 2474 levatum
1309 2439 1369 2472 est
1392 2444 1543 2471 assumi

89 2496 266 2554 pondus.
1326 2545 1333 2553 ι
1385 2543 1392 2550 ι

148 2558 201 2597 2⁰.
224 2557 403 2598 Assibus
425 2553 687 2597 sextantariis
707 2551 843 2601 factis,
866 2550 958 2592 aeris
978 2547 1117 2605 gravis
1139 2545 1363 2603 appellatio
1384 2550 1547 2583 invecta

89 2613 173 2654 fuit
194 2613 248 2654 ad
278 2612 554 2669 designandos
584 2626 692 2652 asses
722 2608 901 2658 librales,
925 2607 999 2662 qui
1029 2605 1223 2646 antea.in
1254 2616 1333 2642 usu
1364 2600 1543 2661 fuerant.

92 2672 249 2711 Verum
278 2670 420 2711 nullus
441 2679 531 2711 tum
554 2669 644 2725 ejus
665 2664 953 2723 appellationis
984 2678 1085 2704 usus
1106 2660 1187 2701 fuit
1209 2660 1260 2722 in·
1283 2671 1455 2697 summis
1475 2670 1545 2710 pe-

92 2728 310 2770 cuniarum
331 2743 428 2782 quae
449 2735 540 2768 tum
571 2725 886 2771 conficerentur,
910 2721 981 2762 sed
1004 2726 1168 2761 tautum
1190 2716 1263 2756 ubl
1286 2728 1418 2754 sermo
1439 2719 1542 2752 esset

90 2786 141 2826 de
162 2800 242 2826 aere
263 2793 401 2827 vetere
423 2783 519 2825 olim
542 2782 707 2824 usitato.
