1831 3194
476 133 729 171 LIBROR.
760 133 1034 170 DE'PERD.
1389 136 1464 169 225

46 241 218 284 habente
239 241 459 297 nonaginta
480 244 592 292 duos,
614 249 650 283 et
671 244 757 284 sine
774 243 1013 296 pulpamine
1033 242 1225 282 mandere
1245 246 1282 281 et
1297 247 1465 294 gustare

40 313 195 353 -panem
214 306 370 341 tantum
389 301 521 350 solito,
545 302 711 354 insuper
731 300 763 324 ¹⁸
773 301 997 341 Romanum
1019 300 1157 340 bellum
1180 306 1415 339 mernerunt.

646 451 862 503 XLIX.

115 592 252 633 Tertii
273 593 426 633 Punici
445 592 541 632 belli
562 592 718 633 initium
740 592 910 633 ¹9altero
931 599 969 633 et
991 593 1270 634 sexcentesimo
1283 606 1392 632 anno
1414 592 1463 632 αῖ)

51 650 146 690 urbe
159 651 336 698 condita,
352 651 463 690 intra
484 651 661 703 quintum
682 664 844 699 annum,
862 665 979 704 qnam
993 657 1076 692 erat
1092 657 1269 702 caeptum,
1287 665 1463 691 consum-

51 707 167 748 mati.
217 708 404 749 InterM.
418 707 607 748 Porcium
633 709 821 748 Catonem
842 715 881 748 et
900 709 1124 762 Scipionem
1142 708 1350 758 Nasicam,
1367 722 1462 762 quo-

50 778 134 805 rum
150 764 258 806 alter
269 766 586 819 sapientissimus
600 766 662 806 vir
683 767 726 806 in
742 766 907 806 civitate
921 766 1158 816 habebatur,
1179 764 1213 789 9⁰
1225 767 1328 806 alter
1341 767 1463 806 etiam

52 823 121 862 vir.
136 822 304 875 optimus
323 837 349 863 a
368 829 511 864 senatu
516 821 732 876 judicatus
744 829 847 873 erat,
865 824 1031 865 diversis
1050 830 1242 864 certatum
1256 823 1465 864 sententiis

48 885 108 920 est
117 901 133 927 ,·
171 879 322 920 Catone
339 881 533 920 suadente
545 880 705 932 bellum,
725 887 762 921 et
781 887 825 920 ut
845 883 1052 922 tolleretur
1067 882 1341 935 delereturque
1355 881 1465 920 Kar-

48 937 174 991 thago
186 960 201 984 ;
233 936 266 961 ⁶²¹
280 937 432 978 Nasica
450 939 720 978 dissuadente.
768 939 934 978 Placuit
950 945 1092 987 tamen,
1110 940 1217 992 quod
1235 937 1464 992 contrafac-

49 994 124 1034 dus
144 1008 264 1036 naves
281 995 487 1044 haberent,
506 996 613 1050 quod
632 996 845 1035 exercitum
867 997 1098 1049 extrafines
1119 998 1335 1044 duxissent,
1359 997 1466 1049 quod

49 1052 158 1092 socio
164 1052 312 1105 populi
325 1052 498 1093 Romani
518 1059 555 1092 et
571 1054 697 1092 amico
712 1052 770 1092 M
768 1054 952 1094 asinissae
972 1067 1087 1093 arma
1103 1054 1342 1100 intulissent,
1359 1053 1466 1105 quod

35 1109 176 1162 filium
190 1108 274 1163 ejus
297 1109 525 1158 Gulussam,
541 1110 612 1163 qui
626 1124 714 1150 cum
732 1110 878 1163 legatis
894 1111 1092 1151 Romanis
1104 1116 1206 1158 erat,
1224 1112 1267 1150 in
1280 1111 1465 1163 oppidum

53 1180 133 1207 non
158 1167 414 1219 recepissent,
436 1167 577 1207 bellum
604 1168 656 1208 iis
682 1167 820 1208 indici.
885 1169 1127 1221 Priusquam
1156 1169 1251 1208 ullce
1273 1168 1395 1220 copice
1421 1168 1467 1206 in

51 1237 174 1264 naves
203 1224 499 1277 inponerentur,
525 1223 729 1265 Uticenses
748 1226 875 1279 legati
897 1225 1063 1265 Romam
1085 1231 1290 1273 venerunt,
1311 1239 1352 1265 se
1372 1238 1467 1264 sua-

48 1295 126 1335 que
144 1282 276 1322 omnia
295 1283 494 1323 dedentes.
554 1284 624 1323 Ea
638 1283 808 1336 legatia,
827 1282 948 1323 veluti
967 1297 1091 1331 omen,
1109 1289 1235 1335 grata
1253 1282 1466 1330 Patribus,

41 1339 196 1378 ‘acerba
214 1339 628 1394 Karthaginiensibus
637 1338 739 1391 fuit.
770 1341 864 1380 Diti
876 1341 999 1393 patri
1017 1341 1103 1380 ludi
1117 1339 1151 1362 2⁶²
1164 1341 1219 1380 ad
1241 1341 1465 1387 Terentum,

50 1403 314 1450 expraecepto
326 1398 516 1438 librorum
532 1397 833 1453 Sibyllinorum,
833 1398 951 1452 facti
960 1416 972 1437 .-
994 1396 1028 1420 ²3
1036 1398 1105 1451 qui
1121 1411 1229 1438 anno
1241 1397 1465 1444 centesimo,

51 1526 168 1557 fuisse:
193 1527 407 1568 consentitque
433 1527 575 1569 Epitome
596 1527 665 1558 libri
686 1527 737 1557 Li-

53 1569 138 1600 viani
162 1571 200 1601 L.
223 1570 256 1600 in
272 1581 335 1611 qua
360 1571 512 1600 Masinissa
534 1573 626 1609 major
648 1583 738 1600 nona-

50 1614 138 1654 ginta
151 1614 236 1643 annis
255 1614 398 1643 decessisse
421 1619 615 1643 memoratur.
661 1614 739 1644 11ωο

53 1655 137 1686 enim
160 1655 307 1697 loquendi
331 1656 427 1686 forma
449 1656 524 1687 satis
539 1656 658 1687 indicat
681 1667 742 1686 non

53 1699 186 1729 multum
216 1699 382 1729 excessisse
413 1709 483 1730 eum
518 1709 615 1730 annos
644 1710 740 1730 nona-

783 1532 1029 1557 consummatum
1058 1526 1151 1557 fuisse
1181 1527 1276 1558 dicat.
1331 1526 1467 1556 Finitum

783 1576 829 1599 est
855 1575 959 1600 autem
983 1570 1043 1600 Cn.
1068 1570 1223 1605 Cornelio,
1249 1571 1285 1601 L.
1312 1569 1468 1600 Mummio

785 1613 872 1643 Coss.
905 1612 958 1653 qui
982 1613 1089 1653 quinto
1113 1613 1225 1643 abhinc
1251 1624 1330 1643 anno
1353 1612 1466 1653 magis-

786 1661 899 1686 tratum
923 1656 1037 1696 gesturi
1060 1661 1143 1686 sunt.
1188 1657 1282 1687 Porro
1304 1657 1468 1685 sexcentesi-

785 1710 848 1729 mus
874 1699 950 1729 alter
976 1698 1108 1739 intelligi
1137 1698 1240 1733 debet,
1265 1696 1298 1729 ut
1326 1698 1468 1740 probavi-

53 1741 152 1789 ginta.
197 1742 229 1772 Si
245 1746 349 1773 autem
372 1747 446 1772 tunc
463 1753 558 1783 quum
576 1742 740 1783 Carthagi-

53 1784 177 1815 nienses
199 1785 315 1816 devicit
339 1785 416 1816 duos
438 1791 470 1816 et
492 1796 591 1826 110113Ο
590 1785 662 1816 inta
685 1786 740 1817 113-

56 1827 186 1863 buisset,
217 1833 355 1858 mortuus
384 1828 492 1859 fuisset
527 1829 625 1870 major
653 1829 742 1860 annis

53 1876 187 1911 quatuor
227 1876 258 1901 et
287 1871 468 1912 nonaginta.
522 1872 668 1902 Ceterum
697 1872 741 1902 sic

55 1924 179 1955 quoque
201 1913 372 1945 Masinissa
392 1914 488 1946 multo
511 1924 593 1945 1111110
614 1925 741 1956 provec-

50 1958 114 1998 tior
141 1956 231 1987 annis
259 1957 328 1993 erit,
358 1967 453 1998 quam
482 1968 548 1988 esse
579 1958 688 1988 debuit
716 1958 741 1988 si

55 2004 188 2030 staretur
202 1999 240 2030 iis
255 2011 324 2041 quae
348 2000 387 2030 de
402 2000 468 2042 ejus
490 2005 582 2031 aetate
597 2001 742 2041 leguntur

54 2041 88 2071 111
112 2041 213 2079 Livio,
228 2042 284 2074 lib.
300 2043 426 2074 XXIV.
449 2054 477 2075 c.
494 2044 547 2074 49.
592 2044 643 2074 Ibi
659 2044 741 2074 enim

56 2084 171 2116 dicitur
192 2091 311 2127 septem
333 2090 365 2116 et
387 2085 497 2117 decem
521 2096 617 2117 annos
639 2092 742 2123 natus,

56 2138 138 2159 anno
152 2138 185 2158 u.
200 2138 227 2158 c.
243 2129 318 2159 539.
366 2128 458 2159 Unde
478 2134 658 2169 sequeretur
673 2140 744 2160 eum

57 2175 131 2201 tunc
147 2181 243 2211 quum
258 2181 402 2219 pugnam
419 2171 506 2202 illam
522 2182 593 2202 cum
611 2172 743 2203 Cartha-

55 2213 247 2254 giniensibus
269 2213 420 2262 pugnavit
442 2215 480 2245 de
504 2225 568 2255 qua
589 2214 654 2255 agit
676 2215 743 2246 haec

56 2256 203 2298 epitome,
220 2267 301 2287 anno
324 2256 468 2287 nimirum
491 2268 523 2289 11.
546 2267 572 2288 e.
591 2258 666 2288 602.
688 2269 743 2289 an-

57 2309 132 2330 num
160 2299 265 2330 aetatis
296 2299 511 2330 tantummodo
542 2299 676 2347 primum
712 2306 744 2332 et

57 2342 282 2383 octogesimum
298 2343 406 2384 egisse.
453 2342 523 2373 Nisi
539 2353 564 2373 s1
580 2353 649 2384 quis
664 2354 745 2374 error

57 2384 179 2432 irrepsit
200 2385 234 2416 in
255 2390 343 2416 notas
365 2395 562 2417 numerorum
585 2386 669 2427 apud
692 2386 744 2417 Li-

59 2438 156 2459 v1um.

45 2491 50 2496 ·
103 2472 142 2501 18
187 2470 353 2501 Romanum
403 2472 509 2502 bellum
557 2471 743 2512 mernerunt]

59 2512 123 2544 Hic
142 2513 260 2545 auctior
282 2519 329 2544 est
352 2513 469 2545 Pithoei
491 2513 601 2550 codex,
622 2519 664 2550 et,
680 2524 746 2545 me-

60 2561 198 2587 morante
221 2556 371 2593 Hearnio,
402 2556 507 2588 addit:
548 2557 646 2587 Motus
669 2568 744 2596 pue-

60 2604 139 2628 terea
165 2599 268 2639 Syriae,
297 2606 325 2630 et
353 2601 426 2630 bella
454 2601 532 2630 inter
559 2610 639 2640 ‘teges
664 2606 744 2641 gesta

60 2640 252 2681 teleruntur:
275 2644 354 2673 inter
375 2653 442 2682 qnos
463 2648 555 2674 motas
578 2643 745 2673 Demetrius

58 2684 130 2717 Sm
121 2694 155 2714 1ae
168 2694 218 2714 rer
232 2685 337 2715 occisus
351 2692 425 2717 erat.

107 2726 145 2756 19
183 2726 283 2757 Altero
309 2734 337 2758 et
370 2728 565 2759 sexcentesimo
600 2739 677 2758 anno
710 2729 746 2758 ab

61 2780 92 2798 u.
108 2768 150 2808 0.]
170 2768 299 2809 Repetit
312 2769 435 2801 initium
447 2770 530 2801 tertii
543 2770 655 2801 Punici
670 2770 745 2801 belli

61 2816 169 2842 auctor
188 2811 280 2852 hujus
300 2812 450 2853 epitomes
468 2814 508 2844 ab
524 2813 687 2844 consulatu
706 2814 744 2845 T.

62 2853 197 2890 Quintii,
222 2859 253 2884 et
275 2855 337 2885 M’.
352 2854 460 2892 Acilii,
482 2860 518 2886 ut
538 2860 625 2896 patet
647 2866 686 2886 ex
709 2866 745 2887 eo

63 2896 146 2937 quod
161 2896 279 2927 bellum
293 2896 350 2928 1100
373 2897 454 2929 intra
467 2897 610 2939 quintum
630 2908 745 2930 3111111111

121 2953 215 2980 V-OL.
238 2954 294 2980 IV.

784 1752 853 1772 mus
875 1741 907 1771 in
923 1747 997 1772 nota
1020 1741 1060 1772 ad
1078 1741 1143 1772 Liv.
1160 1742 1182 1772 l.
1200 1742 1266 1772 III.
1289 1752 1317 1772 c.
1334 1742 1387 1772 33.
1409 1752 1468 1771 sex-

784 1786 952 1815 centesimus
976 1786 1100 1824 primus.
1156 1785 1250 1815 Hunc
1282 1791 1386 1815 tamen
1415 1794 1469 1815 311-

785 1838 871 1864 num,
896 1838 957 1869 quo
979 1828 1015 1857 T.
1041 1827 1189 1864 Quintius
1212 1833 1242 1859 et
1265 1829 1326 1858 M’.
1350 1827 1472 1858 Acilius

786 1871 927 1901 consules
950 1875 1032 1907 sunt,
1056 1881 1255 1901 numeramus
1284 1870 1472 1902 sexcentesi-

785 1925 871 1944 mum
893 1913 1077 1950 secundum,
1101 1923 1139 1943 ne
1162 1923 1182 1944 a
1205 1913 1362 1944 Dodwelli
1379 1913 1472 1944 ratio-

786 1957 888 1993 nibus,
912 1967 1005 1998 quem
1028 1956 1186 1997 sequimur
1213 1956 1245 1988 111
1275 1956 1473 1998 chronologia

786 2000 909 2036 ducem,
926 1999 1147 2041 discrepemus

828 2044 870 2073 20
893 2043 977 2073 Alter
998 2045 1084 2072 etiam
1114 2044 1160 2072 vir
1190 2044 1312 2082 optimas
1333 2054 1351 2072 a
1372 2047 1475 2072 senatu,

777 2088 934 2125 judicatas
956 2086 1034 2125 erat]
1061 2086 1130 2115 11110
1146 2085 1197 2116 1110
1219 2084 1322 2126 Scipio
1343 2084 1474 2121 Nasica,

789 2129 957 2159 Corculum
980 2127 1092 2164 dictus,
1113 2127 1161 2159 bis
1183 2128 1302 2164 consul,
1320 2132 1352 2157 et
1372 2128 1474 2169 ponti-

788 2171 838 2202 fex
867 2170 1033 2207 maximus,
1057 2171 1124 2212 ejus
1149 2171 1203 2212 qui
1230 2171 1269 2201 ab
1296 2176 1406 2201 senatu
1429 2170 1476 2202 vir

788 2214 923 2255 optimus
942 2213 1101 2255 judicatus
1125 2219 1200 2249 erat,
1217 2213 1298 2244 filius
1321 2213 1390 2244 fuit.
1435 2214 1475 2245 Id

788 2262 911 2288 constat
955 2267 992 2287 ex
1033 2255 1116 2287 omni
1152 2256 1262 2286 horum
1302 2262 1475 2298 temporum

788 2299 925 2330 historia.
985 2300 1055 2330 Nec
1085 2299 1258 2330 audiendus
1287 2299 1407 2330 Auctor
1435 2299 1474 2330 de

788 2342 857 2373 Vir.
887 2342 984 2372 illust.
1008 2341 1061 2383 qui
1078 2341 1274 2372 consentiens
1286 2341 1359 2372 huic
1375 2341 1473 2384 epito-

788 2396 846 2415 mae
863 2390 901 2415 ejx
916 2385 1036 2415 duobus
1050 2395 1146 2415 unum
1162 2384 1247 2415 facit.

832 2428 871 2458 21
907 2428 1017 2458 Nasica
1045 2429 1244 2458 dissuadente:
1279 2427 1393 2466 placuit
1427 2433 1472 2457 ta-

790 2471 869 2511 men]
899 2470 1067 2512 Distingue
1090 2476 1121 2500 et
1143 2471 1255 2506 scribe,
1281 2470 1389 2500 Nasica
1415 2472 1473 2500 dis-

788 2516 938 2544 suadente.
954 2514 1074 2544 Placuit
1089 2516 1216 2544 tandem.
1234 2513 1452 2544 GRONovms.

832 2557 874 2586 22
904 2557 952 2586 Aa
976 2556 1146 2596 Terentum]
1188 2555 1273 2587 Olim
1297 2558 1335 2586 ad
1364 2556 1474 2585 Taren-

788 2606 862 2630 tum.
906 2599 1049 2630 Correxit
1077 2598 1220 2640 Sigonius
1251 2609 1288 2629 ex
1319 2599 1422 2634 Festo,
1443 2602 1474 2628 et

788 2642 864 2673 Val.
879 2642 971 2673 Max.
985 2642 1008 2673 1.
1025 2642 1073 2673 11.
1090 2652 1119 2672 0.
1135 2642 1165 2671 4.

831 2685 872 2715 23
912 2684 973 2718 Qui
998 2696 1074 2715 anno
1103 2686 1262 2720 centesimo,
1284 2684 1377 2722 prima
1403 2681 1474 2710 bella

790 2727 919 2767 Punico]
959 2727 1021 2758 Hic
1037 2728 1169 2757 multum
1183 2727 1304 2757 variant
1322 2723 1426 2764 scripti
1442 2727 1474 2753 et

789 2769 876 2801 editi.
899 2770 1073 2801 Gronovius
1085 2769 1162 2810 legit
1175 2769 1312 2810 proxime
1325 2766 1365 2797 ad
1376 2766 1472 2796 MSS.

789 2823 912 2844 suorum
941 2812 1046 2847 fidem,
1073 2813 1122 2843 vel
1146 2813 1196 2851 qui
1223 2821 1298 2840 anno
1327 2810 1474 2839 centesimo

788 2861 868 2892 ante,
897 2855 947 2886 vel
974 2857 1024 2895 qai
1051 2861 1119 2884 ante
1141 2864 1253 2883 annum
1278 2853 1472 2887 centesimum,

787 2899 882 2937 primo
898 2898 1012 2928 Punico
1027 2897 1107 2927 bella.

837 2954 865 2980 O

839 2980 865 2991 w
