1831 3174
489 103 608 141 LIB.
639 99 750 138 XLI.
791 97 922 136 CAP.
953 94 1066 132 XXI.
1436 94 1486 128 23

58 223 105 264 P.
125 218 255 262 Furio
289 215 411 258 Philo
443 214 484 253 in
517 211 748 254 citeriorem
783 206 863 255 tria
894 204 1023 246 millia
1055 200 1245 258 peditum
1280 200 1678 242 Romano-U.C.578.

57 293 166 327 rum,
189 275 349 331 equites
381 278 548 312 centum
581 264 903 323 quinquaginta,
925 270 967 303 et
1000 259 1155 301 socifim
1192 256 1332 297 Latini
1362 246 1590 296 nomi-A·C·
1609 244 1680 275 174.

57 335 120 376 nis
161 333 347 389 quinque
387 327 515 369 millia
554 324 760 381 peditum,
803 318 975 362 trecenti
1012 316 1196 372 equites:
1259 312 1397 353 Sicilia
1439 312 1488 352 L.

61 391 239 433 Claudio
261 388 345 429 sine
378 384 667 440 supplemento
700 380 877 421 decreta.
940 376 1058 416 Duas
1079 379 1282 429 praeterea
1312 369 1492 424 legiones

59 447 247 490 consules
268 443 444 485 scribere
472 440 593 496 jussi,
616 453 709 479 cum
726 437 844 492 justo
864 447 1038 474 numero
1059 429 1249 486 peditum
1283 426 1493 482 equitum-

59 521 157 561 que,
190 511 231 544 et
264 502 404 543 decem
437 497 566 538 millia
593 494 783 551 peditum
817 490 934 532 sociis
967 489 1183 543 imperare,
1206 493 1246 525 et
1280 491 1495 524 sexcentos

60 561 232 617 equites.
295 557 494 598 Delectus
526 551 766 595 consulibus
799 564 847 589 co
869 545 1073 588 difficilior
1098 551 1201 592 crat,
1223 540 1338 596 quod
1372 538 1496 595 pesti-
1509 541 1700 576 Pestilentia.

61 618 200 667 lentia,
242 630 339 671 quae
379 612 515 669 priore
555 625 663 652 anno
702 608 745 648 in
783 606 911 647 boves
960 603 1189 658 ingruerat,
1229 598 1263 622 99
1276 613 1324 638 eo
1364 605 1497 638 verte-

62 684 146 716 rete
177 674 220 714 in
251 671 466 713 hominum
500 668 677 709 morbos.
718 662 791 720 qui
826 660 1071 706 inciderant,
1106 656 1221 698 haud
1257 653 1377 696 facile
1410 668 1499 708 sep-

64 732 212 774 timum
265 729 375 771 diem
416 725 692 781 superabant:
752 719 826 775 qui
879 723 1175 773 superaverant
1190 716 1212 762 s,
1254 710 1498 766 longinquo,

64 788 242 830 maxime
282 792 516 842 quartanae,
557 778 865 836 inplicabantur
904 774 1061 815 morbo.
1156 765 1345 810 Servitia
1372 766 1501 808 maxi-

65 862 130 887 me
179 844 475 885 moriebantur.
518 852 661 880 eorum
703 844 861 890 strages
901 846 975 888 per
1014 844 1156 870 omnes
1196 826 1282 867 vias
1322 823 1503 880 insepul-

67 911 205 945 torum
247 908 347 942 erat.
427 899 493 938 Ne
534 896 759 936 liberorum
800 889 971 945 quidem
1011 885 1229 927 funeribus
1268 882 1301 907 9³
1317 880 1506 922 Libitina

69 959 326 1001 subficiebat.
389 955 619 999 Cadavera,
641 951 799 991 intacta
830 963 855 987 a
887 945 1058 987 canibus
1091 958 1137 983 ac
1166 939 1423 987 vulturibus,
1447 945 1507 978 ta-

68 1017 141 1057 bes
169 1013 438 1056 absumebat:
487 1009 670 1063 satisque
703 1003 933 1052 constabat,
956 1017 1030 1041 nec
1065 999 1150 1048 illo,
1173 1013 1247 1038 nec
1280 997 1417 1052 priore
1439 1008 1508 1034 an-

70 1089 139 1123 n0,
173 1073 214 1113 in
248 1079 365 1112 tanta
397 1077 534 1122 strage
565 1066 695 1105 boum
727 1060 1028 1113 hominumque
1060 1054 1295 1096 vulturium
1330 1065 1508 1107 usquam

71 1130 219 1170 visum.
283 1125 526 1167 Sacerdotes
557 1119 715 1178 publici
748 1133 796 1159 ea
826 1114 1064 1172 pestilentia
1095 1110 1249 1152 mortui
1284 1116 1397 1158 sunt,
1433 1108 1509 1147 Cn.

75 1186 274 1227 Servilius
298 1183 444 1239 Caepio
465 1179 670 1237 pontifex,
687 1184 807 1232 pater
828 1171 1034 1229 praetoris,
1052 1178 1093 1211 et
1114 1168 1147 1193 ⁹4
1156 1168 1224 1208 Ti.
1243 1163 1512 1221 Sempronius

77 1243 145 1284 Ti.
163 1244 235 1284 F.g
258 1243 433 1296 Longus
465 1234 673 1279 decemvir
707 1246 931 1279 sacrorum,
955 1236 995 1269 et
1030 1229 1077 1269 P.
1096 1225 1235 1266 AElius
1264 1225 1409 1264 Paetus
1441 1236 1514 1261 au-

74 1315 170 1356 gur,
203 1308 244 1340 et
288 1298 355 1338 Ti.
378 1293 647 1351 Sempronius
682 1289 914 1337 Gracchus,
948 1294 989 1326 et
1025 1286 1072 1326 C.
1091 1281 1309 1324 Mamilius
1345 1277 1515 1320 Vitulus

77 1357 193 1399 curio
239 1355 461 1401 maximus,
513 1360 555 1392 et
608 1349 671 1389 M.
710 1343 977 1401 Sempronius
1019 1340 1263 1382 Tuditanus
1313 1335 1516 1393 pontifex.

76 1414 110 1438 9⁵
127 1413 343 1470 pontifices
379 1407 557 1451 subfecti
600 1413 712 1453 sunt,
756 1405 803 1443 C.
831 1399 1041 1456 Sulpicius
1078 1397 1216 1438 Galba
1237 1396 1338 1422 ***”
1378 1393 1419 1432 in
1462 1391 1518 1431 lo-

77 1487 173 1512 cum
212 1467 431 1511 Tuditani.
492 1466 693 1519 Augures
729 1457 907 1500 subfecti
943 1463 1055 1504 sunt,
1091 1454 1133 1494 in
1167 1450 1345 1493 Gracchi
1381 1449 1518 1488 locum

83 1529 136 1568 T.
161 1525 361 1568 Veturius
403 1521 620 1564 Gracchus
664 1513 1000 1571 Sempronianus,
1053 1511 1094 1551 in
1138 1511 1184 1550 P.
1210 1507 1312 1548 AElii
1362 1507 1410 1555 Q.
1446 1504 1521 1544 AE-

80 1585 162 1625 lius
199 1585 357 1624 Paetus.
439 1575 662 1620 Decemvir
699 1586 909 1613 sacrorum
947 1571 994 1609 C.
1020 1564 1289 1622 Sempronius
1331 1563 1521 1616 Longus,

83 1641 199 1682 curio
250 1637 458 1680 maximus
507 1635 554 1675 C.
589 1628 829 1673 Scribonius
884 1625 1014 1667 Curio
1068 1622 1299 1664 subficitur.
1381 1620 1523 1668 Quum

82 1696 332 1754 pestilentiae
383 1693 477 1734 finis
517 1705 600 1731 non
640 1688 773 1735 fieret,
815 1691 982 1725 senatus
1022 1678 1220 1729 decrevit,
1261 1676 1325 1718 uti
1366 1676 1525 1716 decem-

85 1755 163 1795 viri
203 1754 331 1795 libros
374 1747 599 1805 Sibyllinos
650 1744 825 1785 adirent.
914 1741 983 1780 Ex
1024 1738 1191 1779 decreto
1232 1748 1376 1775 eorum
1416 1731 1525 1773 diem

87 1827 219 1853 unum
254 1806 502 1865 supplicatio
534 1803 630 1845 fuit.
665 1809 721 1851 et,
743 1799 776 1823 9⁶
791 1800 839 1848 Q.
859 1796 1018 1837 Martio
1052 1793 1250 1848 Philippo
1272 1790 1400 1831 verba
1419 1803 1525 1845 prae-

88 1876 228 1918 eunte,
250 1865 434 1923 populus
454 1863 495 1903 in
518 1861 609 1902 foro
640 1866 786 1899 votum
819 1853 1032 1908 concepit:
1077 1852 1121 1892 Si
1151 1849 1306 1890 morbus
1331 1847 1528 1900 pestilen-

89 1927 228 1979 tiaque
258 1939 308 1964 ex
338 1935 440 1976 agro
473 1921 659 1960 Romano
679 1920 807 1955 emota
842 1917 952 1959 esset,
976 1910 1135 1949 biduum
1158 1905 1294 1958 ferias
1314 1920 1361 1944 ac
1381 1902 1529 1955 suppli-

91 1984 288 2023 cntionem
315 1994 356 2021 se
384 1978 617 2019 habiturum.
680 1974 733 2013 In
755 1968 917 2011 Veienti
950 1982 1050 2022 agro
1081 1965 1223 2020 biceps
1254 1971 1379 2003 natus
1410 1976 1529 2016 puer,
1545 1970 1701 2011 Prodigia.

93 2049 135 2081 et
159 2039 363 2080 Sinuessae
385 2034 621 2081 unimanus,
643 2038 684 2070 et
707 2025 903 2068 Auximii
934 2023 1075 2079 puella
1095 2037 1189 2063 cum
1223 2019 1444 2065 dentibus,
1490 2025 1532 2058 et

95 2112 215 2137 arcus
246 2093 429 2136 interdiu
463 2105 605 2131 sereno
638 2086 742 2128 coelo
765 2097 889 2139 super
913 2081 1045 2121 aedem
1081 2077 1251 2120 Saturni
1272 2076 1314 2116 in
1335 2076 1426 2116 foro
1449 2075 1534 2114 Ro-

97 2169 219 2194 mano
251 2152 451 2199 intentus,
473 2156 514 2188 et
536 2154 619 2187 tres
641 2141 764 2185 simul
786 2140 890 2181 soles
915 2137 1184 2178 effulserunt:
1231 2142 1271 2174 et
1292 2133 1325 2159 9⁷
1338 2132 1448 2173 faces
1470 2146 1535 2170 ea-

98 2211 194 2251 dem
226 2217 347 2250 nocte
367 2207 509 2263 plures
529 2218 603 2259 per
624 2200 777 2242 coelum
809 2197 937 2252 lapsae
959 2202 1056 2235 sunt
1076 2193 1118 2233 in
1152 2189 1398 2232 Lanuvino:
1445 2189 1536 2228 Cae-

140 2313 155 2330 0
171 2315 296 2340 verterat
314 2307 410 2338 Gron.
429 2305 520 2336 Crev.
681 2296 695 2320 f
707 2298 881 2340 superabant
898 2293 986 2326 Eaed.
1143 2294 1159 2320 g
1179 2290 1223 2321 Τι’.
1243 2290 1279 2320 F.
1295 2289 1318 2321 l.
1334 2288 1370 2320 C.
1386 2288 1424 2320 F.
1440 2287 1538 2318 Gron.

102 2352 120 2376 h
135 2353 223 2383 abest
238 2351 361 2393 signum
375 2350 497 2380 lacunae
515 2347 613 2378 Gron.
632 2343 726 2375 Crev.
854 2341 864 2360 ¹
883 2339 978 2368 Oaimi
993 2335 1080 2367 Eaed.

147 2448 189 2477 92
215 2446 271 2486 Eo]
292 2445 395 2475 Anno.
846 2433 946 2476 pionis
960 2431 1098 2474 pontifex
1113 2428 1259 2460 suffectus
1274 2431 1331 2458 est.

151 2490 193 2520 93
218 2488 364 2528 Libitina]
390 2485 466 2517 Vid.
483 2490 545 2516 not.
561 2484 613 2514 67.
639 2481 679 2512 ad
695 2480 715 2510 l.
732 2479 802 2509 XL.
890 2478 932 2507 96
966 2476 1001 2509 Q.
1031 2474 1145 2504 Marcio
1175 2471 1325 2509 Philippa]
1356 2463 1543 2498 Decemviro

107 2544 137 2564 c.
155 2533 204 2563 19.
848 2529 1014 2550 sacrorum.
1060 2515 1135 2547 Vid.
1152 2524 1245 2555 supra
1257 2513 1278 2542 l.
1296 2512 1364 2542 XL.
1381 2521 1409 2540 c.
1425 2509 1474 2538 42.

158 2575 200 2605 94
236 2574 280 2603 Ti.
311 2573 493 2612 Sempronius
525 2569 570 2599 Ti.
602 2568 637 2598 F.
669 2564 802 2605 Longus]
892 2563 931 2592 97
958 2562 1046 2591 Faces
1069 2580 1079 2590 .
1111 2582 1119 2589 .
1144 2559 1227 2596 lapsa*
1252 2561 1317 2586 sunl
1351 2555 1381 2582 in.
1418 2550 1544 2594 Lanari-

112 2619 193 2648 Haec
224 2622 270 2647 est
297 2621 386 2646 vetus
416 2614 577 2655 scriptura,
606 2620 700 2651 quam
727 2607 809 2637 male
853 2617 897 2635 τω.
927 2602 1115 2642 Caeritesque]
1142 2599 1320 2631 Priscianus
1343 2596 1364 2626 l.
1387 2594 1447 2624 IV.
1471 2596 1547 2621 extat

113 2664 287 2689 mutaverat
323 2657 479 2699 Sigonius,
517 2655 642 2696 legique
677 2652 811 2693 jusserat
853 2648 935 2678 hunc
966 2647 1068 2677 locum
1091 2644 1154 2674 sic:
1194 2641 1344 2672 Lanuvini
1376 2637 1547 2673 Caeritesque

117 2702 163 2731 Ti.
193 2702 375 2740 Sempronius
413 2702 448 2732 C.
483 2699 518 2729 F.
561 2696 638 2727 Yid.
665 2704 759 2736 supra.
788 2693 811 2723 l.
853 2702 979 2732 anguem
1013 2690 1166 2728 julmtum.
1227 2686 1338 2723 Itaque
1382 2676 1548 2718 legendum

121 2745 267 2774 XXVII.
283 2754 312 2775 c.
328 2744 357 2774 6.
856 2740 902 2765 est
925 2734 983 2763 hoc
1013 2731 1122 2762 modo:
1152 2731 1247 2767 -lapsoe
1269 2730 1349 2755 sunt,
1399 2719 1551 2750 Lanuvini

160 2788 202 2817 95
227 2787 379 2826 Pontifices
405 2784 523 2826 suffecti
551 2788 619 2813 sunt
650 2781 689 2812 C.
713 2779 812 2817 Sulpi-
859 2777 1040 2816 Currite-qne.
1071 2775 1246 2804 Slc-oxirs.
1286 2767 1373 2798 Faces
1390 2768 1459 2794 sunt
1476 2761 1549 2793 stel-

117 2832 179 2859 eius
211 2828 305 2857 Galba
340 2830 375 2857 in
411 2829 505 2857 locum
544 2823 702 2863 Tuditani]
753 2820 814 2851 Hic
857 2820 898 2850 1ae
915 2819 1015 2849 sacen]
1031 2817 1190 2848 ducentes·

122 2871 237 2902 excidit
260 2880 372 2902 nomen
396 2870 462 2911 ejus
482 2869 534 2910 qui
558 2868 589 2898 in
616 2868 717 2898 locum
743 2864 813 2894 Cae-

903 2909 969 2941 cfr
