1816 3159
271 69 346 107 346

300 178 438 209 nominis
452 178 590 214 Camilli,
608 178 730 216 positae,
742 180 774 213 6,
788 182 818 207 4.
828 177 949 206 Junoni

299 223 428 260 Reginae
443 222 474 250 in
487 222 647 250 Aventino
658 221 829 258 majoribus
840 220 951 249 hostiis

300 266 503 299 sacrificatur,
529 269 584 301 22,
612 269 638 292 1.
670 265 733 293 rid.
765 264 802 292 de
824 265 952 293 Junone

300 310 435 348 Regina,
452 313 503 342 27,
521 313 573 339 37.
592 312 646 342 31,
668 311 715 335 12.

258 352 345 382 Juno
363 352 499 390 Sospita,
518 356 547 382 8,
569 355 616 379 14.
632 354 749 386 24,10.
768 353 953 385 29,14.31,

306 400 353 424 12.
377 395 516 424 Junonis
542 394 674 431 Sospitae
698 393 777 421 aedes
804 394 954 430 lucusque

302 436 651 468 communisLanuvinis
662 437 872 474 municipibus
882 445 953 465 cum

303 483 418 520 populo
439 482 594 516 Romano,
622 484 653 516 8,
676 483 722 508 14.
741 480 809 516 ejus
827 480 953 508 simula-

303 535 404 559 crum,
422 528 477 559 40,
500 529 548 554 19.
565 525 593 552 ei
610 524 689 552 aedes
701 527 775 552 vota
788 532 806 551 a
823 523 857 552 C.
877 524 953 552 Cor-

302 569 384 597 nelio
408 568 560 604 Cethego,
576 567 715 603 consule,
732 571 787 603 32,
802 570 855 596 30.
872 567 955 595 dedi-

302 617 384 644 cata,
402 616 457 646 321,
478 614 528 638 53.

260 654 396 684 annonis
413 655 445 682 in
462 654 526 682 aede
537 654 631 682 veteri
649 653 766 682 Patavii
781 653 841 682 fixa
857 656 957 681 rostra

305 698 446 732 navium,
465 698 626 735 spoliaque
642 698 813 731 Laconum,
831 700 883 732 10,
896 700 925 723 2.

261 741 385 780 Jupiter
398 742 540 777 Acraeus,
559 744 612 776 38,
627 745 655 769 2.

281 801 325 807 —
342 784 553 821 Capitolinus,
570 788 598 821 1,
617 787 666 812 55.
681 785 713 819 6,
735 787 782 814 17.

282 845 325 852 —
341 828 533 861 Dodonaeus,
554 831 585 864 8,
612 831 663 856 24.
687 827 777 856 Jovis
804 825 957 855 Dodonaei

307 876 424 906 sortes,
443 871 518 900 ibid.

282 930 326 936 --
344 914 478 949 Elicius,
501 917 534 949 l,
548 917 600 942 20.
621 913 693 942 Jovi
710 913 811 941 Elicio
825 922 908 941 aram
925 912 957 940 in

304 958 466 986 Aventino
497 957 619 985 dedicat
648 957 754 985 Numa
770 956 956 994 Pompilius,

306 1000 378 1029 ibid.
397 1001 459 1030 vid.
475 1005 505 1029 et
521 1004 574 1028 31.

263 1044 389 1082 Jupiter
420 1044 590 1078 Feretrius,
620 1047 649 1079 1,
677 1045 724 1071 10.
757 1042 782 1070 ei
807 1043 958 1080 templum

307 1087 429 1116 dedicat
468 1087 635 1121 Romulus,
667 1090 698 1114 et
729 1086 834 1123 opima
861 1086 960 1123 spolia

308 1132 379 1166 fert,
398 1129 471 1159 ibid.
489 1131 568 1158 aedes
589 1129 655 1166 ejus
672 1128 710 1157 ab
726 1131 816 1157 Anco
830 1129 960 1167 amplifi-

308 1177 391 1209 cata,
414 1177 443 1209 1,
461 1177 511 1202 33.
531 1172 645 1201 refecta
657 1172 695 1200 ab
708 1172 959 1211 Augusto,4‚20.

286 1233 330 1240 —
347 1217 532 1254 Imperator,
549 1219 580 1249 6,
599 1219 649 1246 29.

286 1277 330 1284 —-
346 1260 485 1298 Indiges,
502 1263 530 1296 l,
545 1263 573 1287 2.
588 1258 632 1287 sic
642 1258 743 1287 dictus
754 1257 959 1293 AEneas,z'b7d.

287 1323 330 1329 —
345 1303 490 1339 Latiaris,
512 1307 567 1338 21,
583 1305 634 1331 63.
651 1302 677 1330 ei
695 1302 826 1337 donum,
842 1302 960 1329 fulmen

309 1355 436 1376 aureum
456 1349 560 1385 pondo
578 1345 819 1384 quinquaginta,
830 1344 961 1380 factum,

312 1394 368 1425 22,
389 1394 415 1418 1.

289 1449 333 1457 —
348 1433 523 1472 OlympIus,
551 1437 605 1466 24,
637 1436 689 1461 21.
717 1431 784 1468 ejus
808 1430 962 1470 templum

311 1476 464 1513 Athenis,
482 1480 536 1512 41,
551 1480 603 1505 25.

288 1538 332 1545 —-
346 1520 494 1558 Optimus
519 1520 689 1552 Maximus,
709 1522 742 1553 4,
762 1522 790 1546 2.

291 1579 334 1586 --
349 1563 468 1599 Stator,
487 1567 515 1596 1,
536 1567 584 1592 12.
600 1564 627 1590 ct
643 1565 697 1591 41.
720 1561 748 1589 ei
760 1560 911 1598 templum
929 1559 963 1588 in

313 1616 417 1645 pugna
433 1616 502 1635 cum
520 1605 714 1635 Samnitibus
731 1608 824 1633 vovet
835 1604 880 1633 M.
893 1603 964 1632 Ati-

316 1651 389 1684 lius,
415 1654 465 1686 10,
481 1652 533 1679 36.

292 1712 335 1718 —
349 1694 565 1730 Trophonius,
582 1695 638 1728 45,
656 1695 706 1721 27·

292 1753 336 1759 —
351 1737 472 1771 Victor,
502 1741 552 1773 10,
570 1739 619 1766 29.
644 1735 670 1762 ei
695 1733 774 1762 aedes
791 1735 876 1769 vota,
894 1741 964 1770 spo-

314 1780 417 1817 liaque
441 1780 578 1808 hostium
602 1780 750 1812 cremata,
777 1776 848 1804 inid.
893 1776 964 1804 Jovi

314 1823 434 1852 Victori
447 1823 595 1861 pocillum
608 1821 715 1856 mulsi,
727 1820 908 1859 priusquam
920 1822 966 1847 te-

315 1870 431 1895 metum
450 1866 581 1901 biberet,
594 1868 686 1894 vovet
700 1865 735 1892 L.
748 1862 900 1901 Papirius,
913 1866 967 1891 42.

273 1909 362 1939 Jovis
375 1910 454 1938 aedes
470 1909 502 1938 in
520 1908 678 1947 Capitolio
695 1907 847 1942 dedicata,
865 1910 896 1941 2,
915 1909 943 1933 8.

294 1954 434 1981 —aedes
460 1953 529 1981 duae
553 1953 584 1980 in
615 1950 772 1988 Capitolio
803 1948 965 1985 dedicatae,

319 2000 375 2031 35,
392 1999 443 2023 41.

297 2054 340 2062 —-
355 2039 450 2068 aedem
482 2037 514 2066 in
545 2036 714 2075 Capitolio,
744 2032 968 2072 columnasque

318 2083 400 2111 circa
415 2081 575 2120 poliendas
592 2080 674 2110 Albo
691 2080 797 2108 locam
813 2087 966 2112 censores,

319 2129 374 2161 40,
392 2129 443 2154 51.

297 2187 340 2193 -
356 2169 445 2204 cella,
467 2168 502 2196 in
527 2176 588 2205 qua
612 2169 685 2196 ante
711 2165 804 2204 pedes
829 2164 969 2194 Junonis

319 2216 383 2241 tres
401 2216 514 2249 paterae
531 2220 632 2240 aurea:
647 2209 770 2248 positae,
787 2211 818 2243 6,
831 2211 860 2237 4.

298 2271 342 2278 —
356 2256 482 2294 epulum
500 2255 643 2283 ludorum
660 2261 782 2289 caussa,
801 2256 854 2287 25,
872 2254 967 2288 2.27,

321 2301 372 2328 36.
389 2303 443 2336 229,
459 2303 512 2327 38.

298 2359 342 2365 —
356 2346 461 2380 porta,
479 2343 607 2379 Capuae,
625 2343 677 2375 26,
699 2344 746 2369 14.

298 2399 342 2406 —-
357 2385 432 2413 sella
446 2385 479 2412 in
496 2385 614 2422 templo
632 2383 827 2421 Capitolino,
847 2386 879 2415 5,
896 2384 946 2409 50.

298 2442 342 2449 —
357 2428 495 2466 signum,
507 2429 661 2456 Praeneste
677 2428 853 2462 devectum,
871 2433 890 2452 a
904 2423 970 2451 dic-

319 2473 421 2499 tatore
436 2471 474 2498 T.
492 2470 627 2501 Quintio
651 2471 682 2498 in
702 2469 894 2508 Capitolium
909 2467 970 2495 fer-

320 2517 386 2549 tur,
404 2516 436 2550 6,
447 2516 496 2542 29.

299 2572 343 2579 -
359 2557 509 2594 templum
548 2555 581 2583 in
609 2555 766 2594 Capitolio
796 2553 968 2587 dedicatur,

322 2600 409 2638 Epit.
424 2604 475 2630 98.

278 2644 350 2672 ,10νί
369 2652 453 2672 aram
482 2642 513 2670 in
545 2644 651 2670 monte
683 2641 776 2670 AEmo
810 2640 971 2669 consecrat

323 2687 500 2725 Philippus,
517 2689 571 2721 40,
590 2688 642 2714 22.

277 2730 388 2758 ‹Jurare
405 2739 467 2758 non
485 2731 589 2767 potest
611 2728 724 2756 flamen
747 2726 860 2761 Dialis,
877 2726 972 2760 atque

322 2773 398 2802 adeo
415 2773 508 2802 alium
525 2773 592 2809 dat,
607 2772 660 2811 qui
676 2780 732 2810 pro
748 2779 780 2799 se
799 2769 898 2807 juret,
915 2769 970 2800 31,

324 2819 375 2843 50.
419 2832 423 2836 ·

727 67 902 105 INDEX
934 67 991 103 IN
1024 67 1073 103 T.
1106 65 1239 101 LIVll

993 175 1219 212 Jusjurandum
1247 176 1383 205 militum
1411 177 1566 209 diversum
1593 187 1610 208 a
1638 188 1686 208 sa-

1037 224 1208 252 cramento,
1227 223 1278 251 22,
1297 224 1350 248 38.

993 262 1204 299 Jurisjurandi
1221 262 1364 300 religiosa
1379 263 1567 301 observatio,
1581 270 1614 298 3,
1634 269 1685 293 20.

1040 306 1132 333 nimis
1146 305 1258 334 callida
1274 306 1505 344 interpretatio,
1523 312 1578 344 22,
1594 311 1644 336 61.

995 348 1204 385 Jurejurando
1224 349 1352 378 adactus
1369 351 1514 388 populus,
1532 351 1688 380 neminem

1040 400 1166 430 regnare
1184 392 1288 421 Romae
1304 402 1462 431 passuros,
1480 399 1511 431 2,
1525 399 1552 424 l.
1570 400 1599 423 et
1616 399 1644 423 2.

995 436 1053 464 Jus
1070 435 1100 464 id
1116 438 1175 471 est,
1191 437 1272 473 quod
1289 441 1479 474 postremum
1496 437 1691 477 populusju-

1040 479 1108 514 bet,
1123 482 1156 514 7,
1178 483 1224 510 17.
1241 483 1274 515 9,
1289 484 1341 508 33.

997 523 1055 551 Jus
1072 521 1212 550 divinum
1229 527 1259 551 et
1277 523 1462 555 humanum.
1484 528 1511 558 1,
1533 529 1584 554 18.

1019 583 1062 589 —-
1078 565 1182 600 civile,
1201 567 1369 603 repositum
1389 568 1422 595 in
1440 568 1625 605 pontificum
1642 575 1695 604 pe-

1042 608 1227 643 netralibus,
1247 610 1372 648 evulgat
1390 612 1426 639 C.
1440 611 1578 643 Flavius.
1594 615 1626 642 9.
1639 612 1692 638 46·

998 652 1164 680 Justitium
1182 652 1348 689 indictum,
1364 658 1398 691 3,
1409 658 1440 683 3.
1451 658 1480 682 et
1494 659 1544 685 27.
1559 660 1590 687 4,
1603 656 1652 682 26.
1665 658 1694 682 et

1042 699 1094 724 31.
1126 697 1157 730 6,
1183 698 1212 723 2.
1237 699 1267 723 et
1291 700 1319 726 7.
1345 701 1377 734 7,
1399 699 1427 726 6.
1451 702 1481 726 ct
1505 701 1556 726 28.
1586 701 1637 731 10,
1663 701 1692 725 4.

1042 743 1072 767 et
1090 742 1141 767 2¹..

1021 797 1064 804 —
1077 791 1130 819 per
1148 782 1347 819 quatriduum
1366 787 1536 820 servatum,
1548 787 1582 820 3,
1598 788 1629 813 3.
1643 791 1697 821 per

1045 826 1109 853 dies
1126 825 1230 853 decem
1247 830 1278 853 et
1294 830 1379 862 octo,
1400 830 1450 863 lo,
1469 831 1519 855 21.

1022 869 1112 896 —in
1130 868 1197 897 foro
1213 878 1269 897 sua
1292 874 1405 907 sponte
1428 874 1569 909 coeptum
1593 870 1694 908 prius,

1044 920 1136 949 quam
1155 912 1321 946 indictum,
1339 916 1371 948 9,
1389 917 1418 943 7.

1001 955 1133 984 Justitio
1146 954 1246 983 simile
1262 955 1376 992 otium,
1395 961 1427 993 7,
1448 960 1472 984 1.
1491 958 1546 992 26,
1559 959 1610 986 26.

1003 999 1039 1027 L.
1055 998 1225 1027 Juventius
1259 999 1395 1034 Thalna,
1419 1000 1552 1037 legatus,
1576 1003 1700 1036 39,31.

1045 1042 1178 1070 Romam
1201 1042 1327 1078 missus,
1343 1047 1394 1072 38.

1003 1084 1062 1114 Μ’.
1076 1085 1244 1113 duventius
1260 1085 1397 1122 Thalna,
1414 1085 1562 1114 tribunus
1585 1085 1698 1124 plebis,

1045 1132 1169 1156 accusat
1188 1128 1225 1157 C.
1243 1128 1423 1158 Lucretium
1445 1133 1621 1167 praetorem,
1645 1134 1699 1162 43,

1050 1175 1098 1200 10.
1116 1175 1237 1200 creatus
1261 1176 1388 1210 praetor,
1405 1172 1535 1201 sortitur
1556 1173 1701 1210 jurisdic-

1046 1214 1165 1243 tionem
1192 1214 1273 1243 inter
1295 1216 1488 1254 peregrinOS,
1513 1220 1570 1253 45,
1599 1221 1647 1245 14.
1671 1221 1701 1245 et

1050 1260 1097 1286 16.
1130 1258 1325 1295 rogationem
1355 1259 1533 1297 promulgat
1556 1260 1593 1288 de
1619 1259 1700 1288 bello

1049 1301 1180 1329 Rhodiis
1195 1301 1372 1335 indicendo,
1389 1306 1443 1338 45,
1457 1305 1509 1331 21.
1522 1302 1609 1341 Epit.
1627 1306 1677 1331 50.

1004 1343 1042 1373 T.
1055 1344 1238 1379 Juvenum,
1266 1345 1412 1373 tribunus
1440 1345 1589 1383 militum,
1617 1345 1701 1375 cadit

1048 1387 1080 1415 in
1098 1396 1214 1426 pugna,
1230 1392 1285 1423 33,
1301 1392 1354 1416 22.

1005 1431 1043 1461 T.
1058 1431 1228 1459 Juventius
1242 1431 1365 1460 Thalna
1381 1434 1502 1460 creatur
1511 1434 1637 1470 praetor,
1650 1435 1706 1468 34,

1049 1478 1100 1502 42.
1127 1474 1257 1503 sortitur
1283 1475 1536 1512 jurisdictionem
1567 1475 1702 1514 peregri—

1049 1526 1135 1553 nam,
1151 1521 1204 1547 43.

1006 1562 1167 1590 Juvenum
1180 1562 1393 1590 Romanorum
1411 1561 1563 1591 nobilium
1580 1560 1705 1599 conspi-

1051 1604 1130 1633 ratio
1147 1605 1183 1633 de
1199 1605 1322 1638 regibus
1339 1606 1574 1641 revocandis,2.
1585 1609 1615 1634 3.
1626 1613 1704 1633 con-

1047 1647 1123 1685 jecti
1142 1648 1173 1676 in
1191 1648 1329 1684 vincula,
1347 1652 1378 1677 4.
1396 1650 1471 1678 dant
1488 1657 1610 1687 poenns.
1630 1652 1659 1677 5.

1007 1691 1145 1720 Juvenes
1174 1691 1306 1719 trecenti
1332 1693 1540 1729 conjurarunt
1566 1691 1704 1720 occidere

1052 1736 1232 1770 Porsenam,
1248 1738 1281 1770 2,
1301 1738 1349 1762 12.

1009 1779 1162 1807 Juventas
1179 1778 1258 1813 Dea,
1276 1781 1307 1813 5,
1325 1782 1375 1806 54.

1009 1820 1189 1850 Juventatis
1204 1821 1282 1849 aedes
1306 1821 1339 1849 in
1363 1821 1444 1851 circo
1467 1820 1602 1850 maximo
1619 1819 1704 1848 dedi-

1055 1869 1136 1900 cata,
1149 1866 1203 1900 36,
1219 1866 1273 1892 36.

1010 1907 1175 1936 Juventati
1187 1906 1414 1936 lectisternium
1433 1907 1632 1946 imperatum,
1651 1909 1707 1942 21,

1054 1953 1108 1980 6-2.

1010 1995 1168 2023 Juventus
1199 1994 1343 2022 Romana
1375 1992 1604 2022 connubiorum
1632 2000 1707 2030 ergo

1055 2037 1184 2066 Sabinas
1200 2037 1337 2075 virgines
1354 2037 1448 2075 rapit,
1468 2041 1497 2073 1,
1515 2039 1546 2067 9.

1333 2123 1369 2152 L.

1013 2208 1177 2244 Labeates,
1195 2207 1314 2247 populi,
1331 2212 1387 2244 43,
1399 2212 1450 2237 21.
1464 2212 1518 2245 44,
1529 2209 1642 2241 31.45,
1656 2207 1706 2234 26.

1013 2252 1156 2281 Labeatis
1172 2253 1274 2291 palus,
1293 2255 1347 2288 44,
1365 2255 1420 2282 31.

1014 2295 1158 2325 Labeatis
1174 2300 1268 2326 terra.
1286 2299 1339 2328 44,
1357 2298 1408 2324 23.

1015 2340 1050 2367 C.
1067 2338 1183 2375 Labeo,
1213 2338 1359 2367 tribunus
1387 2337 1536 2371 militum,
1564 2334 1647 2364 cadit
1672 2334 1706 2363 in

1056 2391 1175 2420 pugna,
1197 2386 1251 2415 33,
1269 2384 1320 2408 22.

1015 2425 1130 2457 Labeo,
1143 2425 1205 2454 vid.
1230 2424 1402 2456 Antistius,
1419 2421 1563 2456 Atinius,
1580 2420 1708 2450 Fabius.

1015 2467 1139 2503 Labici,
1157 2477 1209 2496 seu
1226 2467 1344 2502 Lavici,
1356 2465 1441 2499 urbs,
1459 2469 1490 2497 2,
1507 2468 1558 2494 39.
1576 2464 1707 2492 Labicos

1057 2511 1139 2549 capit
1158 2511 1356 2545 Coriolanus,
1374 2508 1450 2537 ibid.
1467 2507 1597 2544 capiunt
1612 2510 1643 2535 et
1659 2507 1706 2535 di·

1057 2555 1177 2592 ripiunt
1200 2553 1347 2586 Romani,
1371 2556 1405 2588 4,
1427 2555 1478 2582 47.
1504 2550 1634 2579 Lavicos
1655 2550 1708 2578 de-

1062 2598 1157 2625 ducta
1170 2596 1306 2630 colonia,
1318 2594 1396 2624 ibid.

1014 2639 1176 2675 Labicani,
1203 2640 1267 2667 sive
1293 2638 1453 2673 Lavicani,
1471 2637 1577 2666 hostes
1592 2636 1709 2664 Roma-

1057 2691 1182 2715 norum,
1198 2686 1231 2717 4,
1250 2685 1301 2710 45.
1325 2681 1436 2720 proelio
1452 2681 1636 2715 vincuntur,
1652 2681 1706 2707 46.

1057 2725 1119 2754 vid.
1135 2729 1165 2753 et
1182 2727 1213 2761 6,
1231 2728 1284 2752 21.

1014 2768 1200 2798 Labicanus.
1218 2777 1271 2795 seu
1287 2767 1472 2802 Lavicanus,
1496 2774 1577 2801 ager,
1602 2769 1637 2802 3,
1655 2767 1707 2793 25.

1058 2815 1090 2848 4,
1107 2815 1157 2842 49.
1180 2813 1232 2845 26,
1248 2815 1278 2840 9.
