1831 3194
504 80 753 117 LIBROR.
785 80 1056 117 DEPERD.
1413 90 1488 124 231

77 188 191 241 sores
211 190 342 229 umoris·
356 189 549 244 respersit.
579 188 613 214 ³⁷
624 189 736 230 Sulla
756 189 902 228 Nolam
921 191 963 229 in
982 189 1147 230 Samnio
1163 193 1322 243 recepit.
1344 192 1377 216 ³⁸
1391 208 1488 246 quu-

87 248 283 299 draginta
298 253 442 299 septem
458 246 630 299 legiones
646 247 690 285 in
705 260 828 299 agros
839 253 975 299 captos
989 248 1168 296 deduxit,
1185 255 1222 288 et
1239 263 1303 288 eos
1318 250 1371 288 iis
1384 252 1489 290 divi-

86 305 149 344 sit.
206 304 449 351 Volaterras,
473 304 579 356 quod
596 303 777 354 oppidum
806 304 933 343 adhuc
956 305 998 343 in
1019 306 1141 345 armis
1161 312 1261 354 erat,
1284 306 1488 356 obsessum,

89 362 131 400 in
149 362 382 400 deditionem
400 361 566 412 accepit.
612 360 825 413 Mz‘tylenoe
841 375 988 414 quoque
1004 363 1043 401 in
1063 363 1177 410 Asia,
1195 376 1282 415 quae
1297 365 1381 403 sola
1398 365 1491 404 urbs

86 425 171 470 post
188 419 328 457 vietum
348 417 635 458 Mithridatem
653 431 766 457 arma
782 418 994 467 retinebat,
1009 426 1253 474 eapugnatce
1269 420 1491 474 dirutaeque

88 481 189 515 suut.

725 574 847 627 XC.

144 680 258 720 Sulla
279 680 456 729 decessit,
478 680 671 734 honosque
692 681 730 720 ei
749 696 774 720 a
795 686 936 721 senatu
958 680 1114 720 habitus
1136 687 1206 731 est,
1228 688 1270 721 ut
1293 683 1333 722 in
1355 696 1493 734 campo

88 736 249 776 Martio
262 738 514 789 sepeliretur.
538 737 603 777 Μ.
622 738 814 777 AEmilius
828 739 1020 789 Lepidus,
1036 752 1150 790 quum
1169 745 1259 778 aeta
1273 740 1395 779 Sullae
1406 746 1493 779 ten-

87 800 194 834 taret
210 795 445 844 rescindere,
460 795 600 835 bellum
617 795 826 835 emcitavit:
850 801 887 834 et
909 809 933 834 a
955 794 1004 842 Q-
1026 796 1171 836 Catulo
1188 797 1343 849 collega
1360 797 1492 837 Italia

83 852 223 903 pulsus
242 857 325 892 est:
347 858 383 891 et
405 853 447 891 in
471 851 843 902 Sardiuia,fiustra
866 853 1006 891 bellum
1035 853 1207 902 molitus,
1222 854 1364 904 periit.
1426 853 1492 894 M.

89 908 254 956 Brutus,
286 909 353 961 qui
385 910 637 961 Cisalpinam
672 908 856 949 Galliam
890 908 1103 956 obtinebat,
1134 924 1160 948 a
1194 910 1270 950 Cn.
1308 911 1495 963 Pompeio

88 965 233 1006 occisus
262 972 331 1006 est.
372 965 407 989 ³⁹
424 966 475 1014 Q.
497 966 694 1006 Sertorius
717 966 964 1018 proscriptus
995 967 1037 1006 in
1068 967 1257 1006 ulteriore
1278 967 1495 1017 Hispania

91 1023 231 1076 ingens
251 1022 392 1063 bellum
412 1024 618 1063 excitavit.
663 1022 696 1046 4⁰
709 1024 761 1062 L.
787 1023 972 1063 Manlius
984 1024 1203 1075 proconsul
1222 1029 1257 1062 et
1273 1023 1302 1046 ‘¹¹
1319 1024 1384 1064 M.
1407 1024 1493 1064 Do-

89 1081 228 1120 mitius
241 1081 394 1133 legatus
409 1080 441 1103 ‘¹²
453 1080 504 1119 ab
520 1080 743 1119 Herculeio
759 1086 950 1133 quaeslore
960 1081 1110 1132 praelio
1127 1080 1224 1119 victi
1238 1087 1342 1119 sunt.
1378 1082 1494 1120 Pra‘·

88 1142 196 1176 terea
217 1151 277 1177 res
298 1150 322 1177 α
342 1137 395 1178 Ρ.
412 1137 584 1178 Servilio
596 1138 834 1190 proconsule
851 1137 1042 1177 adversus
1061 1136 1205 1177 Cilicas
1218 1143 1352 1190 gestas
1371 1138 1494 1178 conti-
1528 1134 1531 1136 ’

89 1200 171 1234 net.

710 1293 864 1365 XCI.

160 1399 227 1439 Cn.
243 1400 474 1452 Pompeius,
491 1399 524 1423 ‘¹³
538 1415 653 1454 quum
674 1401 802 1440 adhuc
818 1414 931 1454 eques
952 1405 1062 1446 esset,
1080 1412 1163 1438 cum
1180 1398 1347 1452 imperio
1361 1415 1496 1442 eonsu-

90 1457 173 1495 lari
203 1457 390 1497 adversus
418 1458 634 1498 Sertorium
666 1459 804 1498 missus
838 1463 907 1497 est.
966 1456 1167 1497 Sertorius
1202 1457 1354 1510 aliquot
1383 1458 1498 1497 urbes

91 1514 350 1567 expugnavit,
366 1513 645 1568 plurimasque
664 1515 840 1554 civitates
862 1515 904 1553 in
919 1519 1156 1565 potestatem
1183 1525 1296 1553 suam
1325 1516 1495 1568 redegit.

93 1569 175 1621 Ap.
200 1570 392 1611 Claudius
420 1573 636 1623 proconsul
665 1572 845 1611 Thracas
871 1570 1055 1623 pluribus
1085 1569 1243 1621 pra'liis
1276 1571 1379 1611 vicit.
1442 1571 1494 1620 Q.

94 1626 283 1667 Metellus
304 1628 518 1680 proconsul
546 1629 596 1670 L.
619 1629 896 1677 Herculeium,
928 1634 1159 1681 qua’storem
1190 1626 1380 1680 Sertorii,
1411 1643 1494 1669 cum

94 1685 269 1725 exercitu
288 1685 447 1726 cecidit.

697 1784 881 1838 XCII.

154 1891 224 1932 Cu.
246 1892 458 1943 Pompeius
487 1891 603 1932 dubio
633 1897 771 1932 eventu
799 1904 884 1931 cum
913 1890 1088 1932 Sertorio
1112 1891 1327 1945 pugnavit,
1358 1891 1419 1931 ita
1453 1897 1498 1932 ut

91 1948 253 2000 singula
267 1963 315 1989 ex
327 1955 492 2003 utraque
498 1955 623 2002 parte
637 1962 784 1988 cornua
799 1948 979 1988 vicerint.
1013 1947 1063 1996 Q.
1078 1948 1267 1988 Metellus
1279 1949 1500 1989 Sertorium

94 2011 132 2045 et
147 2005 395 2057 Perpernam
411 2020 495 2046 cum
511 2005 661 2045 duobus
681 2006 919 2045 exercitibus
930 2006 1078 2058 proelio
1082 2006 1204 2059 fudit
1215 2023 1227 2045 .·
1254 2004 1362 2059 cujus
1374 2006 1499 2046 victo-

93 2062 165 2101 riae
181 2068 335 2113 partem
354 2063 513 2115 cupiens
525 2063 650 2115 ferre
671 2063 881 2114 Pompeius
902 2077 1052 2115 parum
1064 2077 1263 2115 prospere
1275 2064 1500 2116 pugnavit.

94 2117 126 2142 ¹¹
137 2119 320 2160 Obsessus
338 2120 484 2160 deinde
507 2121 663 2161 Cluniae
681 2120 897 2169 Sertorius,
919 2119 1096 2160 adsiduis
1124 2119 1393 2173 eruptionibus
1420 2134 1500 2160 non

139 2233 179 2263 37
202 2233 287 2263 Sulla
321 2233 427 2263 Nolam
458 2234 490 2263 in
524 2233 655 2273 Samnio]
702 2233 775 2263 Non
863 2233 899 2263 41
928 2233 974 2263 Μ.
992 2233 1152 2273 Domitius]
1186 2233 1255 2264 Imo
1278 2233 1316 2263 L.
1341 2233 1498 2269 Domitius,

95 2279 159 2306 tam
195 2277 227 2305 in
272 2276 398 2311 Samnio,
425 2286 518 2316 quam
554 2286 572 2305 a
599 2276 775 2306 Samnitibus
818 2286 857 2306 ex
873 2276 957 2306 Plut.
974 2282 1004 2307 et
1020 2275 1182 2317 Eutropio.

96 2318 149 2358 qui
162 2318 347 2349 invaserant.
363 2319 463 2360 Supra.
482 2318 565 2360 Epit.
578 2318 601 2349 l.
613 2319 771 2349 LXXIII.
858 2319 899 2349 42
924 2320 966 2349 Ab
981 2318 1152 2358 Herculeio]
1179 2317 1268 2348 Alias
1285 2318 1443 2348 Hirtuleio.

97 2361 312 2392 Gnoxovms.
857 2362 898 2391 43
924 2362 1023 2396 Quum
1051 2362 1146 2392 cullius
1174 2366 1299 2400 equester
1324 2361 1406 2400 esset]
1444 2361 1497 2391 Sic

139 2404 179 2433 38
206 2403 411 2445 Quadraginta
425 2410 527 2442 septem.
543 2403 678 2444 legiones]
703 2404 771 2434 Imo
815 2402 901 2434 dedit
916 2404 1058 2445 Sigonius
1080 2415 1117 2435 ex
1140 2403 1326 2444 quibusdam
1342 2403 1498 2433 veteribus

97 2452 152 2475 tres
166 2451 192 2475 et
206 2447 323 2486 viginti,
338 2446 363 2476 si
379 2445 524 2488 Appiano
543 2446 637 2476 fides:
661 2452 692 2477 et
714 2446 772 2477 hoc
815 2446 911 2483 libris,
928 2458 1022 2488 quum
1044 2446 1129 2488 prius
1151 2446 1226 2476 editi
1248 2445 1397 2476 haberent
1419 2457 1494 2486 qua-

96 2488 290 2519 verisimilius
304 2500 358 2530 per
373 2500 405 2520 se
420 2489 552 2519 videtur.
815 2496 873 2519 sior
894 2496 971 2520 esset.
1018 2490 1107 2520 Idem
1130 2489 1246 2530 optime
1269 2489 1380 2530 probat
1401 2489 1496 2519 Pom-

140 2531 181 2560 39
199 2531 234 2564 Q.
251 2532 408 2571 Sertorius]
435 2533 523 2562 Unus
546 2542 563 2562 e
578 2532 672 2562 MSS.
693 2531 772 2562 Gro-
815 2532 920 2573 peium
948 2538 1022 2563 tune
1052 2532 1196 2573 temporis
1226 2537 1408 2572 quaestorem
1436 2542 1497 2561 non

99 2572 180 2602 novii
203 2579 275 2604 ante
296 2574 363 2604 haec
384 2575 478 2605 verba
499 2574 621 2605 inserit:
649 2574 686 2608 Q.
704 2574 771 2604 Ser·
815 2575 918 2611 fuisse,
945 2575 1006 2605 imo
1036 2585 1195 2615 nunquam
1221 2574 1305 2604 hune
1334 2573 1496 2613 magistra-

98 2616 165 2644 torz'i
201 2618 257 2644 viri
291 2617 488 2647 bellicosissimi
520 2624 601 2655 gesta
635 2616 772 2657 referun-
816 2623 881 2647 tum
927 2618 1069 2658 gessisse.
1128 2617 1189 2648 Sed
1236 2616 1413 2647 dubitamus
1456 2625 1496 2644 an

99 2664 165 2687 tur:
192 2656 360 2699 itidemque
382 2659 472 2695 alius,
496 2659 554 2690 nisi
579 2659 661 2701 quod
685 2660 772 2690 bella·
815 2667 941 2700 equester
966 2671 1022 2701 pro
1049 2661 1142 2700 equite
1170 2658 1233 2689 dici
1260 2658 1372 2699 possit:
1410 2657 1497 2696 cujus

99 2700 203 2729 cissimi
218 2699 312 2730 habet
326 2712 380 2741 pro
395 2703 603 2732 bellicosissimi.
817 2703 859 2733 rei
888 2703 1007 2733 nullum
1034 2702 1122 2733 nobis
1148 2702 1283 2742 suppetit
1311 2699 1495 2739 exemplum.

143 2742 184 2771 40
206 2741 242 2771 L.
260 2742 405 2783 Manlius]
423 2744 474 2775 Sic
495 2744 691 2775 scribendum
711 2755 776 2775 esse
821 2747 932 2786 Itaque
960 2745 1123 2776 mallemus
1147 2745 1267 2784 legere:
1291 2753 1378 2781 quum
1403 2743 1499 2772 adhuc

100 2784 158 2814 hoc
175 2794 285 2813 nomen
300 2786 418 2816 monuit
440 2787 582 2825 Sigonius
607 2798 645 2817 ex
669 2787 778 2818 Oresio
821 2800 901 2829 eques
921 2789 1001 2818 Rom.
1017 2794 1094 2818 esset.

102 2832 133 2857 et
150 2827 307 2870 Eutropio.
351 2828 454 2869 Vulgo
469 2826 519 2861 liic
537 2830 575 2861 L.
592 2830 736 2861 Manlius.
865 2831 904 2860 44
930 2832 1057 2861 Obsessus
1074 2852 1081 2861 .
1106 2851 1113 2859 .
1132 2827 1261 2867 Clunia]
1279 2826 1362 2858 Ante
1379 2827 1498 2858 Grono-
