1826 3149
320 88 395 123 252
862 82 1169 122 EPITOMAE

319 193 470 234 leviora
490 193 638 233 damna
658 192 930 233 obsidentibus
952 191 1094 232 intulit.
1137 192 1345 232 Praeterea
1364 190 1417 231 ab
1434 190 1605 232 Curione
1621 205 1716 241 pro-

319 251 475 290 consule
491 251 534 290 in
553 250 732 290 Thracia
747 264 810 289 res
819 254 956 303 gestas
971 249 1159 289 adversus
1171 248 1408 297 Dardanos,
1421 254 1459 288 et
1478 247 1531 296 Q.
1546 249 1718 290 Sertorii

320 308 444 346 multa
463 307 643 347 crudelia
660 307 703 346 in
718 319 806 346 suos
808 307 936 359 facta
955 305 1122 345 continet
1131 327 1146 350 ,·
1169 305 1236 358 qui
1247 306 1446 357 plurimos
1460 320 1508 345 ex
1520 305 1657 346 amicis
1677 311 1717 345 et

319 378 444 404 secum
456 363 704 417 proscriptis,
727 363 894 403 crimine
909 362 1153 415 proditionis
1175 362 1434 412 insimulatos,
1457 363 1616 403 occidit.

910 475 1125 528 Xcffl.
1148 454 1152 457 ’

376 580 428 619 P.
448 578 642 619 Servilius
669 579 873 630 proconsul
892 577 934 617 in
957 577 1104 619 Cilicia
1123 576 1288 618 Isauros
1315 577 1477 626 domuit,
1498 583 1536 617 et
1566 577 1719 631 aliquot

322 636 431 675 urbes
448 635 683 687 piratarum
714 636 972 688 expugnavit.
1035 634 1284 684 Nicomedes,
1306 635 1514 688 Bithyniae
1533 648 1615 683 rex,
1637 649 1721 674 mo-

320 693 426 732 riens
453 692 642 743 populum
679 691 896 731 Romanum
913 691 1025 745 fecit
1058 691 1268 739 haeredem,
1299 705 1536 745 regnumque
1564 690 1646 745 ejus
1676 692 1720 732 in

310 746 720 801 provinciceformam
735 749 937 788 redactum
954 753 1027 789 est.
1068 747 1346 796 Mithridates,
1352 746 1509 799 foedere
1524 762 1607 788 cum
1626 749 1718 789 Ser-

320 805 417 845 torio
439 805 529 853 icto,
551 805 691 845 bellum
710 806 864 858 populo
884 805 1069 845 Romano
1099 804 1249 845 intulit.
1308 805 1548 858 Adparatus
1577 806 1720 845 deinde

319 862 526 915 regiarum
546 863 752 914 copiarum
765 861 1008 914 pedestrium
1029 861 1304 915 navaliumque
1317 876 1331 900 :
1362 868 1413 910 et,
1432 867 1624 915 occupata
1641 863 1720 902 Bi-

319 918 473 972 thynia,
497 918 564 959 M.
587 919 778 958 Aurelius
802 919 923 959 Cotta
953 919 1088 958 consul
1115 919 1173 957 ad
1205 917 1491 958 chalcedonem
1515 919 1663 971 praelio
1690 933 1719 958 a

319 989 413 1029 rege
430 975 556 1016 victus
575 982 645 1016 est.
676 974 708 998 ⁴⁵
721 989 856 1029 resque
875 990 901 1014 a
922 974 1116 1027 Pompeio
1136 981 1173 1015 et
1191 975 1358 1015 Metello
1378 977 1564 1016 adversus
1585 975 1719 1016 Serto-

318 1033 423 1072 rium
438 1038 575 1085 gestas
594 1033 769 1072 continet
779 1054 792 1078 ‚-
820 1033 892 1086 qui
911 1032 1088 1072 omnibus
1108 1031 1203 1072 belli
1222 1032 1458 1085 militiaeque
1476 1032 1627 1073 artibus
1635 1046 1720 1087 par

289 1088 411 1142 suit.
426 1103 520 1142 quos
534 1088 667 1140 etiam,
682 1089 734 1128 ab
749 1089 954 1129 obsidione
975 1089 1212 1142 Calagurris
1227 1088 1368 1141 oppidi
1387 1090 1576 1141 depulsos,
1594 1089 1719 1143 coe'git

319 1145 493 1186 diversas
504 1159 687 1198 regiones
693 1151 837 1198 petere,
854 1145 1065 1186 Metellum
1080 1146 1307 1185 ulteriorem
1319 1145 1584 1203 Hispaniam,
1599 1147 1719 1187 Pom-

319 1202 447 1254 peium
472 1202 668 1243 Galliam.

917 1300 1123 1354 XCIV.

375 1404 408 1429 ‘¹⁶
421 1405 470 1445 L.
495 1404 675 1446 Licinius
697 1404 887 1445 Lucullus
917 1406 1051 1446 consul
1071 1404 1256 1446 adversus
1275 1405 1565 1446 Mithridatem
1585 1419 1718 1459 eques-

317 1462 443 1503 tribus
454 1463 614 1515 praeliis
618 1462 805 1516 feliciter
812 1463 1030 1516 pugnavit,
1048 1468 1084 1502 et
1103 1463 1375 1515 expeditiones
1390 1464 1544 1516 aliquot
1554 1476 1718 1515 prospe-

317 1534 384 1560 ras
400 1519 525 1573 jecit,
552 1524 835 1572 poscentesque
864 1533 1038 1573 pugnam
1072 1520 1216 1560 milites
1249 1534 1275 1559 a
1309 1520 1504 1561 seditione
1534 1519 1717 1561 inhibuit.

320 1577 552 1641 Deiotarus,
578 1575 864 1629 Gallograeciae
892 1576 1117 1623 tetrarches,
1147 1575 1181 1602 ‘²⁷
1195 1577 1401 1631 praefectos
1439 1576 1718 1627 Mithridatis,

317 1633 458 1673 bellum
495 1635 539 1673 in
568 1633 713 1686 Plzryg
716 1633 756 1671 ia
790 1639 996 1681 moventes,
1030 1633 1185 1675 cecidit.
1247 1635 1451 1674 Praeterea
1481 1646 1546 1673 res
1579 1647 1606 1672 a
1638 1633 1715 1674 Cn.

318 1689 511 1743 Pompeio
531 1691 576 1730 in
596 1689 805 1742 Hispania
830 1695 971 1730 contra
996 1689 1214 1730 Sertorium
1238 1705 1425 1743 prospere
1438 1696 1573 1772 gestas
1591 1689 1717 1731 conti-

318 1752 398 1787 net.

927 1856 1105 1910 XCV.

377 1957 421 1998 C.
443 1955 564 1997 Curio
576 1958 794 2009 proconsul
813 1956 1037 2000 Dardanos
1055 1958 1095 1998 in
1122 1958 1299 1999 Thracia
1320 1958 1487 1998 domuit.
1536 1957 1718 2008 Quatuor

317 2020 356 2054 et
371 2014 635 2068 septuaginta
648 2015 900 2069 gladiatores
918 2016 1070 2068 Capuae
1085 2030 1132 2056 ex
1148 2016 1238 2056 ludo
1253 2016 1423 2056 Lentuli
1428 2016 1714 2069 profugerunt:

319 2077 370 2120 et,
411 2070 443 2094 4⁸
458 2077 701 2125 congregata
745 2072 994 2112 servitiorum
1044 2074 1407 2127 ergastulorumque
1452 2073 1715 2122 multitudine,

320 2128 446 2168 Crixo
465 2134 503 2167 et
526 2128 724 2180 Spartaco
743 2129 906 2169 ducibus
929 2130 1028 2170 bello
1057 2131 1246 2177 excitato,
1270 2129 1481 2170 Claudium
1499 2129 1715 2169 Pulchrum

317 2186 490 2238 legatum
511 2191 548 2225 et
567 2183 600 2209 ‘¹⁹
613 2186 665 2226 P.
693 2185 891 2227 Varenum
906 2193 1122 2240 proetorem
1135 2187 1286 2241 praelio
1309 2187 1503 2226 vicerunt.
1552 2186 1606 2227 L.
1633 2186 1714 2226 Lu-

318 2306 401 2336 vium
428 2306 502 2337 editi
529 2307 687 2338 habebant
711 2307 877 2348 Calagurii.
922 2308 995 2339 Mu-

318 2348 395 2378 tavit
416 2349 480 2385 ille,
497 2354 528 2380 et
551 2360 568 2380 e
585 2349 722 2391 vestigiis
736 2340 832 2381 MSS.
848 2351 927 2381 eruit
942 2361 995 2382 110-

317 2401 387 2420 men
406 2392 530 2421 Cluniae.

360 2434 401 2463 45
425 2434 535 2473 Resque
555 2446 574 2464 a
598 2434 730 2473 Pompeio
752 2441 779 2465 et
802 2435 920 2466 Metello
940 2437 992 2465 ad-

317 2486 430 2506 tersum.
453 2477 612 2506 Sertorium
640 2483 733 2517 gestus
762 2478 902 2517 cmtinet]
935 2478 996 2508 Hic

320 2518 468 2549 habemus
505 2518 751 2549 emendationem
770 2519 911 2568 Sigonii3
942 2521 995 2561 qui

318 2560 452 2608 pliorum
491 2561 660 2590 editionum
696 2561 820 2592 omnino
854 2563 996 2593 vitiosam

320 2602 483 2633 lectionem
504 2613 542 2633 ex
562 2608 624 2633 vet.
647 2603 700 2633 lib.
725 2604 866 2640 correxit,
888 2605 995 2646 adjici-

1083 2309 1122 2338 47
1148 2308 1303 2349 Proefectos
1329 2307 1529 2347 Mithridatis]
1563 2307 1632 2338 Hoc
1658 2307 1712 2338 de-

1039 2398 1086 2424 tra
1101 2393 1233 2424 historiae
1249 2393 1350 2424 fidem.

1081 2436 1121 2466 48
1147 2437 1328 2477 Congregata
1366 2435 1546 2465 servitiorum
1581 2441 1712 2475 ergastu-

1041 2479 1188 2518 lorumque
1208 2478 1411 2517 multitudine]
1439 2476 1489 2507 Sic
1516 2475 1614 2506 edidit
1633 2477 1711 2508 Gro-'

1038 2521 1146 2551 novius
1172 2531 1209 2551 ex
1235 2520 1298 2550 suis
1323 2520 1418 2550 MSS.
1442 2518 1545 2559 Vulgo
1568 2529 1714 2550 semmrum

1039 2564 1313 2604 ergastulorwmque
1337 2561 1398 2592 Sed
1420 2572 1481 2591 non
1505 2561 1711 2602 spernendum

1038 2605 1070 2635 id
1122 2605 1259 2640 fortasse,
1308 2604 1401 2644 quod,
1447 2608 1526 2634 teste
1577 2603 1712 2644 Sigonio,

1038 2351 1127 2381 betur
1149 2351 1285 2391 Sigonio.
1328 2350 1432 2381 Antea
1452 2350 1613 2391 prejectus,
1639 2360 1712 2381 con-
1762 2354 1766 2357 ’

321 2656 376 2676 ens
387 2657 425 2676 ex
438 2645 613 2687 conjectura
626 2645 703 2676 duas
714 2652 882 2687 postiemas
894 2657 995 2678 voces.

362 2689 403 2718 46
426 2689 462 2718 L.
480 2689 612 2718 Licinius
634 2688 792 2729 Lucullus]
818 2689 941 2719 Nomen
963 2695 996 2720 et

319 2741 494 2770 pianomen
518 2731 651 2767 Luculli,
667 2736 698 2761 et
720 2731 797 2761 infla
819 2742 994 2772 praenomen

321 2773 460 2814 Pompeii
482 2785 520 2804 ex
542 2775 637 2805 MSS.
659 2774 721 2804 suis
743 2773 886 2805 addenda
907 2774 995 2805 duxit

319 2815 503 2847 Gronovius,

1041 2647 1190 2678 Claudius
1206 2648 1363 2677 Puteanus
1384 2647 1416 2676 in
1437 2646 1532 2676 MSS.
1546 2645 1656 2686 legisse
1678 2656 1712 2676 se

1040 2690 1188 2720 affirmat:
1212 2700 1357 2719 servorum
1372 2700 1404 2720 ex
1418 2689 1580 2730 ergastulis.

1081 2732 1121 2762 49
1146 2732 1183 2761 Ρ.
1212 2731 1371 2772 Varenum]
1403 2731 1545 2772 Sigonius
1573 2740 1610 2760 ex
1644 2730 1711 2772 Ap-

1037 2773 1129 2815 piano
1153 2778 1184 2804 et
1201 2774 1345 2806 Frontino
1366 2773 1531 2816 legendum
1561 2778 1650 2815 putat
1673 2773 1710 2802 P.

1041 2816 1201 2847 Variuium.
