1826 3149
331 94 406 135 268
878 89 1190 129 EPITOMAE

870 247 1195 301 CXXVIII.

392 380 521 430 Quum
539 380 628 421 Sex.
650 377 865 430 Pompeius
885 391 1020 418 rursus
1040 376 1263 418 latrociniis
1277 389 1386 417 mare
1401 373 1587 428 infectum
1603 376 1739 416 redde-

331 438 402 488 ret,
424 453 496 479 nec
509 450 664 490 pacem,
693 449 809 489 quam
830 440 1049 487 acceperat,
1075 439 1305 487 praestaret,
1340 434 1494 481 Caesar,
1525 433 1741 473 necessario

332 497 521 536 adversus
550 507 634 534 eum
663 493 764 533 bello
793 497 984 544 suscepto,
1016 490 1163 531 duobus
1192 491 1403 531 navalibus
1430 490 1591 542 proeliis
1621 489 1741 530 dubio

331 558 475 593 eventu
488 551 704 605 pugnavit.
764 550 819 590 P.
846 548 1071 597 Ventidius,
1092 549 1251 602 legatus
1271 547 1338 587 M.
1358 547 1544 596 Antonii,
1566 546 1742 588 Parthos

334 610 378 650 in
397 609 512 662 Syria
526 608 672 661 prcelz'o
687 606 797 656 vicit,
814 619 1020 660 regemque
1034 619 1169 646 eorum
1183 605 1341 645 occidit.
1398 604 1536 646 ,chdcei
1551 617 1702 658 quoque
1717 617 1743 642 a

337 665 480 720 legatis
498 664 669 706 Antonii
687 662 836 705 subacti
855 669 958 703 sunt.
1020 663 1229 703 Praeterea
1250 661 1345 702 belli
1360 661 1481 703 Siculi
1501 662 1743 715 adparatum

334 722 521 763 continet.

907 855 1174 909 CXXIX.

393 988 597 1030 Adversus
616 987 708 1029 Sea.
727 987 957 1039 Pompeium
974 985 1085 1027 vario
1104 991 1240 1026 eventu
1256 984 1466 1025 navalibus
1474 983 1634 1037 proeliis
1642 996 1747 1036 pug-

338 1053 475 1087 natum
506 1051 595 1086 est:
644 1044 704 1084 ita
733 1049 777 1084 ut
807 1058 855 1083 ex
884 1042 1036 1083 duabus
1068 1043 1240 1084 Ccesarz's
1279 1041 1467 1082 classibus
1497 1041 1638 1087 altera,
1681 1039 1747 1079 czei

336 1103 527 1157 Agrippa
541 1106 724 1154 praeerat,
740 1101 911 1141 vinceret
915 1123 929 1146 ,·
949 1100 1094 1147 altera,
1109 1114 1229 1152 quam
1245 1100 1386 1141 Caesar
1401 1099 1585 1146 duxerat,
1600 1097 1744 1143 deleta,

338 1160 512 1213 expositi
541 1160 583 1199 in
606 1164 753 1198 terram
782 1157 935 1197 milites
964 1158 1008 1197 in
1037 1170 1183 1209 magno
1211 1155 1384 1208 periculo
1413 1161 1551 1195 essent.
1615 1154 1750 1194 Victus

337 1218 483 1257 deinde
502 1215 720 1268 Pompeius
740 1214 783 1254 in
813 1214 994 1255 Siciliam
1016 1213 1222 1267 profugit.
1281 1212 1348 1252 M.
1369 1208 1565 1264 Lepidus,
1597 1211 1668 1264 qui
1698 1224 1750 1249 cac

337 1272 483 1326 Africa
499 1274 605 1313 velut
615 1272 672 1311 ad
682 1271 905 1312 societatem
919 1271 1026 1319 belli,
1043 1275 1184 1310 contra
1199 1270 1290 1309 Seoe.
1304 1269 1531 1320 Pompeium
1544 1282 1569 1308 a
1587 1269 1750 1310 Caesare

332 1331 515 1384 gerendi,
530 1328 757 1382 trajecerat,
773 1342 892 1382 quum
906 1326 1050 1368 bellum
1065 1327 1219 1368 Caesari
1234 1339 1386 1379 quoque
1399 1324 1582 1377 inferret,
1593 1324 1751 1365 relictus

338 1387 390 1426 ab
419 1386 605 1435 exercitu,
637 1385 831 1438 abrogato
860 1384 1136 1425 triumviratus
1164 1384 1324 1432 lzonore,
1361 1382 1483 1423 vitam
1513 1381 1748 1434 inpetravit.

341 1443 407 1484 M.
426 1443 612 1497 Agrippa
632 1442 769 1482 navali
796 1455 944 1482 corona
973 1455 999 1482 a
1032 1442 1195 1483 Caesare
1224 1441 1397 1481 donatus
1425 1445 1482 1480 est
1492 1461 1507 1485 ‚·
1540 1439 1611 1492 qui
1630 1439 1751 1479 honos

339 1501 441 1542 nulli
461 1506 556 1542 ante
575 1513 659 1540 eum
682 1499 841 1540 habitus
861 1503 962 1539 erat.

928 1645 1163 1698 CXXX.

400 1778 466 1819 M.
488 1778 705 1826 Antonius,
728 1776 759 1801 ¹¹
770 1778 859 1817 dum
881 1790 965 1816 cum
989 1777 1207 1828 Cleopatra
1236 1775 1480 1823 luxuriatur,
1512 1775 1628 1814 tarde
1658 1772 1750 1813 Me-

341 1837 451 1876 diam
487 1835 699 1889 ingressus,
732 1833 868 1874 bellum
905 1847 987 1873 cum
1008 1832 1224 1888 legionibus
1242 1831 1454 1871 octodecim
1488 1836 1526 1870 et
1561 1830 1751 1870 sexdecim

341 1893 516 1933 millibus
536 1892 705 1945 equitum
730 1891 901 1931 Parthis
921 1891 1085 1930 intulit.-
1131 1895 1169 1929 et
1189 1902 1318 1942 quum,
1350 1887 1501 1928 duabus
1529 1887 1753 1941 legionibus

341 1950 510 1997 amissis,
523 1948 634 1988 nulla
647 1962 691 1988 re
701 1961 889 2000 prospere
900 1948 1074 1997 cedente,
1090 1953 1196 1987 retro
1207 1946 1370 1995 rediret,
1385 1946 1580 1985 insecutus
1591 1944 1754 1984 subinde

341 2006 531 2054 Parthis,
573 2012 611 2046 et
643 2006 802 2060 ingenti
833 2005 1118 2057 trepidatione,
1150 2009 1188 2043 et
1218 2016 1363 2056 magno
1405 2002 1524 2042 totius
1557 2001 1754 2040 exercitus

336 2063 526 2116 periculo,
549 2062 593 2102 in
614 2062 841 2103 Armeniam
862 2075 1037 2102 reversus
1057 2067 1126 2108 est,
1148 2061 1299 2114 viginti
1318 2065 1357 2099 et
1377 2073 1454 2099 nno
1470 2057 1607 2098 diebus
1626 2056 1752 2097 12ίνε-

340 2126 457 2160 centa
478 2120 605 2159 millia
605 2120 725 2173 fuga
747 2132 933 2159 emensus.
953 2119 1060 2158 circa
1080 2123 1164 2158 octo
1184 2117 1309 2157 millia
1325 2116 1527 2156 hominum
1544 2120 1753 2166 tempesta-

343 2178 443 2217 tibus
463 2177 611 2217 amisit.
633 2181 885 2229 tempestates
914 2188 1068 2229 quoque
1088 2173 1273 2228 infestas,
1293 2186 1411 2225 super
1430 2178 1512 2213 tam
1534 2172 1753 2225 infeliciter

342 2239 558 2286 susceptum
583 2233 816 2274 Parthicum
832 2231 976 2273 bellum
990 2233 1108 2284 culpa
1120 2245 1193 2270 sua
1202 2243 1346 2283 passus
1363 2235 1420 2269 est
1430 2251 1445 2275 ;
1468 2228 1564 2282 quia
1583 2228 1754 2268 hiemare

343 2292 388 2331 in
409 2291 601 2332 Armenia
625 2290 795 2340 nolebat,
819 2289 911 2330 dum
931 2289 989 2329 ad
1011 2289 1276 2342 Cleopatram
1285 2286 1479 2342 festinat.

909 2434 1177 2489 CXXXI.

402 2565 495 2606 Sex.
520 2564 744 2617 Pompeius,
777 2578 894 2618 quum
915 2564 960 2604 in
970 2565 1102 2618 fidem
1133 2562 1199 2602 M.
1221 2561 1395 2602 Antonii
1415 2561 1581 2608 veniret,
1611 2559 1752 2600 bellum

344 2623 533 2664 adversus
551 2635 634 2661 eum
656 2623 699 2662 in
722 2621 826 2661 Asia
857 2621 1033 2670 moliens,
1057 2622 1264 2673 obpressus
1283 2633 1308 2658 a
1329 2618 1476 2672 legatis
1495 2616 1589 2671 rjus,
1610 2618 1755 2657 occisus

390 2753 425 2781 ll
453 2752 533 2781 Dmn
548 2763 613 2782 cnm
630 2752 780 2790 Cleopatra
804 2750 1020 2789 luxuriaretur]
1112 2749 1150 2778 12
1185 2748 1323 2780 Trecenta
1353 2748 1458 2789 millia]
1485 2747 1618 2778 Centum
1642 2745 1746 2776 leucas

343 2793 658 2867 kbgcrstssiitsgronovius
679 2794 860 2829 inauriatur,
883 2803 920 2823 ex
946 2792 1022 2824 duo·
1068 2796 1227 2823 nostrates.

367 2847 401 2867 us
503 2859 511 2868 .
611 2842 619 2845 “
