1805 3174
475 96 558 133 DE
615 97 1059 139 PONDERIBUS,
1098 99 1167 134 &c
1495 111 1540 136 cv

142 205 179 244 E
198 206 403 246 mensuris
416 207 527 246 cavis
547 207 661 262 apud
686 207 857 248 Graecos
871 208 1051 257 usitatis,
1067 207 1194 247 solius
1212 207 1408 248 medimni
1427 208 1542 264 apud
1557 222 1694 251 Mffliim-

82 260 254 302 Livium
276 263 322 304 fit
345 263 514 313 mentio,
532 263 647 318 quod
669 264 835 306 duabus
856 264 1068 322 amphoris
1089 264 1174 305 sive
1205 279 1273 304 sex
1298 264 1447 305 modiis
1469 280 1543 321 par
1556 274 1645 294 “²¹¹¹‘-

80 327 180 359 erat.

139 376 287 431 Atque
308 377 396 417 hacc
427 385 525 418 sunt
547 393 644 432 qua*
661 378 712 418 dc
734 379 1005 434 ponderibus,
1028 378 1220 434 pecunia,
1245 378 1451 418 mensuris
1473 393 1544 418 an-

82 431 298 486 tiquorum
321 435 558 474 summatim
588 434 827 475 disserenda
848 452 933 476 csse
961 435 1176 485 (luximus,
1200 442 1263 483 ut,
1285 435 1543 490 ubicumque

83 488 211 529 lector
240 490 328 531 haec
350 491 392 531 in
415 491 524 532 notis
554 492 706 533 nostris
737 493 942 533 zestimata
971 493 1193 541 invenerit,
1217 491 1317 533 sciat
1349 491 1450 546 quid
1485 509 1543 532 se-

82 547 168 586 cuti
191 546 408 595 fuerimus,
431 557 487 595 et,
511 549 542 588 si
565 548 668 604 quid
690 549 773 589 illic
795 550 960 589 obscuri
992 549 1206 605 repererit,
1231 549 1311 589 buc
1339 558 1542 595 recurrat,

85 603 154 643 ubi
178 612 265 645 tota
286 619 349 645 res
370 604 564 661 pluribus
582 607 717 647 verbis
740 615 917 648 tractata
937 605 1101 647 facilius
1118 615 1157 648 ct
1180 606 1347 662 planius
1363 605 1541 660 intelligi

81 669 230 715 potest.

568 962 1066 1030 APPENDIX

388 1117 521 1169 DE
586 1118 812 1170 AERE
878 1118 1242 1170 GRAVI.

85 1277 290 1329 CIRCA
321 1303 376 1328 aes
405 1303 533 1343 grave
562 1288 630 1328 hic
660 1285 797 1327 nodus
828 1301 909 1328 non
942 1285 1062 1326 facile
1093 1285 1317 1326 solvendus
1347 1288 1541 1339 occurrit,
1558 1309 1739 1338 Difficultas

83 1345 198 1400 quod
220 1345 325 1400 ejus,
347 1345 470 1386 etiam
502 1353 596 1400 post
617 1344 887 1385 imminutum
918 1344 1071 1383 assium
1103 1342 1284 1398 pondus,
1307 1344 1462 1385 mentio
1484 1355 1543 1387 ta-
1555 1353 1637 1381 circa
1654 1362 1697 1381 aes

84 1417 176 1442 men
210 1402 256 1442 fit
286 1402 500 1442 interdum
522 1416 546 1440 a
568 1400 854 1457 scriptoribus,
878 1410 1080 1456 tanquam
1111 1408 1213 1440 tunc
1235 1416 1405 1455 quoque
1427 1402 1543 1443 adhi-
1555 1405 1649 1467 3¹³5?
1666 1405 1729 1444 ”9¹¹

81 1459 159 1499 biti
181 1459 235 1499 ad
256 1458 534 1499 conficiendas
556 1457 908 1513 {estimandasque
930 1457 1120 1513 pecuniae
1142 1472 1337 1497 summas.
1376 1447 1605 1502 Etenimme
1631 1448 1732 1468 iocus.

84 1532 218 1571 quum
248 1517 342 1557 aeris
362 1515 501 1571 gravis
523 1515 688 1556 nomine
720 1514 1023 1570 intelligantur,
1046 1522 1094 1554 ut
1119 1513 1304 1554 diximus
1326 1514 1366 1554 in
1391 1515 1548 1572 Dispu-

85 1574 241 1614 tatione
271 1573 540 1629 praecedenti,
563 1588 671 1613 asses
702 1571 881 1621 librales,
905 1571 1001 1627 quis
1030 1571 1121 1626 ejus
1152 1585 1252 1611 usus
1282 1587 1369 1612 csse
1399 1572 1547 1616 debuit

84 1639 179 1686 post
201 1631 358 1671 levatos
379 1645 502 1680 asses,
525 1638 565 1670 et
586 1629 640 1670 ad
663 1630 828 1670 unciam
849 1629 1049 1669 redactos.

143 1688 225 1728 Illa
258 1687 482 1728 difficultas
514 1686 774 1727 doctissimos
803 1686 929 1735 viros,
969 1684 1231 1734 Salmasium,
1266 1684 1545 1738 Gronovium,

86 1745 334 1795 Kusterum,
363 1744 642 1794 Perizonium,
666 1758 746 1783 non
776 1743 1040 1783 mediocriter
1060 1742 1263 1791 exercuit,
1285 1750 1326 1783 et
1346 1743 1389 1783 in
1412 1745 1547 1786 varias

85 1801 206 1843 scidit
228 1802 469 1843 sententias:
503 1816 609 1857 quas
630 1809 828 1842 tractatas
844 1799 918 1855 qui
934 1799 1076 1840 videre
1097 1798 1293 1848 voluerit,
1311 1799 1432 1841 adeat
1451 1802 1547 1842 Dis-

85 1858 351 1900 sertationem
383 1857 654 1900 eruditissimi
684 1867 725 1899 et
756 1856 982 1898 acutissimi
1013 1855 1091 1897 viri
1123 1856 1214 1896 Jac.
1252 1856 1461 1898 Perizonii
1494 1858 1547 1899 de

86 1916 189 1956 AEre
209 1916 344 1971 gravi:
382 1916 424 1956 in
446 1912 540 1971 qua
562 1923 652 1956 tota
680 1930 745 1956 res
766 1922 957 1955 accurate
987 1912 1279 1970 perpenditur,
1301 1927 1376 1954 nec
1406 1923 1546 1956 tamen

84 1973 205 2013 nobis
226 1973 314 2013 visa
334 1981 395 2014 est
415 1973 539 2029 plane
560 1972 614 2012 ad
636 1972 847 2028 liquidum
868 1970 1058 2027 perduci,
1082 1984 1162 2010 non
1187 1970 1405 2012 scribentis
1426 1972 1545 2021 vitio,

84 2031 128 2071 in
151 2045 237 2085 quo
257 2030 416 2085 ingenii
438 2030 640 2085 sagacitas
669 2037 799 2070 certat
821 2043 916 2069 cum
938 2028 1129 2069 ubertate
1160 2027 1377 2079 doctrinae,
1400 2029 1472 2069 sed
1492 2029 1547 2069 ob

85 2087 234 2128 densas
255 2087 447 2128 tenebras
467 2088 525 2127 rei
548 2101 682 2142 quum
703 2085 1011 2135 vetustissimae,
1034 2092 1125 2125 tum
1147 2098 1358 2139 nusquam
1379 2101 1430 2126 ex
1452 2101 1547 2142 pro-

85 2145 193 2185 fesso
213 2159 238 2184 a
259 2143 530 2200 scriptoribus
559 2143 746 2199 antiquis
776 2143 1033 2197 disceptatae,
1055 2149 1096 2182 et.
1117 2141 1159 2181 in
1182 2150 1425 2183 transcursu
1457 2151 1548 2184 tan-

87 2210 179 2243 tum
198 2201 382 2242 breviter
402 2200 454 2241 ab
475 2201 526 2241 iis
546 2201 787 2256 raptimque
807 2199 1015 2239 indicatae.

145 2259 197 2298 In
229 2258 306 2298 hac
335 2258 589 2298 obscuritate
619 2257 820 2313 dispicere
851 2270 1049 2296 conemur
1078 2254 1276 2311 primum,
1307 2270 1409 2296 num
1440 2256 1546 2311 quid

86 2331 163 2372 pro
183 2315 294 2356 claro
323 2314 482 2364 haberi,
503 2322 544 2355 et
566 2323 685 2355 extra
714 2312 1036 2354 controversiam
1059 2328 1144 2352 esse
1166 2312 1330 2361 debeat,
1353 2321 1480 2367 atque
1502 2313 1545 2353 id

87 2381 315 2421 teneamus,
346 2380 387 2413 et
417 2371 470 2411 ab
491 2386 540 2411 eo
570 2371 687 2426 quod
716 2369 872 2425 ambigi
893 2378 933 2410 et
955 2385 1030 2425 per
1058 2369 1285 2425 malignam
1316 2369 1452 2410 lucem
1473 2370 1544 2410 vix

85 2429 233 2485 dispici
253 2437 391 2485 potest
413 2442 672 2484 seponamus.

145 2488 321 2528 Constat
352 2486 408 2526 10.
437 2486 603 2541 quoties
633 2484 852 2540 scriptores
884 2482 1065 2524 Romani
1095 2482 1148 2523 de
1178 2491 1316 2524 vetere
1346 2482 1417 2523 illo
1446 2491 1542 2524 ante
1555 2491 1608 2520 AEs
1622 2501 1718 2529 grave

85 2543 355 2584 imminutum
386 2543 539 2583 assium
561 2542 729 2598 pondus
749 2556 839 2582 aevo
859 2541 1078 2596 loquentes
1108 2540 1361 2581 mentionem
1382 2539 1542 2581 faciunt
1554 2536 1730 2599 antiquis-ase

88 2600 181 2641 aeris
215 2599 367 2655 gravis,
403 2599 697 2655 intelligendos
730 2614 816 2639 esse
850 2613 959 2638 asses
994 2597 1170 2637 librales.
1233 2598 1328 2637 Hoc
1362 2596 1541 2651 probant
1555 2588 1724 2652 ῇῖζὲᾰῗδω

88 2656 325 2699 testimonia
349 2656 485 2707 Plinii,
507 2655 533 2696 l.
559 2656 802 2696 XXXIII.
820 2671 853 2695 c.
873 2656 911 2695 3.
930 2663 970 2695 et
993 2653 1108 2695 Festi
1129 2653 1169 2693 in
1194 2669 1292 2693 voce
1317 2654 1455 2694 Grave
1469 2668 1541 2694 ces.

90 2713 275 2754 Plinium
310 2713 540 2754 audiamus.
603 2715 804 2762 Lz'brales,
835 2711 990 2767 inquit,
1033 2712 1380 2763 appendebantur
1420 2724 1542 2750 asses.

91 2774 232 2820 Quare
247 2772 348 2811 oeris
364 2773 511 2822 gravis
527 2785 651 2824 poma
667 2772 789 2811 dieta.
824 2768 1100 2809 Manifestum
1117 2775 1178 2807 est
1194 2782 1219 2806 a
1238 2765 1374 2805 Plinio
1390 2767 1543 2821 exponi

87 2842 147 2869 ces
172 2842 303 2880 grave
323 2842 398 2882 per
428 2828 592 2868 librales
612 2842 734 2868 asses.
797 2824 1007 2867 Disertius
1036 2823 1174 2864 adhuc
1204 2824 1371 2864 Festus:
1408 2824 1546 2865 Grave
