1805 3174
430 74 509 112 DE
563 75 993 121 PONDERIBUS,
1034 82 1095 115 ἃς.
1386 87 1481 122 xcvii

32 179 210 233 cyathus
231 183 417 237 capiebat
451 182 668 224 duodecim
690 185 767 226 olci
791 186 1025 228 drachmas:
1064 189 1251 229 cumdcm
1286 194 1478 246 cyathum

33 235 211 277 aestimat
234 238 374 279 dcccni
397 239 604 280 drachmis
626 242 764 296 pondo
789 244 982 285 Fannius.

88 294 140 333 5¹¹.
173 295 269 335 Jam
301 297 430 350 igitur
462 297 491 336 si
524 308 796 351 cognoscatur
832 302 937 341 ratio
967 302 1162 357 ponderis
1196 303 1273 344 olei
1305 305 1357 346 ad
1395 308 1619 357 vinipfflstl¹¹S

30 347 72 387 in
109 352 196 404 pari
237 354 442 406 utrimque
480 354 583 394 molc
618 357 793 409 pondus,
825 373 946 412 quam
980 361 1224 412 gravitatem
1255 363 1476 414 speceficam
1491 372 1554 399 vini
1573 372 1650 420 uum

33 405 266 449 Mcchaniei
298 410 523 465 appellant,
545 423 815 465 cognoscetur
842 430 1007 470 quoquc
1038 418 1246 472 quodnam
1270 419 1352 459 vini
1377 422 1675 485 pon-¹¹¹]”2ss‘fft'1'm

29 462 108 502 dus
130 463 236 505 libra
256 467 458 507 mensoria
487 469 759 511 contincatur.
823 473 944 513 Hanc
968 475 1164 514 rationem
1197 476 1373 517 Romani
1398 486 1478 518 sta-
1490 466 1545 485 ⁶⁰¹
1567 468 1602 486 ω
1623 468 1632 486 i
1681 476 1688 484 ’

30 527 194 562 tuerant
225 523 336 563 css-0⁰
359 531 401 563 ut
434 525 471 567 9.
504 525 554 565 ad
580 526 644 565 10.
669 542 764 580 quac
794 544 888 569 sanc
920 530 1029 571 haud
1060 532 1236 573 multum
1269 533 1478 575 aberrata

28 591 140 626 vcr0,
169 587 209 619 ct
242 579 294 620 ad
322 581 535 635 publicum
572 582 686 622 illum
720 594 761 625 ct
798 586 998 627 forensem
1037 604 1155 629 usum
1187 591 1400 631 commode
1437 608 1478 632 se

26 632 164 675 habet.
226 638 364 685 Quum
395 653 494 693 ergo
525 639 630 679 libra
658 641 737 681 olei
770 644 974 684 mensoria
1003 645 1141 686 docem
1177 647 1307 687 unciis
1338 649 1478 703 pondo

27 690 199 745 aequalis
220 693 287 742 sit,
310 693 399 734 haec
421 695 665 737 instituatur
695 701 927 754 proportio:
966 710 1011 742 ut
1033 703 1071 745 9.
1096 718 1191 755 quae
1212 712 1272 745 cst
1293 706 1478 759 gravitas

27 748 216 803 specifica
244 750 338 801 olei,
367 751 420 792 ad
452 753 517 792 10.
549 768 644 808 quae
674 764 735 796 est
764 757 949 810 gravitas
980 760 1169 813 specifica
1196 761 1296 810 vini,
1320 764 1380 803 ita
1410 763 1474 803 10.

26 819 222 846 numerus
256 809 466 849 unciarum
498 811 637 865 pondo
668 811 786 852 librae
817 813 895 853 olei
928 817 1159 866 mcnsoriac,
1191 818 1243 858 ad
1276 819 1361 875 113.
1404 821 1473 874 qui

24 862 103 903 crit
124 877 320 905 numerus
342 866 555 907 unciarum
577 868 715 923 pondo
735 869 820 910 vini
843 870 949 912 libra
968 874 1172 915 mensoria
1191 876 1386 917 contenti.

80 917 132 959 δ”.
166 920 228 961 Ut
243 921 332 976 jani
353 923 405 963 ad
427 924 619 979 congium
642 926 919 981 accingamur,
941 938 1100 972 constat
1123 947 1173 972 ex
1198 932 1359 973 Fannio
1378 948 1472 974 con·
1486 942 1626 989 Congius
1637 948 1692 967 no.

23 976 139 1031 gium
156 992 347 1033 capacem
369 980 495 1020 fuis-sc
526 996 673 1022 novem
695 982 895 1024 librarum
925 987 1221 1028 mensoriarum
1242 988 1333 1030 olei.
1395 991 1471 1032 Et-
1485 984 1669 1054 ‘'en'jjss’iffis

24 1033 133 1073 enim
150 1033 219 1074 illc
240 1035 393 1078 diserte
414 1036 533 1079 docet
557 1040 798 1089 sextarium,
816 1042 885 1095 qui
905 1052 1021 1083 sexta
1040 1058 1136 1099 pars
1157 1053 1218 1086 cst
1239 1047 1390 1101 congii,
1408 1062 1470 1088 ce-
1483 1037 1661 1107 ffiffssfllsse.

22 1089 130 1145 pisse
152 1090 299 1132 libram
320 1093 398 1134 olei
420 1108 514 1134 cum
536 1096 711 1136 semisse.
774 1098 899 1139 Unde
915 1099 1022 1139 clarc
1044 1109 1159 1155 patet
1176 1116 1323 1143 novem
1345 1103 1471 1146 libras
1484 1113 1552 1146 bat:

22 1145 101 1186 olei
123 1148 271 1203 congio
291 1150 503 1191 contineri.
538 1152 689 1192 Libras
710 1162 848 1194 autem
871 1155 961 1195 illas
982 1158 1205 1198 lnensorias
1226 1158 1366 1210 fuisse,
1389 1175 1471 1201 non

21 1202 148 1244 libras
176 1206 330 1260 pondo,
353 1222 404 1247 ex
434 1222 482 1247 eo
511 1208 775 1264 intelligitur,
807 1211 919 1266 quod
948 1212 1059 1254 idem
1091 1215 1309 1266 sextarius,
1341 1217 1412 1272 qui
1448 1234 1473 1259 a

23 1260 185 1301 Fannio
205 1261 359 1304 dicitur
380 1278 525 1319 capere
547 1264 695 1306 libram
716 1267 793 1308 olci
816 1284 910 1309 cum
933 1270 1111 1321 semisse,
1134 1272 1219 1313 sive
1241 1273 1382 1315 uncias
1404 1275 1469 1316 18.

20 1325 92 1358 exe
124 1318 269 1360 eodem
301 1321 462 1361 Fannio
494 1322 730 1375 quindecim
761 1325 893 1366 unciis
922 1327 1062 1381 pondo
1091 1329 1360 1371 aestimandus
1395 1340 1468 1373 est.

21 1374 130 1415 Haec
149 1375 257 1416 enim
279 1376 369 1432 ipsa
389 1377 494 1418 ratio
515 1386 575 1419 est
597 1378 716 1420 librae
737 1382 952 1423 mensoriae
981 1382 1071 1424 oleo
1091 1385 1226 1441 plenae
1246 1387 1299 1428 ad
1320 1387 1469 1429 libram

19 1431 170 1486 pondo.
234 1432 333 1474 Illas
354 1433 479 1474 libras
499 1434 682 1477 diximus
703 1437 756 1478 ad
778 1454 863 1479 sese
893 1439 1067 1481 invicem
1089 1443 1149 1483 ita
1171 1459 1212 1484 se
1232 1443 1398 1494 habere,
1422 1455 1469 1487 ut

21 1488 86 1527 12.
109 1488 163 1529 ad
185 1489 250 1529 10.
312 1491 473 1531 Eodem
495 1502 635 1533 autem
657 1495 780 1535 modo
801 1511 842 1535 se
862 1496 1017 1538 habent
1039 1498 1103 1539 18.
1127 1500 1179 1540 ad
1210 1501 1274 1541 15.
1297 1516 1379 1556 quo
1401 1503 1467 1542 12.

18 1544 72 1585 ad
95 1545 160 1585 10.
184 1545 301 1602 Ergo
322 1556 362 1589 et
384 1548 455 1589 ubi
477 1549 631 1590 dicitur
658 1552 860 1593 sextarius
881 1569 966 1595 esse
994 1555 1231 1608 quindecim
1254 1559 1468 1599 unciarum

18 1601 173 1656 pondo,
195 1602 489 1660 intelligendus
517 1615 579 1647 est
599 1607 688 1648 oleo
709 1608 874 1664 plenus3
922 1619 963 1652 et
986 1612 1119 1653 unciae
1149 1613 1291 1655 decem
1313 1623 1354 1656 et
1375 1624 1469 1657 octo

17 1657 113 1708 olei,
135 1673 231 1714 quae
253 1661 433 1703 sextario
456 1664 734 1715 continentur,
757 1675 852 1708 sunt
875 1668 1007 1709 unciae
1037 1671 1268 1722 mensoriae,
1290 1687 1371 1712 non
1396 1688 1468 1713 un-

18 1715 94 1755 ciae
114 1716 265 1771 pondo.
326 1719 444 1774 Ergo
473 1721 660 1775 congius,
683 1723 752 1777 qui
777 1739 846 1764 sex
878 1725 990 1781 capit
1016 1727 1230 1778 sextarios,
1253 1743 1400 1770 novem
1421 1729 1469 1771 li-

17 1771 113 1813 bras
133 1774 357 1815 mensorias
377 1776 454 1817 olei
476 1792 621 1833 capere
643 1778 844 1820 dicendus
864 1790 936 1822 est.

77 1830 288 1872 Praeterea
305 1831 417 1873 idem
440 1834 625 1875 Fannius
647 1851 890 1892 comparans
911 1838 1019 1880 inter
1041 1855 1083 1880 se
1105 1841 1247 1882 vinum
1268 1851 1309 1884 et
1330 1843 1465 1884 oleum

19 1887 199 1928 sextario
229 1897 436 1937 contenta,
458 1906 552 1931 eum
574 1892 676 1934 dicit
708 1908 899 1949 capacem
928 1894 1055 1936 fuisse
1084 1897 1163 1938 olei
1194 1899 1362 1953 quidem
1394 1915 1467 1941 un-

18 1942 175 1984 ciarum
205 1944 269 1984 18.
292 1946 377 1986 vini
398 1961 497 1988 vero
518 1949 583 1989 20.
644 1950 707 1990 At
728 1951 879 2005 viginti
906 1952 989 1993 illae
1010 1953 1095 1994 vini
1117 1955 1251 1996 unciae
1271 1971 1353 1997 non
1374 1973 1466 2013 pos-

17 2009 113 2041 sunt
135 2015 221 2041 esse
251 2003 384 2042 unciae
414 2004 565 2059 pondo.
628 2005 670 2046 Si
693 2007 861 2061 quidem
891 2025 943 2050 ex
965 2010 1109 2051 eodem
1141 2013 1302 2054 Fannio
1333 2023 1466 2056 sexta-

16 2056 102 2097 rius
123 2067 263 2112 aequat
290 2060 473 2114 pondere
507 2063 646 2103 uncias
666 2064 914 2118 quindecim.
978 2068 1072 2108 Sive
1100 2077 1240 2110 autem
1270 2070 1360 2111 oleo
1380 2071 1465 2127 ple-

16 2128 110 2163 nus,
132 2115 217 2155 sive
237 2115 348 2165 vino,
370 2117 535 2159 dicatur
560 2134 637 2175 par
657 2135 743 2162 esse
770 2121 1007 2176 quindecim
1029 2125 1159 2165 unciis
1186 2127 1340 2181 pondo,
1362 2142 1465 2169 nun-

17 2184 141 2224 quam
176 2170 275 2213 dare
305 2175 458 2227 poterit
489 2175 637 2231 viginti
673 2177 813 2218 uncias
848 2179 932 2220 vini
966 2181 1117 2236 pondo.
1179 2184 1296 2239 Ergo
1330 2186 1464 2226 unciae

16 2227 99 2269 illae
121 2228 206 2268 vini
228 2229 392 2284 viginti,
414 2236 516 2285 qua's
536 2233 662 2289 capit,
678 2249 758 2275 non
777 2244 871 2277 sunt
888 2237 1020 2277 unciae
1040 2238 1191 2294 pondo.
1253 2241 1370 2296 Ergo
1389 2257 1463 2283 nec

16 2285 82 2325 18.
104 2284 183 2326 olei
206 2286 353 2335 unciae,
371 2302 472 2341 quas
492 2289 603 2330 idem
624 2292 828 2332 sextarius
843 2294 1037 2335 continet.
1101 2296 1296 2351 Superest
1317 2297 1461 2353 igitur,

15 2350 62 2383 ut
85 2342 218 2382 unciae
238 2342 320 2384 illae
340 2343 418 2386 olei
440 2346 505 2386 18.
529 2345 609 2387 sint
630 2347 762 2389 unciae
782 2351 1010 2390 mensoriae.

58 2421 74 2444 d
89 2424 184 2461 Apud
201 2424 357 2454 Galerium
376 2427 486 2465 Cotyle
494 2433 542 2457 est
551 2430 717 2458 unciarum

15 2466 75 2494 olei
91 2466 121 2495 9.
139 2467 205 2497 vini
221 2468 341 2497 decem.
387 2470 482 2509 Apud
498 2471 715 2501 Dioscoridem

15 2513 48 2537 et
64 2508 222 2539 Fannium
247 2512 399 2542 sextarius
422 2513 506 2550 capit
521 2514 633 2543 libram
656 2515 716 2544 olei

17 2559 89 2580 cum
106 2554 249 2588 semisse,
260 2554 326 2582 sive
342 2556 451 2586 uncias
465 2555 513 2585 18.
529 2557 638 2586 libram
653 2558 719 2586 vini

15 2603 88 2623 cum
106 2595 206 2632 besse,
223 2597 288 2624 sive
312 2599 422 2628 uncias
436 2599 487 2628 20.
534 2600 615 2628 Haec
639 2601 718 2629 ratio

16 2636 77 2664 olei
89 2638 125 2666 ad
139 2639 249 2667 vinum
264 2647 325 2668 non
339 2642 471 2670 omnino
484 2647 628 2672 accurate
641 2644 717 2672 defi-

17 2679 84 2707 nita
94 2685 151 2709 est.
177 2682 285 2710 Pollex
297 2682 381 2711 enim
395 2685 523 2713 cubicus
536 2686 598 2714 olei
609 2689 715 2724 aequat

16 2723 154 2759 pondere
162 2724 235 2753 331.
247 2732 360 2762 grana:
389 2727 494 2763 pollex
507 2732 613 2757 autem
627 2729 717 2758 cubi-

16 2773 72 2792 cus
89 2766 166 2801 vini,
179 2775 274 2806 grana
291 2766 365 2796 365.
381 2777 453 2806 quae
466 2770 591 2799 deberet
603 2772 718 2801 habere

15 2805 115 2849 3⁶75,
133 2809 159 2836 si
181 2810 283 2845 oleum
308 2814 338 2838 ct
363 2811 473 2840 vinum
497 2813 534 2840 ad
559 2822 625 2842 sese
648 2823 720 2843 mu-

74 2875 166 2902 vol..
192 2877 245 2902 lv,

764 2435 819 2459 tuo
835 2440 868 2460 se
891 2432 1055 2467 haberent,
1072 2438 1107 2462 ut
1131 2435 1159 2463 9.
1176 2435 1215 2464 ad
1234 2434 1282 2464 10.
1307 2436 1361 2465 sed
1376 2444 1462 2465 error

761 2474 941 2503 levissimus
957 2480 1013 2504 est.

803 2519 817 2535 Ε
830 2517 878 2546 Ex
890 2516 1011 2547 Fannio
1027 2520 1160 2557 cyathus
1173 2526 1219 2549 est
1229 2521 1338 2550 decem
1351 2521 1461 2549 drach-

763 2567 887 2589 marum
904 2562 1020 2598 pondo.
1058 2563 1169 2601 Cotyle
1183 2569 1292 2593 autem
1307 2564 1391 2600 capit
1407 2572 1461 2591 sex

762 2603 911 2640 cyathos:
936 2605 1092 2633 sextarius
1108 2606 1186 2634 duas
1201 2606 1332 2644 cotyla&
1376 2605 1461 2642 Ergo

761 2646 916 2674 sextarius
947 2648 1031 2683 capit
1060 2648 1226 2677 duodecim
1258 2649 1400 2686 cyathos,
1425 2656 1461 2675 ac

760 2688 892 2726 proinde
916 2694 1022 2726 aequat
1040 2691 1177 2728 pondere
1199 2691 1364 2718 drachmas
1387 2699 1460 2723 cem,

759 2734 829 2758 tum
853 2736 885 2759 et
908 2732 1033 2770 viginti,
1050 2733 1115 2760 sive
1138 2733 1318 2770 quindecim
1341 2733 1462 2761 uncins.

762 2773 842 2801 Octo
857 2775 943 2802 enim
960 2776 1133 2809 drachmae,
1152 2779 1187 2803 ut
1199 2773 1267 2812 jam
1284 2775 1460 2804 obseivavi-

762 2824 849 2851 mus,
867 2817 994 2845 unciam
1009 2817 1216 2846 constituunt.

822 2871 845 2893 ⁹⁸²
852 2881 879 2905 G
