1841 3179
607 86 743 123 PRAE
755 86 828 123 ΕΛ
839 85 964 125 ΤΙΟ.
1417 87 1514 124 cxvii

65 196 232 238 vabant.
294 196 420 237 Unde
450 195 687 260 exemplum
718 196 877 237 factum
910 197 1033 236 Fran.
1068 194 1281 235 Bartolino
1316 194 1511 237 Urbinati

65 268 147 294 non
168 253 338 295 invidit:
371 262 498 309 atque
519 253 554 292 is
574 252 616 293 ul
644 254 824 294 venetiis
854 269 949 294 cum
972 254 1074 293 Ant.
1099 253 1319 305 Quaercngi
1346 254 1514 302 notulis,

65 312 200 353 multo
220 312 444 352 correctius
464 311 551 366 ipse
573 311 763 351 inventor
790 311 1065 351 lv'aderbornae
1090 324 1294 349 ,um-xxii.
1317 310 1512 364 protulit:

64 368 193 410 tacito
212 368 282 409 ille
303 367 474 424 quidem
490 382 565 423 per
580 368 825 409 modestiam
843 368 1026 414 nomine:
1061 367 1130 407 sed
1154 366 1256 406 illud
1275 382 1339 406 me
1356 366 1514 415 (locuit,

65 426 140 480 qui
157 426 281 467 etiam
298 425 493 466 rarissimi
512 432 551 465 et
568 425 621 465 ad
637 440 732 465 eum
750 425 858 465 diem
874 425 1074 480 incogniti
1092 424 1193 464 mihi
1212 423 1337 464 libelli
1355 423 1512 478 copiam

64 483 180 533 fecit,
203 484 324 523 Bern.
348 481 677 523 Rottendorfius.
740 483 834 522 Scio
864 482 990 522 fuisse
1011 482 1120 521 viros
1147 480 1418 529 doctissimos,
1442 481 1515 536 qui

65 539 119 580 de
139 540 268 595 hujus
287 540 511 595 fragmenti
529 540 702 580 veritate
724 539 1024 579 dubitaverint:
1060 538 1131 579 sed
1146 538 1188 578 hi
1207 538 1313 594 passi
1333 546 1429 578 sunt
1447 537 1518 577 ali-

66 597 173 651 quid
193 587 439 646 humanum,
457 604 497 637 et
515 596 638 652 quale
659 596 783 636 modo
799 595 982 636 ridebam
1000 596 1042 636 in
1066 597 1135 636 Fr.
1160 595 1366 645 Asulano,
1384 594 1457 649 qui
1475 594 1516 634 in

66 653 208 694 limine
228 654 352 710 primi
384 654 485 695 tomi
507 653 692 703 Aldinae,
714 653 915 694 accusatis
943 652 1218 709 typograpl-iis
1251 651 1515 700 1⁴'lorentinis,

66 711 261 766 queritur
281 711 397 751 aliud
404 726 537 765 genus
559 710 720 751 sceleris
734 710 983 750 commisisse
999 710 1267 750 Basileenses:
1301 709 1514 749 historiam

65 768 176 808 enim
212 766 439 823 quamdam
480 783 619 808 rerum
657 769 941 808 Romanarum
983 768 1060 807 sub
1101 767 1265 806 nomine
1307 765 1516 806 Paterculi

65 824 259 875 edidisse,
289 826 332 865 in
363 841 449 881 quo
479 825 581 865 nihil
612 826 698 865 fere
736 825 935 865 Latinum
969 824 1146 879 legatur,
1178 822 1293 879 quod
1330 822 1517 877 Augusti

66 889 257 938 tempora
285 882 484 932 redoleat,
507 883 664 937 quibus
694 897 789 922 eum
820 881 1008 922 floruisse
1030 881 1170 921 velint.
1233 880 1443 920 Nimirum
1475 879 1517 918 in

68 939 274 979 similibus
304 939 561 995 deprehensa
590 940 704 979 fraus
735 938 872 988 efficit,
895 947 942 979 ut
964 938 1149 978 nondum
1170 938 1274 978 bene
1306 936 1518 992 perpensis

65 996 193 1036 etiam
213 996 322 1037 veris
341 996 439 1037 boni
471 996 674 1037 diffidant.
736 997 819 1036 Hae
840 996 1018 1035 maxime
1039 1002 1269 1050 conspecta·
1300 993 1517 1042 editiones,

66 1051 157 1094 haec
178 1053 445 1104 incrementa,
467 1053 510 1094 hi
532 1053 716 1093 vindices
747 1060 843 1093 sunt
864 1053 996 1108 partis
1019 1053 1071 1091 T.
1096 1052 1224 1100 Livii,
1247 1066 1342 1106 quae
1368 1050 1518 1090 Libiti-

66 1124 164 1150 nam
194 1110 361 1151 vitavit:
395 1125 576 1166 quorum
607 1110 649 1149 in
679 1110 881 1150 honorata
910 1109 1049 1158 turba,
1072 1109 1104 1148 si
1127 1108 1191 1147 vel
1221 1108 1305 1147 imo
1335 1107 1424 1146 loco
1453 1122 1518 1146 me

66 1166 289 1208 adhaesisse
310 1167 414 1208 feret
436 1167 671 1223 posteritas,
693 1174 754 1207 est
775 1181 851 1206 cur
870 1180 935 1205 me
958 1165 1110 1206 laboris
1130 1163 1339 1214 exhausti,
1361 1163 1411 1203 de
1434 1178 1520 1218 quo

66 1238 119 1264 ne
159 1224 332 1264 summis
373 1224 544 1279 quidem
591 1223 712 1264 facile
762 1222 1045 1271 concesserim,
1088 1221 1256 1261 minime
1304 1220 1517 1276 poeniteat.

68 1280 193 1330 Quod
214 1289 355 1322 autem
375 1295 561 1336 persaepe
591 1280 858 1335 opinionibus
878 1278 1045 1319 illorum
1067 1293 1149 1318 non
1170 1278 1400 1327 subscribo,
1422 1291 1520 1317 cave

67 1338 383 1379 obtrectationis
402 1337 447 1378 id
468 1338 627 1378 factum
647 1336 807 1377 invidia
827 1334 1057 1391 suspiceris.
1119 1336 1215 1389 Ego
1235 1349 1333 1374 vero
1353 1342 1394 1375 et
1415 1349 1521 1389 prae-

68 1394 200 1435 claros
229 1394 358 1435 fuisse
382 1394 492 1435 viros
522 1406 678 1443 omnes,
700 1403 741 1434 et
771 1393 936 1448 egregie
965 1392 1167 1432 animatos
1196 1391 1438 1447 optimeque
1468 1390 1520 1430 de

71 1452 197 1492 Livio
217 1452 386 1492 meritos
402 1451 549 1492 lubens
570 1451 778 1492 confiteor.
842 1450 935 1490 Scio
955 1449 1080 1490 etiam
1096 1448 1249 1488 nemini
1271 1447 1359 1488 haec
1381 1447 1521 1489 studia

69 1508 274 1549 curiosius
303 1508 499 1549 tractanti
521 1516 605 1549 tam
636 1515 882 1563 praesentem
905 1520 1065 1562 semper
1094 1506 1280 1546 animum
1306 1505 1449 1554 fuisse,
1471 1512 1520 1545 ut

70 1580 279 1621 nusquam
318 1565 585 1621 impingeret:
645 1565 833 1620 mihique
873 1563 1003 1603 nihilo
1042 1563 1240 1618 majorem
1279 1561 1520 1602 felicitatem

71 1622 272 1678 spondeo:
306 1637 394 1671 nec,
413 1623 446 1662 si
463 1619 568 1677 quid
588 1621 631 1661 in
648 1635 904 1677 quemquam
925 1620 1061 1660 acrius
1081 1619 1234 1660 dixisse
1251 1619 1424 1659 videbor
1440 1633 1522 1658 non

72 1687 158 1720 tam
178 1679 221 1720 in
241 1679 334 1720 illos
355 1679 515 1720 dictum
535 1678 789 1728 dolentibus,
807 1692 934 1733 quam
950 1692 1001 1717 ne
1016 1677 1059 1716 in
1081 1691 1122 1716 se
1142 1676 1252 1716 idem
1268 1676 1414 1731 majori
1426 1676 1523 1731 jure

72 1736 238 1778 dicatur
269 1736 524 1786 verentibus,
559 1736 605 1776 id
637 1735 862 1791 quominus
892 1735 982 1790 ipse
1014 1733 1203 1774 similiter
1242 1731 1524 1788 deprehensus

71 1794 224 1849 patiar,
245 1793 468 1834 intercedo.
530 1793 639 1833 Nam
670 1793 746 1848 qui
776 1791 884 1832 levia
912 1805 1211 1846 nonnunquam
1242 1796 1522 1830 consectatum

67 1850 338 1907 judicabunt,
360 1849 467 1891 illud
487 1850 685 1906 cogitent,
702 1864 786 1890 non
805 1848 998 1889 omnibus
1017 1847 1144 1897 idem,
1166 1846 1282 1902 quod
1301 1846 1417 1901 ipsis,
1435 1845 1524 1886 leve

73 1908 248 1948 censeri:
280 1922 416 1963 neque
437 1907 572 1948 ullum
593 1914 679 1948 tam
700 1906 790 1947 leve
811 1913 995 1946 erratum
1015 1904 1255 1945 hominibus
1275 1911 1403 1944 tantae
1419 1902 1525 1944 exis-

73 1964 304 2005 timationis
332 1963 537 2014 excidere,
568 1972 617 2005 ut
646 1979 729 2004 non
762 1963 900 2004 trahat
930 1960 1217 2018 imprudentes
1247 1959 1416 2011 multos,
1446 1959 1524 2000 nisi

74 2021 408 2062 commonefiant:
442 2028 533 2062 tum
553 2035 635 2061 non
657 2035 698 2061 se
718 2020 814 2076 plus
836 2035 978 2076 sapere
1000 2017 1243 2059 Patriarcha
1264 2016 1526 2072 Aquileiensi

77 2078 306 2119 Hermolao
336 2078 538 2129 Barbaro,
560 2077 635 2133 qui
665 2084 789 2132 negat
809 2079 856 2117 in
882 2078 1025 2117 Plinio
1053 2076 1315 2115 damnandos
1343 2088 1428 2114 esse
1450 2073 1527 2125 (sic

75 2134 267 2191 loquitur
287 2134 489 2176 modeste:
522 2135 614 2175 vult
635 2142 776 2175 autem
803 2132 953 2182 dicere,
975 2148 1043 2173 eos
1064 2132 1233 2172 demum
1248 2131 1366 2187 justa
1384 2130 1527 2171 indus-

76 2192 158 2233 tria
173 2192 390 2248 perfungi)
409 2194 482 2245 qui
496 2206 550 2233 oze
565 2192 764 2245 syllabam
779 2191 945 2243 quidem
955 2191 1051 2243 pati
1062 2190 1226 2243 possint
1240 2190 1347 2228 male
1362 2189 1527 2228 colloca-

76 2253 175 2290 tam.
238 2250 437 2289 Ceterum
467 2256 531 2298 ut,
554 2263 651 2304 quae
680 2247 781 2288 meis
801 2247 905 2287 orsis
934 2254 1136 2302 praeterea
1164 2244 1320 2285 fuerint
1348 2243 1529 2284 auctori-

77 2313 199 2356 tates,
220 2321 271 2346 ne
300 2306 480 2361 ignores,
501 2305 713 2360 fidemque
742 2319 877 2345 meam
906 2303 1138 2359 explorare,
1163 2302 1195 2342 si
1218 2302 1359 2350 libeat,
1381 2300 1527 2356 pessis,

76 2363 235 2418 primos
273 2362 415 2403 decem
448 2362 574 2402 libros
609 2362 661 2402 de
695 2376 788 2402 meo
819 2360 909 2401 oleo
941 2369 982 2401 et
1022 2358 1166 2400 sedulo
1201 2357 1394 2399 contendi
1433 2371 1529 2397 cum

79 2420 244 2476 scriptis
267 2419 399 2460 Isaaci
421 2418 554 2459 Vossii
584 2418 766 2468 duobus,
789 2418 838 2458 B.
862 2416 1160 2465 Rottendorfii,
1184 2414 1382 2456 Gudiano
1411 2413 1531 2454 Thu-

79 2490 183 2517 aneo
213 2476 402 2532 singulis,
424 2490 607 2531 quorum
639 2474 863 2516 Gudianus
892 2474 945 2514 ab
966 2473 1086 2514 initio
1116 2481 1199 2513 tres
1226 2472 1311 2512 fere
1341 2471 1467 2511 libros
1488 2477 1530 2510 et

79 2532 329 2588 particulam
350 2533 507 2589 quarti,
526 2532 762 2573 Thuaneus
781 2546 876 2572 cum
899 2540 1016 2572 sexto
1036 2529 1219 2585 reliquos
1239 2528 1420 2582 integros
1436 2541 1531 2567 con-

81 2590 282 2632 tinebant.
343 2590 491 2631 Obiter
521 2598 563 2631 et
592 2589 814 2630 vellicatim
844 2587 1033 2629 consului
1063 2587 1116 2628 de
1146 2585 1397 2641 quibusdam
1431 2582 1530 2623 locis

82 2647 361 2688 Oxoniensem
393 2646 569 2702 Collegii
599 2645 710 2695 novi,
743 2645 906 2701 regium
936 2643 1136 2692 Lutetiae,
1168 2641 1328 2696 aliquot
1360 2639 1531 2679 Floren-

81 2703 203 2744 tinos.
283 2704 516 2759 Excerptas
555 2703 776 2744 varietates
815 2701 963 2758 optimi
1009 2700 1194 2740 omnium
1234 2696 1364 2752 partis
1401 2695 1530 2751 hujus

82 2759 331 2809 Florentini,
353 2759 505 2815 partim
538 2761 677 2801 Lucas
708 2759 1069 2814 LangermannUS,
1100 2753 1368 2796 consobrinus
1398 2767 1529 2801 meus,

86 2816 180 2872 (qui
193 2824 234 2859 et
249 2816 652 2871 Helmaestadiensis)
661 2816 814 2871 partim
829 2816 955 2870 Marq
963 2812 1116 2855 nardus
1131 2810 1299 2852 Gudius
1314 2808 1531 2850 subminis-

824 2889 905 2924 HS
