1826 3149
180 203 269 235 U.C.
284 206 358 238 581.

177 245 216 276 A.
232 247 268 278 C.
285 249 357 281 171.

393 93 442 132 92
921 98 1061 138 ΤῙΤΙ
1104 103 1269 143 L1V11

391 196 604 241 inventum
645 209 717 243 est.
782 205 969 260 Ripalme
1009 209 1212 265 spiculum
1249 214 1387 257 hastili
1429 220 1699 265 semicubitali
1739 225 1798 268 in-

389 253 519 295 fixum
540 265 642 308 erat,
664 262 936 303 crassitudine
956 264 1102 320 digiti:
1127 268 1225 310 huic
1245 272 1297 313 ad
1320 273 1519 316 libramen
1541 278 1676 333 pinnae
1699 279 1795 334 tres,

388 310 503 352 velut
525 314 685 369 sagittis
716 317 861 366 solent,
884 321 1272 368 circumdabantur:
1306 329 1438 372 funda
1467 335 1605 376 media
1624 337 1709 379 duo
1729 340 1795 381 fu-

387 367 496 408 nalia
534 369 693 425 inparia
733 373 923 416 habebat.
965 393 1060 419 cum
1100 383 1244 437 majori
1287 385 1377 427 sinu
1418 388 1614 432 libratum
1656 395 1795 437 fundi-

385 430 451 468 tor
471 425 631 467 habena
650 436 820 480 rotaret,
842 446 1076 485 excussum,
1095 438 1209 479 velut
1231 441 1364 496 glans,
1379 445 1591 488 emicabat.
1654 451 1793 500 Quum

383 487 425 520 et
474 481 566 532 hoc,
617 492 658 524 et
707 485 788 527 alio
836 490 947 529 omni
990 507 1140 546 genere
1189 497 1381 549 telorum,
1431 517 1527 557 pars
1576 506 1794 551 vulnerata

382 537 562 579 militum
612 549 732 592 esset,
782 558 856 585 nec
909 546 1028 588 facile
1077 550 1165 605 jam
1219 568 1334 596 arma
1381 557 1475 599 fessi
1527 563 1790 616 sustinerent,

381 591 532 635 instare
567 610 654 646 rex,
681 606 729 639 ut
762 599 959 645 dederent
993 620 1048 655 se,
1076 607 1197 649 fidem
1235 610 1348 662 dare,
1374 616 1544 669 praemia
1580 619 1788 664 interdum

378 649 583 703 polliceri:
617 668 691 694 nec
712 657 958 713 cujusquam
981 662 1034 701 ad
1055 663 1305 708 deditionem
1335 669 1580 714 flectebatur
1599 677 1786 727 animus;

376 720 508 759 quum
529 723 580 749 ex
601 710 810 766 insperato
831 715 918 770 jam
940 717 1157 761 obstinatis
1188 725 1290 764 mori
1322 742 1413 782 spes
1433 729 1617 772 adfulsit.
1680 735 1788 777 Nam

375 777 506 816 quum
528 780 578 806 ex
600 766 971 813 frumentatoribus
992 776 1244 832 refugientes
1265 782 1435 837 quidam
1458 785 1499 825 in
1522 796 1655 829 castra
1682 803 1786 833 nun-

374 818 546 862 ciassent
588 825 760 876 consuli,
796 828 1077 873 circumsideri
1116 837 1381 889 praesidium:
1424 851 1562 884 motus
1600 847 1786 901 periculo

372 881 434 916 tot
466 876 618 919 civium
643 880 756 931 (nam
786 885 1014 941 octingenti
1046 889 1190 941 ferme,
1213 902 1253 934 et
1275 910 1415 937 omnes
1437 899 1614 942 Romani
1645 908 1782 961 erant)

370 946 466 972 cum
499 935 690 990 equitatu
726 954 772 979 ac
808 940 885 982 levi
923 953 1132 987 armatura
1168 949 1438 999 (accesserant
1471 970 1579 998 nova
1612 961 1781 1013 auxilia,

371 989 569 1031 Numidae
590 993 750 1048 pedites
780 997 1023 1055 equitesque
1045 1011 1085 1043 et
1116 1004 1344 1063 elephanti)
1368 1011 1511 1052 castris
1541 1017 1778 1070 egreditur:

369 1052 410 1084 et
442 1047 619 1089 tribunis
649 1051 829 1093 militum
859 1054 1049 1111 imperat,
1073 1068 1120 1100 ut
1153 1061 1361 1118 legionum
1394 1067 1511 1123 signa
1538 1082 1777 1127 sequantur.

371 1101 481 1156 Ipse,
504 1105 698 1147 velitibus
725 1109 777 1149 ad
811 1110 1013 1154 firmanda
1041 1115 1194 1158 levium
1227 1135 1436 1164 armorum
1467 1127 1622 1168 auxilia
1645 1131 1780 1187 adjec-

367 1157 433 1208 tis,
456 1160 509 1200 ad
530 1163 741 1204 tumulum
769 1169 980 1221 praecedit.
1012 1175 1192 1214 consulis
1222 1176 1350 1219 latera
1380 1188 1526 1237 tegunt
1550 1185 1774 1240 Eumenes,

365 1215 553 1267 Attalus,
575 1227 616 1260 et
640 1221 890 1277 Elisagenes,
913 1228 1082 1281 regulus
1105 1231 1396 1277 Numidarum.

421 1272 588 1315 LXVI.
623 1278 763 1326 Quum
792 1279 833 1320 in
855 1293 1077 1339 conspectu
1107 1288 1240 1343 prima
1267 1292 1382 1346 signa
1411 1310 1580 1337 suorum
1602 1299 1774 1342 circum-

362 1329 479 1370 sessis
508 1331 694 1383 fuerunt,
718 1335 917 1378 Romanis
938 1341 1106 1395 quidem
1138 1345 1190 1385 ab
1220 1347 1368 1390 ultima
1397 1351 1683 1407 desperatione
1711 1373 1772 1399 re-

360 1394 523 1427 creatus
539 1396 600 1429 est
621 1390 781 1432 animus
797 1411 804 1433 ·.
840 1396 1029 1446 Perseus,
1046 1399 1112 1439 cui
1134 1402 1313 1456 primum
1331 1408 1514 1449 omnium
1536 1410 1688 1461 fuerat,
1707 1423 1769 1465 ut,

358 1450 577 1485 contentus
607 1446 783 1489 fortuito
813 1465 1016 1503 successu,
1039 1458 1170 1511 captis
1209 1461 1368 1516 aliquot
1398 1465 1771 1513 frumentatoribus

356 1498 596 1556 occisisque,
619 1518 700 1543 non
722 1512 872 1548 tereret
893 1516 1058 1566 tempus
1083 1514 1123 1554 in
1144 1515 1356 1559 obsidione
1386 1522 1594 1576 praesidii:
1629 1541 1770 1569 secun-

355 1555 472 1606 dum,
490 1572 538 1598 ea
557 1574 726 1616 quoque
748 1570 907 1605 tentata
928 1574 1171 1625 utcumque,
1189 1587 1320 1628 quum
1344 1578 1462 1619 sciret
1485 1580 1585 1621 nihil
1608 1584 1767 1626 roboris

354 1627 493 1653 secum
509 1629 609 1665 esse,
624 1616 726 1657 dum
746 1618 885 1662 liceret
908 1621 1077 1675 intacto,
1092 1627 1204 1668 abire
1220 1647 1230 1677 ς
1255 1640 1295 1672 et
1316 1632 1402 1688 ipse
1419 1634 1601 1678 hostium
1615 1640 1766 1683 adven-

354 1675 460 1719 tum,
482 1670 615 1712 elatus
637 1688 841 1727 successu,
864 1680 1028 1730 mansit,
1051 1690 1106 1732 et,
1129 1685 1201 1739 qui
1230 1687 1477 1745 phalangem
1499 1707 1762 1750 arcesserent,

350 1739 526 1781 propere
558 1728 680 1770 misit.
713 1747 797 1786 qua
827 1742 867 1774 et
900 1735 1042 1785 serius,
1069 1755 1194 1794 quam
1228 1758 1292 1785 res

1323 1749 1576 1801 postulabat,
1599 1761 1640 1794 et
1670 1769 1763 1810 rap-

350 1780 425 1822 tim
455 1792 560 1834 acta,
595 1787 752 1828 turbati
784 1805 907 1831 cursu
941 1794 1139 1837 adversus
1174 1798 1397 1843 instructos
1429 1814 1469 1846 et
1505 1819 1762 1864 praeparatos

348 1864 553 1903 imponebatur.
609 1867 683 1899 Tum
717 1872 809 1912 igilur
842 1875 873 1902 in
906 1876 1031 1906 eircum—

345 1909 457 1938 actione
473 1909 588 1949 jicncloe
614 1913 734 1942 intentis
747 1914 907 1955 funalibus
933 1929 1030 1949 marze-

345 1950 401 1979 bac.
460 1951 559 1985 Quum
601 1965 666 1985 vero
708 1957 831 1987 alterum
875 1962 1032 1991 solveretur

344 1993 375 2021 in.
404 1995 558 2031 emissione,
588 2000 718 2028 excidens
742 2008 854 2031 amento
881 2013 940 2039 sno,
971 2006 1029 2035 rel-

343 2040 377 2063 ut
406 2037 493 2077 glans
525 2049 540 2067 e
566 2039 870 2082 fundffiferelzatur,
901 2053 927 2075 et
962 2058 1028 2078 cnm

342 2078 451 2117 impetu
493 2081 633 2119 incidens,
677 2086 818 2125 quidquid
862 2089 1028 2121 incurrisset

340 2122 424 2152 valde
456 2123 586 2154 lceslelmt.
630 2125 683 2156 Ad
711 2128 754 2158 rei
783 2130 876 2160 totius
908 2132 1027 2172 plenio-

340 2173 405 2194 rem
441 2166 674 2206 expositionem,
705 2171 804 2202 multa
831 2173 918 2204 addit
951 2176 1024 2218 Lip-

339 2205 419 2236 sius:
459 2219 496 2238 ex
526 2210 637 2250 quibus
668 2223 769 2253 pauca
802 2217 1023 2255 mutuabimur,

337 2249 477 2289 plurimis
513 2253 643 2285 omissis.
687 2255 744 2286 Ait
777 2257 883 2289 Livius
920 2267 1023 2292 cestro-

335 2293 514 2329 sphendonen
543 2295 601 2326 hoc
630 2297 727 2328 telum
757 2299 892 2331 dictum.-
928 2310 1022 2336 recte.

335 2334 403 2365 Etsi
419 2336 451 2366 in
467 2337 563 2368 Suida
584 2350 655 2380 pars
670 2351 732 2372 una
746 2343 830 2373 vocis
853 2345 947 2377 modo
963 2353 1020 2384 est,

333 2384 453 2409 cestrns.
497 2379 595 2421 Atqui
628 2383 763 2414 solitaria
799 2397 835 2416 ea
869 2387 1020 2421 duntaxat

334 2422 503 2451 verticulum
517 2428 547 2452 et
563 2424 653 2455 breve
670 2427 766 2457 telum
782 2434 879 2460 notat.
925 2432 1018 2463 Com-

332 2463 443 2504 positio
466 2464 598 2498 Liviana
623 2468 752 2499 mixtum
779 2470 836 2501 hoc
863 2475 1016 2516 complec—

331 2505 416 2543 titur,
447 2513 477 2537 et
507 2509 596 2539 zelum
625 2521 639 2540 e
657 2510 762 2550 ιῗὶιηᾱα
791 2516 917 2545 missam.
963 2518 1016 2548 Bi-

327 2550 424 2587 palme
459 2551 612 2589 spiculum,
650 2553 682 2583 id
720 2560 777 2589 est,
814 2558 1012 2600 semipedale.

330 2592 392 2622 Sed
415 2592 446 2623 in
471 2593 581 2624 Graeco
603 2595 660 2625 hoc
684 2596 859 2629 distinctius
879 2601 1011 2640 additur,

328 2634 429 2676 ipsum
456 2646 632 2667 mucronem
659 2639 754 2680 palmi
779 2641 888 2672 fuisse:
918 2645 1010 2676 aulis-

328 2688 411 2714 cum,
427 2678 491 2709 sive
514 2679 667 2716 tubfflum,
685 2681 757 2712 item
781 2684 888 2725 palmi.
934 2687 1010 2718 Has-

326 2721 376 2750 tile
403 2723 613 2753 semicubitales
650 2724 780 2766 Polybio
809 2729 1008 2767 σπιθαμιαῖον.

326 2763 488 2804 Spithama
503 2765 584 2796 enim
600 2772 646 2797 est
664 2766 793 2799 dimidia
815 2781 885 2811 pars
901 2773 1008 2809 cubiti,

325 2805 458 2837 dodrans
480 2808 577 2849 pedis.
622 2808 789 2842 Addumur
810 2812 912 2854 pinnae
937 2820 1007 2851 tres,

324 2857 401 2888 quas
439 2849 568 2881 Graecus
595 2859 699 2884 monet
733 2865 749 2884 e
784 2854 866 2896 ligno
903 2857 1007 2891 fuisse.

1077 1878 1185 1911 Faucia
1218 1885 1310 1913 media
1345 1891 1391 1916 est
1424 1887 1523 1928 ipsum
1558 1890 1663 1922 fundae
1696 1904 1761 1925 me-

1075 1921 1180 1957 dium:
1211 1925 1304 1957 latius
1333 1927 1422 1965 illud,
1454 1932 1502 1961 eui
1536 1933 1631 1964 telum
1660 1935 1758 1968 sedet.

1076 1964 1207 1997 Funalia
1222 1968 1283 2000 duo
1305 1970 1436 2013 imparia
1451 1974 1595 2006 videntur
1610 1987 1648 2007 ex
1663 1979 1758 2021 Poly-

1074 2007 1124 2037 bio
1157 2009 1371 2053 intelligenda,
1406 2025 1469 2046 non
1505 2018 1567 2049 duo
1600 2030 1636 2050 ex
1674 2027 1758 2053 utra-

1072 2060 1132 2090 que
1161 2060 1269 2094 parte,
1303 2057 1357 2088 sed
1390 2059 1542 2101 utrimque
1572 2066 1757 2099 unum,.al-

1070 2098 1169 2125 terum
1192 2097 1325 2130 brevius.
1370 2101 1408 2130 In
1435 2102 1516 2133 hanc
1542 2111 1676 2137 mentem
1700 2118 1755 2139 nos

1069 2135 1187 2168 ducunt
1210 2140 1277 2170 haec
1294 2143 1417 2184 Polybii
1436 2147 1547 2178 verba:
1570 2159 1659 2188 quum
1682 2151 1756 2181 alte·

1068 2189 1134 2210 rum
1164 2192 1179 2211 e
1203 2183 1364 2224 fztnulibus
1390 2188 1546 2219 solveretur
1573 2192 1605 2221 rin
1633 2195 1755 2223 emissio-

1067 2233 1119 2252 ne:
1144 2234 1215 2264 quae
1239 2227 1381 2259 videntur
1403 2229 1553 2269 indicare,
1570 2233 1630 2265 duo
1652 2237 1751 2266 omni-

1068 2274 1106 2295 no
1128 2266 1220 2299 fuisse
1244 2269 1372 2308 funalia,
1388 2282 1517 2313 quorum
1541 2276 1670 2308 alterum
1691 2280 1751 2309 sol-

1066 2314 1197 2346 veretur,
1232 2312 1328 2344 altero
1363 2320 1492 2347 retento.
1545 2319 1609 2350 Cur
1646 2326 1750 2353 autem

1065 2360 1160 2382 unum
1186 2354 1309 2386 brevius
1334 2356 1425 2388 fuerit
1454 2360 1560 2397 altero,
1585 2372 1646 2393 non
1675 2365 1749 2395 satis

1062 2395 1258 2436 perspicuum
1283 2399 1370 2429 nobis
1393 2407 1456 2431 est:
1488 2403 1546 2433 nisi
1569 2404 1644 2436 forte
1670 2406 1747 2438 illud

1062 2437 1144 2476 quod
1170 2449 1327 2472 remanere
1351 2442 1484 2475 debebat
1504 2445 1537 2476 in
1560 2458 1653 2478 manu
1677 2449 1746 2480 sun-

1061 2478 1177 2516 ditoris,
1207 2481 1277 2513 ideo
1309 2485 1430 2526 longius
1463 2494 1539 2525 erat,
1570 2495 1604 2520 ut
1633 2492 1747 2524 certius

1059 2523 1155 2553 teneri
1178 2530 1291 2564 posset.
1336 2528 1450 2567 Majore
1474 2533 1541 2561 sinu.
1563 2531 1745 2576 interpreta-

1057 2569 1105 2593 tur
1142 2565 1276 2608 Lipsius,
1314 2571 1427 2612 majore
1469 2584 1562 2614 quam
1605 2577 1741 2618 vulgatae

1056 2606 1160 2637 funda·
1196 2609 1308 2642 habere
1341 2613 1451 2645 solent.
1496 2617 1655 2650 Postremo
1686 2631 1741 2651 no-

1056 2649 1184 2680 tandum
1211 2658 1257 2682 est
1279 2654 1310 2684 id
1334 2656 1416 2696 quod
1440 2668 1458 2688 a
1473 2659 1604 2701 Polybio
1626 2661 1740 2694 diserte

1055 2702 1230 2733 expressum
1262 2696 1368 2728 Livius
1396 2700 1507 2737 omisit,
1535 2703 1574 2733 de
1603 2711 1737 2743 amento,

1053 2745 1113 2775 quo
1140 2735 1234 2766 telum
1264 2739 1380 2771 utiliter
1406 2742 1593 2784 illigabatur,
1621 2757 1660 2778 ne
1683 2759 1736 2779 ca-

1052 2776 1137 2807 deret
1166 2778 1197 2807 in
1227 2787 1338 2820 rotatu,
1366 2790 1431 2816 tum
1461 2793 1494 2817 ut
1523 2788 1735 2822 vehementius

1052 2820 1270 2854 emitterentur.
