1816 3159
270 83 344 117 424

263 186 423 224 Tendeba,
432 185 518 216 locus
528 184 560 214 in
572 193 645 222 agro
656 183 952 219 Stratonicensi,33,

313 235 362 261 18.

271 273 429 308 Tenedus,
445 276 500 308 31,
522 273 568 299 16.
585 273 639 305 44,
656 273 708 298 28.

270 316 455 346 Tentoriurn
472 324 561 344 suum
589 313 698 350 cuique
727 311 817 340 militi
847 310 956 340 domus

318 369 353 388 ac
369 362 495 397 penates
518 361 605 392 sunt,
622 360 674 389 44,
692 359 743 385 39.

273 403 392 438 Tenus,
407 401 510 429 insula
525 404 555 428 et
571 399 657 433 urbs,
675 400 729 431 36,
749 400 799 424 21.

272 447 307 476 C.
330 444 520 474 Terentillus
549 443 640 473 Arsa,
669 440 815 468 tribunus
844 439 956 477 plebis,

313 487 493 523 absentibus
517 483 708 519 consulibus,
735 483 766 510 in
795 483 955 511 consulare

313 530 473 569 imperium
499 527 579 565 apud
595 526 712 564 plebem
736 525 905 559 invehitur,
922 530 956 560 3,

314 578 344 604 9.
366 574 461 607 lege-n
479 568 668 609 promulgat,
690 574 726 596 ut
750 568 886 606 quinque
902 569 959 596 viri

316 619 458 645 creentur
469 614 588 652 legibus
606 614 642 641 de
658 612 787 650 imperio
803 610 959 640 consulari

317 657 498 693 scribendis,
515 656 588 684 ibid.

274 702 442 731 Terentina
457 699 557 728 tribvs
572 699 689 733 addita,
710 700 759 729 10,
776 700 806 726 9.

273 747 311 774 Λ.
339 742 506 773 Terentius
528 741 626 770 Varro
655 741 693 770 ad
722 739 958 768 custodiendum

314 788 374 815 iter
387 786 559 824 legatorum
575 784 746 813 AEtolorum
763 782 888 817 missus,
905 787 959 815 37,

315 833 366 860 49.
394 832 514 857 creatur
539 831 664 865 pnetor,
687 831 739 857 39,
756 830 808 853 32.
832 825 961 854 sortitur

317 872 502 909 Hispaniam
528 870 715 901 citeriorem,
743 873 793 896 38.
825 869 890 905 ejus
914 877 961 896 res

315 919 422 953 gestae,
439 918 490 943 41.
502 916 533 941 ct
546 915 596 942 56.
619 913 683 941 vicl.
695 915 724 941 et
741 915 794 945 40,
812 916 841 941 2.
865 920 960 940 ovans

316 958 426 986 urbem
445 956 632 994 ingreditur,
652 958 700 984 16.

273 1000 311 1029 A.
328 1000 494 1029 Terentius
510 999 621 1034 Varro,
640 1000 758 1034 legatus
784 998 821 1026 ad
849 997 960 1026 Genti-

315 1053 380 1079 um,
396 1043 570 1080 Illyriornm
581 1051 696 1081 regem,
710 1046 765 1078 42,
782 1044 832 1071 26.
846 1041 877 1069 iu
892 1041 962 1069 Ma-

314 1086 486 1121 cedoniam,
500 1089 555 1121 45,
576 1089 622 1115 17.

275 1128 310 1157 C.
327 1129 494 1157 Terentius
515 1129 624 1161 Varro,
648 1127 757 1155 humili
781 1130 812 1154 et
838 1126 961 1155 sordido

315 1172 384 1200 loeo
404 1176 508 1204 natus,
527 1179 633 1199 suasor
649 1170 723 1205 legis
747 1170 784 1198 de
810 1170 960 1206 aequando

314 1214 452 1249 magistri
473 1215 611 1251 equtum
637 1217 668 1241 et
694 1213 854 1241 dictatoris
876 1213 959 1249 jure,

313 1262 435 1286 creatur
464 1257 582 1289 consul,
609 1260 661 1287 22,
687 1260 736 1283 25.
762 1260 791 1283 ec
812 1259 864 1283 35.
887 1264 961 1283 con-

315 1301 418 1328 ejoues
435 1300 548 1329 multas
576 1308 610 1327 ac
638 1299 752 1327 seroces
775 1299 881 1333 habet,
907 1302 959 1327 38.

314 1343 380 1379 ejus
396 1347 427 1371 et
444 1342 558 1371 AEmilii
587 1341 709 1376 collegae
737 1340 901 1377 discordia,
917 1345 954 1369 41

312 1390 407 1414 -44,
423 1385 544 1423 signum
563 1394 675 1422 pugnae
699 1384 735 1412 ad
752 1386 763 1411 (
778 1393 874 1412 annas
890 1393 960 1422 pro-

312 1429 415 1465 ponit,
436 1432 488 1458 A5.
520 1428 601 1466 fugit
634 1427 815 1462 Venusiam,
848 1431 899 1457 49.
924 1428 959 1455 C.

311 1470 458 1501 Terentio
487 1471 633 1504 Varroni,
656 1470 798 1499 redeunti
828 1478 846 1497 a
875 1470 960 1499 clade

315 1514 486 1548 Cannensi,
502 1514 623 1542 obviam
650 1514 727 1542 itum
753 1514 790 1541 ab
815 1513 959 1541 omnibus

314 1557 485 1589 ordinibus,
503 1560 553 1584 61.
577 1557 643 1593 ejus
666 1557 702 1585 ad
727 1556 735 1584 l
757 1559 845 1593 gatos
870 1557 961 1585 Cam-

313 1609 410 1638 panos
427 1601 537 1633 oratio,
556 1603 609 1634 23,
628 1604 656 1628 5.
680 1609 743 1635 prm
756 1599 960 1636 onsul,jube-

313 1651 365 1671 tur
381 1643 493 1672 Piceno
516 1651 589 1680 agro
613 1643 754 1679 praesidio
771 1651 848 1678 esse,
864 1646 917 1671 32.
934 1643 960 1671 ei

315 1696 368 1725 per
383 1696 490 1715 omnes
505 1694 604 1714 annos
621 1689 692 1722 post
706 1686 808 1719 sugam
825 1685 864 1713 ab
880 1686 961 1714 Can-

315 1730 363 1758 nis
379 1734 578 1766 prorogatum
593 1727 768 1766 imperium,
782 1732 834 1763 25,
845 1730 874 1756 6.
890 1737 960 1766 pro-

316 1777 429 1811 praetor
446 1773 476 1800 in
496 1771 652 1800 Etruriam
671 1771 819 1803 mittitur.
838 1775 890 1804 27,
907 1775 959 1800 35.

315 1817 434 1850 legatus
467 1814 605 1843 mittitur
638 1815 673 1842 ad
701 1815 888 1852 Philippum,
905 1818 960 1850 30,

316 1860 366 1887 245.
391 1859 507 1891 legatus
542 1858 573 1885 in
607 1857 743 1886 Africam
777 1858 958 1891 mittuntur,

315 1905 370 1935 31,
393 1905 438 1928 11.
461 1900 603 1928 triumvir
618 1906 738 1928 creatur
754 1901 789 1928 ad
814 1900 959 1938 supplen-

316 1946 388 1972 ‹lum
402 1944 571 1972 Venusinis
586 1943 764 1972 colonorum
783 1952 957 1979 numerum,

316 1991 366 2016 49.

276 2033 309 2060 C.
326 2028 492 2057 Terentius
517 2028 597 2056 Istra
613 2030 733 2057 creatur
755 2031 879 2065 praetor,
905 2033 960 2065 39,

317 2075 366 2101 56.
385 2072 513 2100 sortitur
529 2071 713 2107 Sardiniam,
729 2075 782 2104 40,
801 2075 826 2100 1.
848 2072 959 2100 trium-

318 2116 361 2143 vir
379 2115 506 2143 coloniae
523 2114 685 2143 Graviscas
698 2115 896 2149 deducendae,
910 2119 962 2144 29.

274 2158 488 2190 1..'l¹erentius,
501 2157 618 2196 legatus
631 2158 667 2185 ad
682 2158 872 2186 Antiochum
888 2158 960 2186 mis-

318 2211 383 2237 sus,
400 2205 455 2235 33,
468 2204 519 2229 35.

276 2245 309 2273 1..
327 2243 492 2273 Terentius
520 2243 706 2278 Massiliota,
733 2242 828 2272 aedilis
851 2243 961 2281 plebis,

317 2291 371 2320 31,
389 2290 439 2315 50.

274 2331 308 2359 L.
324 2329 487 2358 Terentius
504 2328 681 2356 Massiliota
704 2331 826 2357 creatur
849 2332 962 2368 praetor

317 2377 349 2400 et
364 2372 493 2400 sortitur
509 2371 756 2406 Sardiniam,38,
773 2375 826 2400 42.
861 2372 961 2400 tribu-

319 2423 376 2443 uus
392 2414 542 2448 militum,
559 2418 613 2448 40,
627 2418 678 2442 35.

273 2458 305 2487 P.
321 2456 484 2486 Terentius
509 2456 764 2491 Tusciveicanus‚
789 2455 905 2490 legatus
928 2456 960 2485 in

318 2499 489 2538 Illyricum,
506 2501 560 2533 45,
582 2502 630 2528 17.

276 2544 314 2574 Q,
331 2544 509 2576 Terentius,
521 2542 652 2578 legatus.
670 2545 723 2575 21,
739 2543 789 2568 63.

276 2587 319 2617 Q.
335 2585 500 2615 Terentius
513 2583 633 2615 Culleo,
645 2587 780 2615 senator,
791 2584 870 2620 apud
886 2584 959 2611 Car-

316 2628 528 2667 thaginienses
539 2625 691 2664 captivus,
703 2626 851 2654 Romanis
861 2626 961 2654 reddi-

316 2677 378 2703 tur.
395 2675 450 2706 30,
467 2673 518 2698 43.
533 2667 615 2707 pileo
631 2668 722 2707 capiti
737 2669 897 2706 imposito,
913 2678 959 2697 se-

317 2719 406 2743 cutus
424 2717 470 2742 est
495 2712 671 2749 Scipionem
701 2711 960 2749 triumphantem,

317 2762 367 2785 4⁸2.
384 2759 517 2792 legatus,
539 2760 594 2790 33,
612 2759 664 2785 47.
690 2758 744 2790 42,
759 2757 811 2783 35.
835 2757 960 2791 praetor,

317 2800 445 2828 sortitur
465 2798 716 2835 jurisdictionem
754 2797 959 2836 peregrinam,

702 74 884 112 INDEX
913 74 971 110 IN
1003 73 1048 111 Τ.
1078 72 1218 110 L1VlI

1040 186 1092 216 38,
1108 186 1159 212 42.
1176 186 1204 211 et
1222 186 1270 211 55.
1287 181 1368 220 petit
1382 182 1591 218 consulatum,
1605 185 1684 214 frus-

1039 229 1099 260 tra,
1115 230 1169 260 39,
1186 229 1236 254 32.
1254 226 1373 263 legatus
1390 226 1426 254 ad
1443 227 1636 257 Masinissam
1654 234 1685 258 et

1040 268 1324 307 Carthaginienses,
1342 272 1396 304 42,
1409 272 1460 297 35.

999 310 1123 346 Terina,
1138 312 1209 340 urbs
1221 312 1429 348 Bruttiorum,
1443 315 1533 350 capta
1544 312 1582 341 ab
1592 313 1685 342 Alex-

1043 354 1138 382 andro
1153 355 1308 392 Epirensi,
1334 358 1364 388 8,
1381 359 1431 383 24.

1000 395 1191 433 Termessos,
1206 398 1291 433 urbs,
1314 401 1367 432 38,
1385 401 1433 425 15.

1000 438 1232 469 Termessenses
1259 443 1442 478 oppugnant.
1463 449 1560 468 arcem
1586 440 1685 470 Ision·

1044 482 1197 519 densium,
1214 487 1268 520 38,
1290 487 1337 512 15.
1353 484 1558 519 mulctantur,
1572 484 1646 513 ibid.

1001 525 1188 554 Termestini
1200 535 1271 564 pop.
1288 527 1462 564 Hispaniae,
1478 527 1561 564 Epit.
1579 530 1632 557 64.

1003 568 1191 597 Terminalia
1202 569 1292 605 festa,
1305 573 1360 604 43,
1380 573 1427 597 13.
1444 573 1496 603 45,
1511 573 1563 600 44.

1000 611 1165 640 Terminus
1181 612 1278 647 Deus,
1300 616 1325 644 1,
1343 616 1392 641 55.
1411 616 1442 649 5,
1458 617 1508 641 54.

1002 654 1140 683 Termini
1157 654 1275 687 fanum,
1295 658 1325 690 1,
1343 659 1392 684 55.

1003 697 1097 725 Terra
1114 697 1229 733 Mater,
1246 702 1276 734 8,
1292 700 1322 727 6.

1001 740 1097 769 Terra
1126 740 1236 778 Arpini
1252 740 1415 778 campestri
1442 749 1513 776 agro
1529 740 1562 769 iu
1579 740 1688 776 ingen-

1046 787 1108 811 tem
1125 784 1226 812 sinum
1240 784 1390 816 consedit,
1407 787 1461 818 30,
1478 786 1506 812 2.

1003 826 1099 854 Terra
1114 826 1240 854 Velitris
1255 826 1348 854 trium
1362 827 1504 863 jugerum
1521 825 1622 865 spatio
1636 826 1689 855 de-

1047 870 1140 905 sedit,
1154 869 1214 898 vid.
1230 870 1417 907 Prodigium.

1004 912 1106 940 Terrae
1129 916 1246 947 motus,
1281 912 1333 949 qui
1363 912 1529 941 multarum
1563 910 1687 940 urbium

1046 955 1145 983 Italiae
1161 964 1287 990 magnas
1311 960 1412 992 partes
1433 955 1612 993 prostravit,
1624 963 1689 982 non

1046 998 1275 1027 animadversus
1300 1007 1318 1026 a
1347 998 1570 1036 pugnantibus,
1590 1001 1643 1033 22,
1660 1001 1690 1026 5.

1045 1042 1107 1070 vld.
1123 1045 1153 1070 et
1166 1045 1221 1076 34,
1237 1045 1285 1070 55.
1304 1046 1356 1073 35.
1374 1045 1424 1070 40.
1439 1045 1491 1073 40,
1510 1045 1560 1070 58.

1003 1082 1115 1112 Terror
1131 1087 1302 1112 nocturnus
1318 1085 1437 1120 Romae,
1463 1088 1492 1113 8.
1510 1088 1560 1114 37.

1003 1127 1140 1159 Tesserae
1159 1131 1189 1159 7.
1206 1131 1256 1156 35.
1275 1131 1307 1162 9,
1325 1131 1375 1155 32.
1393 1127 1509 1166 vesperi
1526 1136 1579 1165 per
1590 1130 1691 1156 castra

1046 1170 1131 1204 data,
1144 1173 1197 1205 27,
1216 1172 1265 1198 46.
1284 1174 1400 1202 28,14.

1003 1212 1201 1241 Tefserarum
1218 1213 1319 1244 ludus.
1336 1216 1367 1244 4,
1389 1217 1435 1243 17.

1002 1255 1140 1284 Testudo
1156 1265 1172 1284 e
1185 1256 1282 1284 scutis
1296 1256 1446 1289 densatis,
1466 1259 1515 1288 10,
1531 1257 1643 1285 Ω9.41.
1660 1258 1690 1283 et

1044 1302 1094 1326 43.
1120 1302 1173 1332 31,
1187 1303 1237 1329 39.
1263 1303 1316 1332 34,
1333 1302 1384 1328 39.
1401 1299 1467 1336 ejus
1483 1301 1626 1326 accurata
1641 1298 1694 1326 de-

1044 1341 1182 1378 scriptio,
1196 1345 1250 1375 44,
1269 1345 1298 1372 9.

1001 1384 1199 1420 Testudines‚
1210 1384 1359 1413 machinae
1374 1383 1411 1412 ad
1425 1384 1689 1422 oppugnationem

1043 1427 1179 1457 urbium,
1198 1431 1228 1463 5,
1243 1431 1271 1456 5.

1000 1469 1693 1507 TestudiniassimilataPeloponnesuS,36,32.

1001 1512 1289 1547 Tetradrachmum,
1305 1517 1359 1548 34,
1374 1517 1427 1541 52.
1442 1516 1495 1546 37,
1510 1515 1563 1542 46.

1004 1555 1296 1594 Tetraphylia,urbs
1309 1556 1516 1589 Athamaniae,
1533 1559 1587 1591 88,
1604 1559 1630 1584 1.
1647 1555 1690 1585 ibi

1046 1599 1186 1628 custodia
1202 1599 1291 1637 regiae
1312 1599 1464 1637 pecuniae,
1476 1599 1549 1626 ibid.
1581 1598 1690 1628 Tetra-

1047 1642 1151 1680 phylia
1163 1642 1359 1680 expelluntur
1375 1642 1571 1675 Macedones,
1589 1641 1661 1670 ibid.

1003 1684 1098 1721 Teus,
1113 1685 1175 1713 sive
1191 1686 1282 1718 Teos,
1299 1685 1401 1713 insula
1412 1688 1443 1713 et
1458 1685 1618 1723 oppidum,
1634 1689 1689 1721 37,

1048 1732 1099 1758 27.
1114 1728 1196 1764 Teii,
1211 1733 1265 1763 37,
1286 1732 1334 1757 12.
1352 1733 1488 1757 oratores
1505 1728 1638 1756 mittunt
1652 1729 1689 1757 ad

1045 1771 1217 1806 Romanos,
1243 1775 1293 1799 28.
1324 1772 1460 1800 facturos
1484 1780 1515 1800 se
1541 1771 1693 1809 imperata

1045 1814 1243 1851 pollicentur,
1259 1813 1332 1843 ibid.

1002 1855 1163 1893 Teudcus,
1176 1857 1294 1894 legatus
1310 1856 1432 1891 Gentil,
1451 1860 1504 1889 44,
1518 1860 1570 1884 31.

1002 1898 1228 1933 Teutomalius,
1245 1909 1297 1928 rex
1308 1900 1526 1936 Salluviorum,
1541 1899 1624 1937 Epit.
1638 1902 1689 1928 61.

1003 1940 1152 1975 Teutoni,
1169 1951 1242 1981 pop.
1258 1942 1343 1980 Epit.
1360 1945 1413 1972 67.
1427 1944 1478 1971 68.

1001 1983 1182 2014 Thabusion
1199 1986 1372 2022 castellum,
1387 1989 1442 2016 38.
1463 1988 1511 2013 14.

1002 2027 1158 2065 Thapsus,
1170 2029 1242 2057 urbs
1257 2029 1381 2063 Africae,
1397 2032 1509 2062 29,30.
1527 2026 1626 2056 viil-ct
1635 2031 1689 2062 33,

1045 2074 1096 2098 48.

1003 2113 1155 2148 Thassus,
1172 2118 1225 2146 33.
1241 2117 1294 2143 30.
1309 2118 1338 2142 εἰ
1353 2117 1406 2142 35.

1003 2157 1173 2185 Thaumaci
1183 2157 1233 2185 ubi
1244 2157 1348 2192 siti,et
1357 2156 1437 2185 unde
1445 2155 1691 2194 appellati,32,4.

1003 2200 1199 2228 Thaumacos
1215 2200 1329 2229 frustra
1341 2202 1478 2228 tentatos
1494 2199 1605 2227 deserit
1618 2200 1690 2227 Phi-

1047 2242 1163 2280 lippus,
1181 2242 1251 2270 ibid.
1268 2243 1395 2280 capiunt
1409 2242 1555 2276 Romani,
1571 2244 1624 2275 36,
1641 2245 1689 2271 14.

1004 2285 1186 2314 Theatrum.
1203 2285 1378 2314 inTheatro
1394 2285 1494 2314 Graeci
1507 2285 1689 2314 concionem

1048 2328 1160 2356 habere
1170 2329 1283 2362 solent,
1300 2332 1352 2362 24,
1368 2331 1483 2362 39.33‚
1497 2331 1548 2356 28.

1005 2371 1173 2400 Theatrum
1186 2374 1217 2400 et
1228 2371 1422 2408 proscenium
1438 2371 1475 2399 ad
1488 2370 1583 2398 mdem
1595 2369 1690 2407 Apol-

1049 2415 1133 2446 linis,
1152 2417 1205 2447 4ο,
1224 2418 1274 2442 51.

1004 2456 1174 2485 Theatrum
1188 2456 1385 2494 magnificum
1395 2455 1503 2493 Tegeae
1514 2454 1691 2485 Antiochus

1047 2500 1226 2537 Epiphanes
1242 2499 1339 2527 facere
1354 2497 1507 2533 instituit,
1523 2501 1577 2532 41,
1594 2501 1646 2527 25.

1004 2541 1119 2570 Thebae
1135 2547 1228 2579 caput
1240 2541 1384 2577 Boeotiae,
1396 2544 1481 2576 33,1.
1493 2544 1544 2572 42.
1556 2544 1607 2568 44.
1618 2545 1692 2570 sunt

1045 2585 1077 2612 in
1092 2594 1205 2623 magno
1232 2584 1384 2619 tumultu,
1405 2583 1479 2613 ibid.
1503 2583 1694 2621 recipiuntur

1046 2635 1064 2655 a
1076 2628 1239 2661 Romanis,
1256 2629 1306 2655 63.
1319 2626 1496 2659 diruuntur,
1510 2630 1542 2660 9,
1563 2630 1610 2655 18.

1002 2669 1117 2698 Thebae
1135 2669 1330 2705 Phthioticae,
1354 2673 1406 2703 28,
1422 2673 1452 2699 7.
1476 2669 1540 2698 sive
1556 2669 1690 2706 Phthia,

1047 2715 1100 2748 39,
1117 2716 1168 2741 25.
1185 2712 1356 2750 aPhilippo
1372 2716 1483 2751 captae,
1504 2715 1556 2746 28,
1573 2717 1604 2742 7.
1625 2719 1691 2740 ma-

1046 2754 1183 2784 ritimum
1200 2756 1448 2795 emporium,39,
1462 2759 1513 2784 25.
1526 2755 1586 2785 vid.
1595 2759 1624 2784 et
1636 2759 1690 2790 32,

1047 2802 1100 2828 33.
1116 2802 1169 2834 33,
1184 2802 1214 2828 5.
