1816 3159
66 1707 171 1738 XXX.
187 1708 239 1738 45.

66 1750 230 1823 {KOXXIIL

64 1943 241 1975 Casaubon.

63 1987 103 2016 ad
121 1988 145 2017 F
147 1998 216 2029 rag-

64 2036 171 2060 menta.

66 2073 178 2113 Polyb.

64 2115 155 2147 Voss.
171 2116 209 2147 de

62 2157 148 2191 Hist.
163 2159 233 2190 Lat.

290 100 395 131 xxx
780 81 1248 131 PRAEFATIO.

288 223 351 270 de
376 222 629 270 Annibale
654 221 902 277 victori-iffi,
929 222 1149 287 ejusdem
1178 221 1423 285 Scipionis
1449 228 1498 269 et
1523 221 1747 270 Anniba-

286 300 349 348 lis
374 301 589 347 alternas
616 299 884 354 orationeS‚
910 315 1126 362 pugnam
1153 299 1216 346 ad
1245 299 1676 363 Cynoscephalas,
1696 306 1746 346 et

286 376 663 426 innumerabilia
699 376 812 431 alia,
839 394 950 440 quae
987 375 1243 439 sigillatim
1271 376 1503 440 persequi
1541 376 1743 439 longum

287 464 432 511 esset,
459 462 507 502 et
536 461 775 517 praeterea
810 469 1190 517 supervacuum,
1216 470 1369 518 quum
1405 452 1746 517 unusquisque

285 533 424 581 nullo
448 529 655 593 negotio
677 530 834 594 possit
857 547 918 578 ex
943 531 1199 595 utriusque
1226 530 1421 595 scriptis
1448 547 1550 578 rem
1577 547 1666 594 per
1690 548 1745 578 se

285 610 395 673 ipse
419 608 683 672 inspicere.
748 608 859 657 Nec
886 608 1095 656 dubium
1121 615 1212 664 est,
1231 607 1351 672 quin
1377 608 1589 670 plurima
1613 625 1640 654 a
1664 607 1747 655 Li-

283 687 365 735 vio
391 686 619 734 indidem
644 687 911 750 desumpta
933 703 1028 734 nos
1055 686 1170 734 ideo
1203 687 1392 741 fallant,
1420 687 1557 750 quod
1587 684 1742 747 Poly-

283 765 415 813 biani
451 765 614 828 operis
645 764 793 826 longe
831 763 1031 811 minima
1055 781 1169 827 pars
1206 764 1272 811 ad
1309 779 1404 811 nos
1440 762 1738 826 pervenerit.

282 844 436 892 Adeo
474 851 529 891 ut
564 859 679 891 vere
704 842 804 890 dici
830 842 989 906 possit
1013 841 1184 890 Livius
1209 858 1320 890 eam
1346 840 1510 905 operis
1535 839 1609 888 sui
1633 855 1743 902 par-

283 927 384 968 tem
409 938 519 985 quae
555 920 607 968 in
644 920 822 968 eodem
849 936 964 967 cum
992 919 1187 982 Polybii
1217 918 1426 966 historia
1451 922 1744 980 argumento

281 999 585 1053 versabatur,
609 1003 766 1045 totam
792 1013 919 1060 pene
944 1013 1005 1044 ex
1032 996 1146 1044 solo
1172 996 1257 1043 illo
1283 1002 1483 1043 auctore
1504 1002 1745 1043 contexu-

282 1074 396 1123 isse.
467 1074 592 1136 Ejus
619 1081 792 1121 tamen
826 1091 937 1122 raro
976 1074 1250 1122 admodum
1280 1073 1579 1122 mentionem
1607 1073 1744 1130 facit,

281 1170 376 1201 nec
414 1169 626 1216 usquam
662 1152 781 1211 fere,
811 1151 905 1199 nisi
940 1150 991 1198 in
1028 1151 1230 1198 minutis
1266 1151 1431 1210 rebus,
1464 1158 1514 1198 et
1548 1149 1632 1197 ubi
1658 1167 1742 1196 va-

283 1230 408 1277 riant
432 1236 690 1276 auctorum
715 1227 990 1276 sententiae.
1048 1227 1315 1291 Nusquam
1341 1228 1596 1290 profitetur
1619 1244 1673 1275 se
1697 1226 1741 1274 ei

281 1306 526 1370 permulta
562 1306 762 1366 debere,
787 1323 841 1353 se
876 1305 1031 1352 libros
1057 1305 1164 1366 ejus
1188 1305 1409 1368 integros
1435 1312 1637 1362 vertere,
1662 1305 1743 1353 iis-

281 1400 378 1448 que
405 1399 491 1446 pro
517 1382 621 1431 suis
646 1383 734 1431 uti.

347 1462 566 1509 Addunt
589 1461 813 1525 quidam,
839 1467 895 1508 ut
918 1459 1044 1508 Livii
1079 1476 1283 1507 causam
1314 1469 1535 1517 onerent,
1561 1460 1613 1508 id
1638 1477 1744 1508 om-

280 1539 418 1587 nium
445 1539 648 1587 minime
672 1538 934 1586 ferendum
969 1554 1094 1594 esse,
1122 1537 1261 1602 quod
1301 1536 1381 1585 ubi
1409 1537 1648 1599 Polybius
1675 1538 1739 1585 ab

283 1634 342 1665 eo
369 1617 868 1666 honorificentissime
893 1616 1185 1680 appellatur,
1212 1624 1415 1663 vocetur
1438 1623 1741 1664 tantummo-

284 1697 352 1743 do
379 1697 746 1760 haudquaquam
763 1697 1055 1759 sperneudus
1078 1702 1277 1753 auctor,·
1315 1701 1361 1741 et
1388 1693 1523 1753 alibi,
1547 1712 1642 1742 nou
1666 1696 1740 1742 κή-

282 1783 439 1823 certus
462 1784 646 1834 auctor,
670 1793 811 1839 quum
834 1776 1046 1821 omnium
1071 1773 1413 1820 Romanarum
1436 1789 1609 1828 rerum,
1641 1780 1741 1820 tum

274 1855 524 1917 proecefpue
547 1855 600 1901 iu
623 1854 823 1902 Groecz'a
839 1861 1107 1918 gestarum.
1168 1851 1269 1898 Sed
1296 1850 1480 1914 optime
1505 1867 1533 1897 a
1559 1850 1741 1897 doctis-

283 1930 417 1978 simis
435 1931 545 1979 viris
561 1931 826 1995 repositum
853 1937 930 1978 est
951 1932 1041 1978 has
1069 1929 1349 1977 locutiones
1373 1930 1740 1992 haudquaquam

280 2012 570 2072 spernendus
593 2017 775 2067 auctor,
800 2028 894 2058 uon
929 2011 1139 2057 incertus
1172 2015 1359 2065 auctor,
1384 2006 1737 2069 intelligendas

282 2103 394 2134 esse
413 2099 512 2136 κατὰ
529 2094 720 2147 λιτότητα,
741 2087 794 2134 id
819 2092 910 2143 est,
935 2086 1001 2134 ita
1025 2092 1079 2132 ut
1100 2085 1210 2149 plus
1231 2085 1386 2132 multo
1408 2084 1607 2132 valeant
1631 2100 1740 2131 sen-

280 2182 353 2221 su,
380 2182 530 2229 quam
554 2172 796 2228 quantum
823 2164 935 2228 ipsa
961 2180 1045 2227 per
1069 2180 1122 2210 se
1141 2162 1288 2210 verba
1314 2168 1520 2220 sonant3
1550 2169 1603 2208 ut
1627 2176 1737 2224 pro-

275 2243 395 2291 inde
428 2261 523 2291 non
556 2244 849 2305 spernendus
872 2250 1042 2289 auctor
1064 2240 1201 2287 idem
1236 2240 1298 2287 sit
1333 2256 1391 2287 ac
1409 2239 1736 2305 gravissimus

273 2328 458 2377 auctor,
483 2339 579 2369 uon
600 2322 811 2369 incertus
834 2319 969 2367 idem
995 2336 1053 2367 ac
1078 2320 1388 2367 certissimus.
1442 2316 1501 2364 Id
1527 2315 1734 2380 quidem

275 2398 680 2461 frequentissimo
712 2398 1015 2462 optimorum
1046 2397 1344 2460 scriptorum
1379 2411 1473 2442 usu
1508 2408 1734 2456 compro-

276 2476 448 2522 batum
491 2483 592 2522 est:
641 2484 689 2522 et
729 2475 965 2539 perfacile
1007 2474 1337 2523 consimilium
1387 2471 1732 2534 exemplorum

274 2554 449 2616 ingens
475 2553 745 2600 multitudo
784 2553 846 2600 ad
884 2551 1094 2615 legentis
1130 2551 1381 2598 fastidium
1414 2548 1494 2596 hic
1527 2547 1729 2610 congeri

275 2637 461 2691 posset.
531 2628 680 2676 Hanc
716 2646 832 2691 ergo
869 2629 1211 2677 defensionem
1234 2626 1445 2673 libenter
1474 2624 1731 2689 amplecti-

275 2724 399 2763 mur,
426 2716 474 2754 et
511 2706 738 2770 cupimus
775 2705 954 2768 ingrati
988 2705 1135 2753 animi
1169 2703 1505 2767 suspicionem
1533 2721 1561 2751 a
1586 2703 1730 2751 Livio

276 2792 446 2832 nostro
473 2783 679 2831 amoliri.
