1805 3174
546 89 1006 138 PRAEFATIO.
1379 93 1497 140 lxvii

47 243 196 290 opere
221 229 493 292 principem
523 244 626 277 non
652 237 788 278 tenet
812 231 1005 279 locum:
1043 235 1177 277 totus
1201 246 1263 277 ex
1289 238 1494 279 auctore

45 320 136 351 suo
163 307 362 368 pendet,
385 322 414 353 a
430 322 531 369 quo
555 323 810 370 nunquam
832 308 894 354 ad
923 324 975 354 se
996 307 1148 354 debet
1168 323 1379 355 avocare
1397 309 1493 356 lec-

44 387 216 430 torem.
286 383 543 447 Quidquid
586 401 688 431 non
732 384 850 432 facit
890 385 953 432 ad
999 384 1289 447 scriptorem
1326 401 1492 432 emen-

44 458 267 507 dandum
295 461 755 525 issustrandumque,
779 462 828 509 id
856 462 917 509 ab
944 462 1107 510 officio
1131 462 1405 526 interpretis
1433 481 1491 512 ac

43 551 244 585 munere
298 539 513 586 alienum
568 548 658 588 est.
745 540 928 604 Captet
977 541 1125 603 igitur
1175 541 1490 589 brevitatem:

40 631 193 678 quam
229 623 397 663 tamen
432 617 480 664 in
517 635 576 665 eo
616 618 830 680 positam
868 634 975 665 csse
1009 618 1274 678 intelligat,
1301 634 1402 666 non
1438 626 1494 666 ut

40 708 190 755 quam
217 693 530 756 paucissima,
557 696 645 742 sed
672 712 733 742 ne
759 711 1069 758 supervacua
1105 695 1348 752 dicantur,
1375 695 1490 744 vite-

39 778 216 833 turque
240 772 418 834 pariter
437 773 510 820 vel
530 773 750 832 nimium,
772 773 849 821 vel
870 790 1061 837 parum.
1132 773 1335 821 Frustra
1360 774 1490 822 enim

40 847 326 898 brevitatem
367 851 648 913 jactaverit,
693 853 780 917 qui
827 852 1112 900 necessaria
1159 851 1487 914 praetermisit.

40 925 230 974 Contra
253 928 338 991 qui
362 930 761 978 emendationem
787 929 1022 993 aliquam,
1048 928 1148 977 loci
1174 928 1392 976 difficilis
1417 928 1489 975 in-

38 1005 456 1067 terpretationem,
483 1006 664 1068 legum,
695 1007 1033 1054 institutorum
1068 1005 1489 1069 explanationem,

38 1082 354 1142 argumentis,
404 1083 646 1147 exemplis
692 1083 975 1144 firmaverit,
1020 1083 1061 1131 is
1115 1099 1218 1130 non
1267 1083 1490 1145 prolixus

37 1158 317 1217 habebitur,
345 1161 434 1208 sed
474 1166 739 1208 accuratus
774 1168 822 1208 et
854 1159 1091 1222 diligens3
1129 1159 1214 1222 qui
1250 1159 1491 1207 lectorem

37 1236 222 1283 docere
247 1237 431 1300 cupiat,
458 1253 558 1284 non
583 1237 832 1296 frustrari3
868 1237 953 1300 qui
979 1238 1113 1285 credi
1138 1236 1231 1284 sibi
1255 1253 1358 1285 non
1382 1254 1493 1301 pos-

36 1314 173 1372 tulet,
200 1315 286 1362 sed
315 1315 449 1362 velut
483 1331 647 1362 coram
669 1314 840 1375 judice
876 1313 1118 1361 arbitrove
1147 1313 1414 1377 disceptet,
1440 1323 1492 1363 ut

36 1390 199 1439 allatis
223 1391 468 1439 rationum
493 1390 756 1438 momentis
776 1397 827 1437 et
846 1407 1000 1437 causa
1018 1390 1220 1453 cognita
1239 1392 1489 1440 sententia

34 1470 232 1517 feratur.

101 1547 200 1594 Sed
223 1563 405 1610 magna
419 1547 499 1595 hic
519 1547 807 1594 adhibenda
825 1545 989 1593 cautio
1012 1552 1101 1601 est,
1121 1563 1199 1602 ne,
1221 1547 1343 1594 dum
1362 1548 1485 1595 futili
1501 1566 1702 1597 vitetambi-

32 1624 349 1687 indulgemus
380 1623 691 1688 loquacitati,
720 1629 805 1670 aut
827 1622 1026 1670 inanem
1064 1622 1357 1671 eruditionis
1381 1625 1485 1687 glo·
1498 1610 1704 1683 ξῇἳξζζῐζςῗξξζ

34 1701 211 1749 riolam
249 1717 572 1765 aucupamur,
614 1699 813 1747 inutiles
853 1700 1157 1763 easdemque
1194 1700 1482 1750 fastidiosas
1498 1696 1660 1726 mmmm·

33 1786 294 1829 nectamus
320 1795 514 1828 moras:
555 1795 655 1843 qua
680 1777 830 1841 culpa
852 1778 934 1826 vix
970 1778 1073 1825 ulla
1097 1778 1258 1839 major
1279 1778 1330 1826 in
1353 1779 1484 1840 ejus-

34 1858 171 1906 modi
207 1874 355 1922 opere
391 1857 586 1906 admitti
624 1863 806 1920 potest.
879 1855 1064 1904 Procul
1102 1872 1220 1919 ergo
1247 1857 1483 1905 verbosas

34 1936 487 1999 argumentationes
524 1945 573 1984 et
612 1934 925 1983 ambitiosam
973 1934 1216 1982 doctrinae
1263 1940 1480 1982 ostenta-

33 2014 219 2063 tionem
258 2015 554 2078 relegemus,
589 2029 885 2078 semperque
922 2011 1139 2061 auctoris
1177 2012 1337 2060 nostri
1374 2028 1480 2076 pre-

33 2106 226 2141 mamus
251 2093 477 2157 vestigia‚
503 2100 552 2141 et
587 2094 649 2141 ab
679 2092 743 2140 iis
776 2092 1044 2140 abscedere
1080 2090 1219 2138 nefas
1254 2107 1362 2138 esse
1390 2091 1480 2138 du-

34 2187 224 2220 camus.
1376 2212 1379 2214 .

99 2248 236 2297 Hinc
260 2247 639 2312 temperandum
662 2263 865 2311 quoque
890 2244 983 2293 erit
1002 2261 1030 2293 a
1047 2244 1334 2293 refellendis
1353 2244 1481 2308 prio·
1494 2263 1694 2293 Priorumin.

30 2340 139 2374 rum
163 2326 485 2389 interpretum
509 2323 771 2384 erroribus,
793 2321 890 2371 nisi
921 2322 1195 2386 periculum
1220 2321 1284 2370 sit
1305 2339 1370 2369 ne
1394 2311 1691 2379 αυῐζῖζξξξζῖξξο

32 2418 213 2467 magna
234 2401 498 2451 errantium
523 2401 807 2456 auctoritas,
827 2405 912 2448 aut
933 2400 1132 2449 fallacia
1148 2400 1368 2465 quidem,
1388 2402 1475 2450 sed
1490 2394 1622 2423 Meum·

34 2479 266 2543 speciosa
289 2486 456 2527 tamen
476 2485 525 2526 et
542 2476 823 2542 plausibilia
841 2483 1150 2540 argumenta,
1171 2478 1342 2527 multis
1365 2495 1477 2543 pos-

32 2557 129 2604 sint
166 2556 437 2620 imponere.
508 2552 751 2617 Alioquin
796 2553 858 2600 ab
903 2553 980 2602 his
1017 2555 1476 2604 concertationibus

32 2634 233 2682 omnino
279 2650 387 2681 esse
433 2632 787 2681 abstinendum
832 2630 1042 2680 videtur.
1138 2633 1248 2681 Has
1294 2633 1476 2696 quippe

30 2712 229 2760 minime
267 2711 516 2760 desiderat
556 2710 740 2759 utilitas
777 2710 1210 2774 commoditasque
1255 2709 1471 2766 lectoris,

31 2806 176 2852 quarn
205 2790 363 2837 solam
397 2789 571 2837 intueri
597 2789 748 2857 debet
781 2788 1037 2851 interpres.
1109 2787 1244 2840 Quid
1269 2788 1474 2850 prodest

766 2880 790 2906 E
814 2872 839 2906 2
