1831 3174
574 506 651 568 T.
700 505 801 568 LI
816 504 955 568 VII
1006 505 1264 570 PATA
1282 504 1500 569 VINI

792 662 1064 711 LIBER
1122 662 1288 710 XLI.

473 952 497 976 *-
613 951 637 975 ※
754 951 778 975 {4
894 950 919 975 ἐξ
1035 950 1059 975 ’ἓ
1175 951 1199 975 ἤέ
1315 950 1340 975 *
1456 951 1480 976 ³}
1595 951 1620 977 ἥρ

135 1063 224 1095 U.C.
237 1063 311 1094 574.
334 1050 380 1091 ¹a
398 1056 516 1106 patre
536 1047 578 1088 in
598 1062 698 1103 pace
717 1047 901 1088 habitam
933 1062 1124 1098 armasse,
1145 1062 1277 1103 eoque
1296 1047 1512 1104 juventuti
1538 1047 1753 1104 praedandi

133 1106 221 1138 A·C·
241 1107 309 1136 178.
333 1106 497 1163 cupidae
516 1112 736 1161 pergratus
756 1120 841 1145 esse
862 1103 1089 1145 dicebatur.

134 1176 278 1208 Istricum

132 1220 260 1251 bellum.

395 1165 429 1205 Ι.
455 1162 683 1204 Consilium
705 1161 756 1202 dc
780 1160 928 1202 Istrico
947 1161 1056 1202 bello
1076 1176 1208 1217 quum
1229 1161 1400 1203 haberet
1420 1160 1578 1212 consul,
1595 1161 1664 1203 alii
1684 1177 1754 1218 ge-

333 1221 509 1262 rendum
544 1219 767 1275 extemplo,
803 1227 1026 1274 antequam
1056 1219 1297 1260 contrahere
1331 1219 1469 1276 copias
1499 1218 1637 1260 hostes
1662 1234 1753 1275 pos-

326 1286 436 1328 sent,
458 1276 527 1318 alii
548 1276 847 1317 consulendum
868 1276 985 1331 prius
1015 1283 1202 1317 senatum
1233 1277 1464 1317 censebant.
1526 1275 1635 1317 Vicit
1666 1290 1755 1317 ser.-

328 1335 473 1385 tentia,
505 1349 601 1389 quae
631 1332 740 1374 diem
775 1348 857 1374 non
891 1332 1140 1389 proferebat.
1217 1333 1438 1375 Profectus
1473 1333 1525 1374 ab
1556 1332 1756 1389 Aquileia

329 1392 473 1433 consul
503 1398 638 1431 castra
676 1390 731 1431 ad
766 1390 903 1430 lacum
941 1389 1108 1430 Timavi
1146 1389 1306 1446 posuit;
1356 1390 1546 1442 (inminet
1581 1389 1685 1431 mari
1720 1389 1756 1430 is

332 1449 467 1503 lacus)
499 1446 644 1487 eodem
664 1447 807 1487 decem
826 1446 1004 1488 navibus
1026 1448 1073 1487 C.
1094 1446 1249 1488 Furius
1279 1446 1477 1488 duumvir
1504 1447 1662 1488 navalis
1690 1461 1758 1488 ve-

330 1505 405 1547 nit.
466 1503 686 1545 Adversus
717 1502 960 1560 Illyriorum
990 1503 1159 1544 classem
1189 1503 1315 1544 creati
1345 1503 1558 1545 duumviri
1592 1519 1668 1545 nav
1679 1502 1757 1545 ales

333 1569 466 1612 erant,
496 1559 592 1616 ²qui
622 1560 822 1602 tuendam
851 1559 1000 1616 viginti
1030 1560 1207 1601 navibus
1235 1560 1339 1600 mari
1376 1560 1587 1616 superiore
1618 1561 1757 1601 Anco-

335 1634 446 1669 nam,
477 1618 617 1658 veluta
651 1617 859 1658 cardinem
893 1617 1111 1658 haberent:
1148 1616 1246 1658 inde
1280 1617 1331 1657 L.
1356 1617 1574 1658 Cornelius
1608 1617 1758 1659 dextra

332 1676 457 1718 litora
476 1690 610 1731 usque
630 1674 685 1715 ad
716 1675 965 1724 Tarentum,
999 1674 1045 1715 C.
1065 1673 1220 1715 Furius
1249 1673 1354 1715 laeva
1384 1689 1517 1730 usque
1547 1673 1601 1715 ad
1622 1675 1648 1714 f
1666 1673 1758 1729 qui-

335 1732 459 1774 leiam
479 1739 681 1773 tueretur.
743 1732 820 1772 Eae
840 1746 965 1771 naves
994 1731 1049 1771 ad
1077 1730 1315 1787 proximum
1344 1738 1513 1795 portum
1548 1731 1591 1772 in
1622 1730 1759 1773 l÷triae

335 1790 437 1831 fines
457 1803 553 1830 cum
573 1788 769 1829 onerariis
798 1796 839 1830 et
868 1802 1020 1844 magno
1049 1796 1281 1829 commeatu
1310 1803 1462 1829 mlssae:
1508 1795 1759 1844 secutusque

336 1861 432 1887 cum
462 1845 694 1902 legionibus
724 1845 866 1887 consul
901 1845 1087 1901 quinque
1116 1845 1245 1886 ferme
1274 1845 1404 1886 millia
1432 1860 1457 1886 a
1485 1844 1589 1887 mari
1617 1844 1758 1902 posuit

338 1912 482 1945 castra.
545 1904 597 1943 In
618 1910 744 1959 portu
775 1902 1004 1959 emporium
1033 1902 1150 1943 brevi
1179 1902 1450 1959 perfrequens
1478 1902 1652 1953 factum,
1672 1917 1759 1943 om·-

338 1960 490 2016 niaque
532 1959 629 2001 hinc
673 1959 715 2000 in
749 1967 884 2001 castra
927 1959 1294 2016 subportabantur.
1325 1968 1382 2010 et,
1417 1975 1504 2016 quo
1537 1959 1581 2000 id
1625 1958 1760 2001 tutius

339 2017 471 2068 fieret,
494 2017 689 2058 stationes
718 2017 770 2058 ab
800 2015 992 2058 omnibus
1017 2024 1245 2058 castrorum
1275 2016 1466 2074 partibus
1495 2015 1761 2058 circumdatae

342 2083 456 2117 sunt:
497 2073 562 2115 ³in
599 2073 850 2129 Istriamque
881 2088 1003 2115 suum
1033 2073 1273 2130 praesidium
1304 2072 1517 2125 stativum,
1547 2072 1763 2130 repentina

891 2187 907 2204 ὅ
921 2185 1011 2215 velati
1026 2184 1124 2216 Gron.
1142 2184 1232 2216 Crev.

387 2284 402 2312 1
429 2283 455 2313 Α
469 2289 553 2322 patre
569 2285 599 2313 in
619 2294 689 2323 pace
713 2285 856 2325 habitam]
882 2284 1031 2325 Quinque
1072 2286 1151 2326 gintz'
1181 2285 1301 2315 navibus
1330 2286 1418 2315 maris
1449 2285 1556 2324 Superi
1585 2294 1642 2315 orae
1665 2284 1760 2314 Aneo-

343 2325 452 2356 horum
490 2326 635 2357 librorum
665 2327 839 2368 fragmenta
877 2337 946 2368 quae
976 2328 1031 2359 ha·
1075 2340 1144 2358 nam
1175 2329 1255 2358 velat
1284 2329 1433 2358 cardinem
1462 2329 1606 2359 haherent.
1671 2326 1722 2358 Sic
1737 2326 1760 2357 l.

349 2368 469 2403 bemus,
492 2368 611 2410 publici
629 2369 708 2410 juris
730 2369 805 2401 fecit
828 2370 933 2401 Simon
951 2370 1031 2413 Gry·
1077 2372 1147 2402 XL.
1171 2381 1199 2402 c.
1214 2372 1261 2401 18.
1294 2370 1378 2401 Inter
1408 2372 1578 2402 duumviros
1600 2371 1644 2400 ita
1669 2371 1762 2400 divisa

345 2421 433 2441 naeus
447 2411 479 2441 in
508 2411 661 2443 Helvetiis
689 2422 770 2443 anno
790 2414 882 2444 1531.
913 2419 1035 2455 reperta
1078 2416 1187 2445 tuenda
1215 2414 1295 2444 [lenis
1320 2415 1441 2444 navibus
1467 2415 1615 2444 maritima
1633 2424 1696 2449 ora,
1725 2418 1760 2443 ut

348 2453 432 2495 apud
446 2455 666 2485 monasten'um
683 2455 914 2491 Laurimenum,
937 2456 1031 2497 vulgo
1071 2458 1300 2496 promontorium
1328 2458 1364 2487 iis
1393 2456 1541 2487 Miner-vm
1565 2457 1645 2487 velut
1673 2457 1761 2487 cardo

347 2497 524 2533 Lorssense,
562 2508 579 2528 e
615 2497 739 2539 regione
787 2499 1030 2540 Borbetomagi:
1076 2501 1108 2529 in
1122 2501 1214 2531 medio
1229 2505 1308 2530 esset.

346 2549 404 2570 nec
442 2539 521 2570 alius
554 2546 662 2582 postea
695 2541 760 2572 erui
793 2542 893 2583 potuit
922 2541 1032 2578 codex,
1127 2544 1146 2573 3
1182 2542 1220 2572 Ιη
1248 2543 1420 2583 Istriamqae
1454 2541 1554 2582 suam]
1600 2539 1759 2572 Rescribit

348 2592 482 2624 quocum
508 2582 564 2614 illa
592 2582 814 2615 conferrentur.
873 2585 921 2615 Ex
947 2584 1032 2615 unici
1078 2585 1270 2617 Gronovius:
1316 2587 1349 2615 in
1387 2585 1506 2615 Istriam
1534 2595 1646 2615 versam
1674 2584 1759 2613 stati-

349 2624 442 2665 igitur
469 2625 553 2656 illius
582 2626 768 2669 exemplaris
797 2627 857 2658 fide
886 2627 1033 2670 descripti
1077 2639 1145 2658 vum
1167 2629 1347 2667 praesidium.
1405 2628 1568 2667 Repentina
1592 2627 1688 2657 cohors
1713 2625 1761 2657 vi-

351 2673 423 2699 sunt
437 2667 469 2698 hi
484 2667 563 2700 libri.
1078 2671 1167 2702 detur
1188 2671 1299 2712 exponi
1323 2670 1435 2701 debere
1451 2670 1558 2701 cohors
1574 2680 1611 2700 ex
1627 2679 1663 2700 eo
1678 2669 1760 2700 mili-

389 2711 409 2740 2
435 2710 496 2745 Qui
517 2712 654 2742 tuendam
682 2714 711 2743 υἱ
734 2714 790 2743 inti
817 2714 937 2743 navibus
958 2715 1035 2743 mari
1077 2719 1144 2744 tum
1166 2723 1289 2755 genere,
1313 2712 1366 2754 qui
1387 2714 1522 2747 subitarii.
1542 2712 1658 2754 passim
1672 2722 1692 2743 a
1707 2711 1759 2743 Li-

347 2754 492 2792 superiore
514 2754 679 2796 Anconam]
751 2766 811 2786 unc
839 2756 943 2787 locum
965 2755 1034 2787 feli·
1077 2756 1128 2787 vio
1149 2755 1358 2787 nominantur.
1410 2755 1461 2786 Sic
1480 2755 1561 2787 infra
1590 2766 1620 2786 c.
1635 2756 1686 2787 10.
1714 2765 1760 2786 re-

352 2794 429 2826 citer
454 2797 631 2828 emendavit
652 2798 716 2829 sive
741 2798 943 2833 Florebellus.
970 2798 1035 2829 sive
1074 2801 1212 2839 pentinus
1226 2805 1254 2830 et
1266 2799 1479 2830 tumultuarius
1493 2800 1644 2831 exercitus.

353 2838 508 2874 Muretus,
537 2839 595 2870 hoc
625 2840 733 2872 modo:
773 2843 821 2881 qni
849 2843 963 2873 mendae
990 2842 1033 2871 vi-
