1826 3149
316 113 392 146 210
686 146 687 149 ,
847 106 984 145 ΤΙΤΙ
1030 105 1200 143 LIVII

108 228 147 257 U,
164 229 199 257 c.
216 230 290 260 585.
322 231 404 268 sea,
418 218 509 258 duci
525 218 568 257 in
581 216 823 269 triumphum
838 216 1038 265 mavultis,
1056 215 1249 263 Quirites,
1263 218 1301 254 et
1314 213 1363 253 de
1373 211 1593 252 accessione
1601 210 1737 263 potius

110 270 151 301 A.
162 270 199 301 C.
220 272 291 303 167.
323 274 556 330 belli,2quam
570 275 618 315 de
630 273 744 322 bello,
753 273 1029 325 triumphari?
1050 273 1110 313 Et
1122 272 1296 326 legiones
1308 285 1357 311 ex
1365 268 1529 323 Illyrico
1540 269 1737 308 laureatae

323 332 455 373 urbem
472 331 645 379 inibunt,
659 336 698 370 et
713 329 878 370 navales
891 329 1025 370 socii?
1047 328 1326 369 Macedonica?
1336 328 1523 381 legiones,
1538 338 1608 365 suo
1619 323 1738 363 abro-

318 396 434 444 gato,
451 388 672 442 triumphos
690 387 845 427 alienos
862 386 1129 439 spectabunt?
1160 384 1194 410 39
1204 386 1315 433 Quid
1332 383 1478 425 deinde
1496 388 1579 422 tam
1595 381 1740 433 opimae

317 447 488 500 proedae,
510 451 593 486 tam
613 445 812 497 opulenta·
835 444 1015 484 victoria>
1032 443 1175 496 spoliis
1183 443 1268 496 fiet
1281 445 1302 482 ?
1338 440 1521 491 Quonam
1540 438 1740 479 abdentur

326 505 402 545 illa
428 509 488 543 tot
516 501 649 542 millia
677 514 890 551 armorum,
912 501 1096 542 detracta
1124 499 1354 553 corporibus
1383 498 1588 539 hostium?
1619 507 1675 534 an
1695 494 1741 534 in

329 560 617 601 Macedoniam
635 558 889 599 remittentur
902 561 924 598 Ρ
959 557 1050 607 Quo
1067 558 1187 612 signa
1211 570 1352 605 aurea,
1373 566 1611 602 marmorea,
1631 550 1746 616 ebur-

329 631 419 665 nea,
434 615 582 657 tabula:
592 616 734 668 pictae,
749 616 927 665 textilia,
941 621 1097 656 tantum
1112 615 1275 669 argenti
1293 613 1444 663 coelati,
1456 615 1612 652 tantum
1631 622 1741 657 aurz,

330 680 447 714 tanta
460 673 638 726 pecunia
659 672 775 727 regia
788 676 811 711 Ρ
843 672 911 713 An
930 678 1061 722 noctu,
1083 678 1285 726 tamquam
1287 671 1473 725 furtiva,
1486 669 1532 709 in
1551 666 1745 707 cerarium

330 729 686 784 deportabuntur?
722 730 832 777 Quid
863 730 969 770 illud
994 730 1257 783 spectaculum
1285 728 1512 775 maximum,
1543 723 1748 765 nobilissi-

331 803 414 829 mus
442 788 836 841 opulentissimusque
863 801 937 827 rea·
964 793 1117 841 captus,
1137 786 1207 826 ubi
1225 786 1370 827 victori
1390 784 1545 837 populo
1567 780 1747 823 ostende-

331 852 399 886 tur
413 848 434 884 ,Ρ
469 846 576 893 Quos
594 844 761 899 Syphax
779 858 852 885 rex
871 850 1023 896 captus,
1045 844 1214 885 accessio
1234 843 1388 884 Punici
1410 841 1518 888 belli,
1539 851 1748 880 concursus

316 902 485 957 jecerit,
500 903 689 955 plerique
702 902 961 942 meminimus.
1023 902 1194 942 Perseus
1212 915 1285 940 rex
1298 905 1451 952 captus,
1467 897 1690 949 Philippus
1707 899 1747 935 et

334 960 570 1000 Alexander
569 959 670 1012 filii
687 959 807 1012 regis,
821 964 940 999 tanta
960 959 1138 1007 nomina,
1154 957 1438 999 subtrahentur
1455 954 1637 995 civitatis
1656 965 1747 992 ocu-

333 1018 385 1058 lis
399 1020 420 1055 ,Ρ
463 1018 599 1069 Ipsum
635 1016 688 1056 L.
712 1015 917 1064 Paullum,
954 1015 1013 1056 bis
1047 1017 1253 1064 consulem,
1290 1014 1521 1054 domitorem
1559 1010 1746 1060 Graeciae,

333 1075 506 1114 omnium
526 1074 631 1113 oculi
649 1073 873 1126 conspicere
892 1072 1024 1113 urbem
1040 1087 1161 1113 curru
1181 1072 1469 1127 ingredientem
1489 1073 1621 1110 avent.
1680 1065 1751 1107 Aa

334 1132 406 1171 boc
420 1131 597 1185 jecimus
627 1131 834 1178 consulem,
856 1135 899 1170 ut
928 1130 1082 1178 bellum,
1110 1129 1144 1153 ⁹⁰
1149 1144 1228 1183 per
1255 1127 1564 1183 quadriennium
1592 1124 1751 1179 ingenti

335 1189 457 1228 etiam
469 1188 628 1240 pudore
644 1193 779 1227 nostro
793 1193 978 1237 tractum,
992 1188 1218 1240 perficeret.
1238 1186 1304 1227 cui
1321 1186 1465 1226 sortito
1478 1182 1748 1236 provinciam,

336 1246 403 1285 cni
414 1245 689 1297 proficiscenti
710 1244 1050 1297 proesagientibus
1071 1244 1220 1285 animis
1248 1243 1459 1292 victoriam
1487 1240 1751 1294 triumphum-

338 1317 412 1355 que
440 1301 737 1351 destinavimus,
757 1302 796 1341 ei
825 1302 970 1341 victori
998 1302 1239 1354 triumphum
1269 1300 1459 1353 negaturi
1472 1301 1493 1337 Ρ
1524 1304 1563 1338 et
1592 1298 1751 1351 quidem

339 1373 417 1398 non
443 1359 618 1398 homines
646 1364 816 1407 tantum,
837 1359 906 1399 sed
926 1359 1037 1398 Deos
1056 1359 1178 1398 etiam
1204 1372 1273 1399 suo
1302 1358 1452 1397 honore
1462 1355 1751 1409 fraudaturi?

342 1416 440 1456 Diis
470 1429 621 1469 quoquc
649 1416 768 1464 enim,
798 1428 877 1455 non
909 1416 1033 1455 solum
1061 1414 1343 1462 9¹hominibus,
1366 1413 1541 1453 debetur.
1609 1412 1751 1453 Utrum

338 1472 508 1527 majores
528 1473 650 1513 vestri
668 1473 839 1513 omnium
861 1486 1095 1526 magnarum
1116 1487 1246 1513 rerum
1267 1478 1305 1512 et
1317 1471 1534 1524 principia
1549 1471 1683 1511 exorsi
1701 1470 1754 1511 ab

341 1531 441 1571 Diis
455 1536 559 1578 sunt,
581 1528 615 1553 9‘2
623 1534 660 1569 et
663 1530 794 1581 finem
810 1544 894 1569 eum
909 1533 1163 1570 statuerunt?
1190 1530 1349 1578 Consul,
1359 1528 1628 1581 proficiscens,
1638 1541 1752 1580 prce-

338 1594 462 1636 torve,
477 1586 511 1610 ⁹³
516 1587 732 1639 paludatis
746 1587 966 1636 lictoribus,
983 1587 1026 1627 in
1033 1588 1288 1639 provinciam
1305 1592 1343 1626 et
1357 1587 1415 1626 ad
1432 1586 1588 1637 bellum,
1601 1591 1694 1626 vota
1708 1586 1753 1626 in

342 1644 550 1697 Capitolio
564 1649 788 1696 nuncupat.-
820 1645 959 1692 victor,
973 1650 1213 1696 perpetrato
1226 1644 1370 1692 eodem,
1390 1644 1434 1683 in
1452 1643 1662 1696 Capitolio
1679 1643 1754 1683 tri-

340 1702 534 1754 umphans
554 1701 611 1740 ad
629 1701 778 1741 eosdem
793 1702 917 1749 Deos,
937 1701 1078 1754 quibus
1097 1707 1190 1741 vota
1205 1701 1465 1753 nuncupavit,
1481 1700 1626 1740 merita
1646 1700 1754 1740 dona

332 1759 481 1811 populi
494 1758 670 1798 Romani
689 1758 881 1798 traducit.
895 1772 999 1810 pars
1019 1771 1098 1797 non
1118 1758 1284 1798 minima
1298 1757 1496 1810 triumphi
1507 1762 1565 1797 est
1583 1757 1756 1797 victimae

334 1816 627 1868 praecedente&
660 1820 704 1854 ut
733 1815 948 1867 adpareat,
971 1816 1072 1855 Diis
1096 1821 1237 1869 grates
1266 1820 1444 1868 agentem
1475 1814 1755 1866 imperatorem

341 1872 389 1912 ob
420 1871 696 1924 rempublicam
729 1871 825 1912 bene
855 1878 1010 1926 gestam
1045 1873 1192 1912 redire.
1255 1872 1397 1912 Omnes
1431 1872 1526 1911 illas
1560 1871 1756 1920 victimas,

341 1929 373 1953 ⁰¹
386 1943 484 1983 quas
503 1929 772 1969 traducendas
793 1929 836 1969 in
856 1930 1057 1982 triumpho
1081 1929 1317 1977 vindicavit,
1338 1929 1446 1968 alias
1465 1928 1550 1968 alio
1570 1929 1757 1978 coedente,

342 1993 528 2026 mactate.
549 1986 645 2026 illas
665 1986 819 2039 quidem
841 1988 980 2038 epulas
999 1993 1171 2035 senatus,
1193 1999 1281 2039 qua:
1300 1999 1371 2025 nec
1385 1986 1553 2037 privato
1572 1985 1669 2034 loco,
1687 1999 1758 2025 nec

334 2043 500 2096 publico
526 2043 717 2096 profano,
739 2044 809 2083 scd
837 2044 880 2083 in
906 2044 1112 2096 Capitolio
1140 2045 1323 2091 eduntur,
1350 2041 1384 2066 9⁵
1396 2048 1527 2082 utrum
1558 2041 1758 2083 hominum

343 2101 563 2152 voluptatis
577 2114 730 2150 caussa,
747 2113 800 2139 an
820 2101 998 2140 Deorum
1014 2101 1302 2154 hominumque,
1317 2105 1478 2139 auctore
1500 2098 1584 2138 Ser.
1602 2097 1757 2149 Galba,

343 2156 548 2196 turbalnri
567 2157 695 2197 estis?
729 2156 780 2196 L.
806 2158 950 2197 Paulli
977 2158 1179 2209 triumpho
1201 2163 1338 2210 porta:
1362 2157 1634 2196 claudentur?
1665 2157 1759 2196 Reiz*

347 2214 613 2253 Macedonum
647 2215 818 2255 Perseus
852 2228 936 2255 cnm
971 2214 1109 2256 liberis
1143 2221 1180 2255 et
1219 2213 1338 2255 turba
1372 2214 1460 2253 alia
1493 2213 1757 2265 captivorum,

395 2314 437 2343 89
470 2313 550 2347 Quid
576 2314 679 2343 deinde
702 2320 760 2343 tam
789 2316 889 2353 opima>
914 2316 1028 2353 prada,
1074 2313 1259 2349 Gronovius,
1294 2314 1453 2353 paludatus
1493 2323 1560 2342 cum
1600 2312 1756 2342 lictoribus.

349 2362 408 2384 tum
428 2357 570 2395 opulento?
589 2358 716 2386 victoria?
733 2358 828 2395 spoliis
840 2357 897 2397 fiet
906 2358 933 2398 ?]
957 2357 1028 2387 Me·
1074 2357 1149 2387 Vid.
1165 2362 1226 2386 not.
1244 2357 1294 2387 46.
1309 2356 1349 2387 ad
1365 2356 1387 2386 l.
1403 2355 1490 2386 XLI.
1506 2365 1535 2385 c.
1552 2355 1599 2384 10.

348 2397 405 2427 rito
449 2397 585 2429 rescribit
627 2399 801 2429 Gronovius
843 2406 902 2429 tum,
936 2401 1029 2438 opima
1115 2400 1156 2430 94
1196 2398 1276 2433 Quas
1310 2399 1503 2428 traducendas
1536 2398 1569 2426 in
1603 2397 1759 2435 triumpho,

347 2441 465 2478 proeda:
488 2440 641 2480 quomodo
666 2446 696 2471 et
724 2440 809 2471 dedit
833 2442 975 2483 Sigonius
997 2442 1028 2472 in
1071 2442 1247 2482 vindicavit]
1281 2441 1402 2471 Vitium
1426 2438 1631 2470 manifestum.
1677 2438 1756 2470 Gro-

350 2482 483 2512 editione
499 2482 600 2516 tertia,
616 2488 693 2513 teste
714 2483 861 2515 Hearnio.
1076 2484 1183 2515 novius
1217 2484 1383 2525 legendum
1423 2487 1523 2523 putat,
1550 2492 1620 2522 quas
1655 2483 1758 2511 tradu-

393 2525 435 2555 90
461 2525 518 2555 Per
539 2526 779 2567 quadriennium]
815 2528 883 2557 Imo
903 2538 956 2565 per
978 2529 1031 2557 tri-
1075 2529 1179 2557 vendas
1200 2529 1231 2556 in
1253 2526 1398 2565 triumpho
1420 2525 1540 2555 locavit.-
1567 2523 1643 2555 satis
1663 2524 1758 2561 belle,

351 2570 482 2598 eunium.
527 2567 599 2597 vid.
616 2573 678 2597 not.
694 2569 725 2598 7.
738 2569 777 2599 ad
793 2579 821 2600 c.
834 2571 886 2599 41.
902 2569 992 2600 infra.
1052 2569 1101 2599 „si
1131 2568 1222 2599 modo
1246 2568 1435 2608 intelligatur
1461 2566 1591 2598 Paullus
1619 2566 1758 2598 victimas

401 2611 437 2640 91
476 2609 646 2640 Hmniuibus
667 2611 794 2641 debetur.
843 2611 951 2642 Uti-mn
971 2624 1033 2642 ma-
1076 2622 1138 2642 non
1166 2610 1257 2641 modo
1284 2609 1490 2642 traducendas
1525 2610 1557 2641 in
1592 2608 1757 2651 triumpho,

343 2653 439 2693 jures]
463 2652 567 2682 Scribe
582 2663 653 2683 cum
670 2652 824 2684 Gronovio
841 2665 847 2682 :
875 2654 941 2684 Diis
963 2666 1031 2694 quo·
1074 2653 1128 2685 sed
1141 2659 1172 2684 et
1186 2653 1369 2695 praebendas
1378 2652 1505 2684 locasse.

351 2706 405 2734 que
431 2696 518 2731 euim,
541 2707 598 2725 non,
616 2695 706 2725 solum
733 2697 890 2726 hominibus
915 2697 1033 2727 debetur
1130 2696 1173 2727 95
1205 2696 1313 2726 Utrum
1335 2696 1481 2726 hominum
1508 2696 1663 2734 voluptatis
1686 2705 1757 2725 caa-

354 2738 528 2776 triumphus.
574 2738 700 2776 Mujores
710 2740 806 2768 vestri.
1075 2751 1118 2773 sa,
1141 2750 1178 2768 an
1201 2740 1319 2768 deorum
1341 2738 1556 2778 hominumque]
1594 2738 1666 2768 Non
1693 2736 1760 2767 haec

395 2781 436 2809 92
462 2781 499 2809 Et
519 2784 613 2820 finem
635 2792 700 2810 eum
722 2782 905 2822 statuerunt]
936 2782 1032 2812 Nem·
1077 2781 1194 2811 sincera
1208 2781 1294 2811 nobis
1308 2780 1460 2812 videntur.
1503 2781 1642 2811 Fortasse
1656 2779 1757 2820 legere

353 2832 390 2863 pe
405 2822 488 2853 deos.
1078 2823 1249 2865 possimus:
1305 2836 1361 2853 mm,
1411 2825 1557 2854 hominum.
1606 2822 1761 2862 voluptatis

406 2865 446 2894 03
481 2867 640 2897 PulzuIalis
677 2866 837 2907 lictoribus]
884 2865 1034 2898 Emendat
1080 2878 1176 2903 causo,
1193 2868 1238 2898 scd
1253 2869 1367 2898 deorum
1384 2867 1504 2897 honoris.
