1805 3174
564 72 1015 120 PRAEFATIO.
1428 69 1507 117 xci

65 221 116 263 et
154 214 420 277 genuinum
460 212 669 259 nitorem
707 228 956 275 expressa,
994 209 1244 265 abstersis,
1269 217 1506 272 quantum

64 293 164 340 fieri
184 300 368 356 posset,
394 290 599 338 maculis
626 291 874 346 omnibus,
897 288 1110 337 historiae
1139 289 1381 336 Romanae
1408 288 1507 334 clli-

63 371 167 433 gies
193 371 523 418 exhiberetur.

130 448 301 511 Ipsum
322 455 489 494 tamen
508 445 901 494 Freinshemiani
928 445 1086 509 operis
1112 452 1300 492 textum
1327 443 1504 489 nostris
1519 458 1681 495 Appumm

63 525 477 588 castigationibus
508 526 762 587 refingere,
792 532 841 571 et
873 525 920 570 iu
953 523 1113 571 aliena
1146 529 1337 570 tantum
1361 501 1706 571 nobisliiii'issfnqm

55 602 181 664 juris
224 618 466 664 arrogare,
514 617 617 648 non
653 600 807 648 nostri
848 600 1052 663 pudoris
1077 607 1210 647 erat:
1250 598 1343 645 nisi
1367 599 1504 661 quod

63 680 154 741 bis,
178 680 252 727 vel
278 695 525 727 summum
562 686 651 739 ter,
676 678 758 726 ubi
792 678 859 725 ita
895 678 1186 741 perspicuus
1221 683 1327 724 erat
1360 692 1507 735 error,

66 764 119 804 ut
142 757 281 805 nullo
319 757 484 805 colore
510 757 730 812 defendi,
758 756 826 804 ita
853 756 1107 811 molestus,
1134 762 1189 802 ut
1213 754 1351 802 nullo
1387 754 1506 801 tole-

62 834 156 881 rari
181 835 334 882 modo
356 840 539 897 posset,
566 833 617 880 in
641 839 932 881 contextum
958 832 1005 880 id
1034 831 1341 887 immisimus,
1369 831 1504 894 quod

70 918 248 959 auctor
283 912 403 974 ipse,
430 910 471 957 si
496 909 740 973 potuisset
776 909 1045 966 admoneri,
1072 910 1304 973 scriptum
1333 908 1512 956 voluis-

66 997 155 1039 set.
225 989 325 1036 Sed
353 994 456 1035 tum
482 1002 681 1051 quoque
707 986 945 1034 lectorem
971 986 1262 1033 edocuimus
1287 986 1335 1033 in
1360 986 1506 1040 notia

65 1067 183 1129 quid
209 1065 419 1114 licentiae
457 1080 777 1112 sumeremus.
851 1064 1093 1111 Praeterea
1120 1064 1371 1118 omissam,
1398 1080 1507 1126 pro-

64 1145 198 1192 fecto
241 1160 329 1207 per
365 1141 665 1189 oblivionem
707 1140 983 1201 scribentis,
1008 1140 1131 1187 libro
1156 1140 1378 1188 CXXII.
1406 1157 1507 1187 rem

64 1221 340 1269 admodum
357 1219 542 1268 claram
561 1226 610 1266 et
631 1217 886 1276 illustrem,
907 1235 1084 1282 nempe
1110 1217 1393 1265 Hortensia}
1420 1235 1508 1281 pro

63 1299 301 1348 matronis
339 1298 401 1346 ad
439 1296 698 1344 Tresviros
734 1296 1003 1360 querelam,
1031 1313 1123 1344 suo
1155 1296 1271 1343 loco
1305 1294 1510 1342 inserui-

66 1394 192 1427 muS.

148 1454 207 1502 In
234 1455 413 1503 ceteris
438 1473 547 1505 earn
572 1457 725 1504 fidem
750 1452 1076 1518 praestitimus,
1101 1457 1155 1498 ut
1179 1450 1362 1497 menda
1386 1466 1560 1514 quo-Et
1576 1466 1706 1495 mendo-

1519 1519 1555 1538 ru
1561 1518 1589 1537 m
1597 1519 1614 1546 q
1620 1518 1723 1546 uoque

65 1550 163 1597 que
187 1533 273 1580 illa
296 1551 406 1597 quae
432 1535 494 1582 ab
521 1533 687 1597 operis
712 1539 797 1579 aut
822 1530 1042 1594 profecta
1066 1533 1218 1582 erant,
1254 1532 1339 1573 aut
1363 1527 1507 1589 profi·
1522 1551 1724 1590 typographi,

67 1610 189 1658 cisci
214 1611 434 1673 potuisse
474 1611 786 1665 videbantur,
813 1608 854 1656 si
877 1625 935 1656 ea
958 1607 1009 1654 in
1034 1605 1262 1653 omnibus
1286 1594 1723 1666 editioni-{ffiffssfffflndi'

67 1687 160 1734 bus
199 1688 542 1751 reperirentur,
584 1704 686 1735 non
734 1683 1111 1733 sustinuerimus
1147 1682 1215 1730 ita
1257 1681 1509 1729 eliminare

67 1779 156 1826 pro
192 1763 414 1826 imperio,
452 1772 506 1812 ut
538 1764 727 1812 nullam
762 1762 963 1810 omnino
998 1776 1169 1808 eorum
1206 1759 1510 1807 mentionem

68 1842 357 1889 faceremus.
418 1841 678 1889 Indiculos
701 1838 1024 1893 confecimus,
1051 1837 1101 1884 in
1124 1836 1303 1900 quibus
1328 1835 1512 1884 vitiosae

69 1918 166 1965 illae
198 1918 438 1967 lectiones
470 1926 521 1966 et
553 1917 931 1967 emendationes
971 1921 1151 1962 nostrae
1181 1914 1511 1961 exadversum

68 1995 324 2044 collocatae
366 1997 738 2044 exhiberentur:
776 2011 877 2043 non
918 2010 1003 2058 per
1044 1991 1280 2056 puerilem
1323 1998 1373 2038 et
1414 1991 1515 2038 irri-

70 2073 289 2120 dendam
315 2075 620 2137 superiorum
656 2073 931 2121 editionum
968 2070 1395 2125 obtrectationem,
1422 2069 1513 2115 sed

69 2150 187 2212 quia
218 2150 367 2197 fidem
394 2150 471 2197 vel
497 2149 842 2213 superstitiose
867 2147 1022 2195 vereri
1054 2146 1337 2203 maluimus,
1364 2162 1516 2210 quam

72 2226 224 2274 videri
250 2227 351 2274 ulla
374 2228 425 2275 in
450 2244 499 2275 re
524 2244 696 2292 parum
723 2227 986 2289 diligenter
1009 2225 1239 2273 coluisse.

137 2304 445 2368 Scriptorum
487 2306 536 2352 in
577 2321 662 2352 ora
697 2302 932 2352 editionis
959 2301 1252 2350 Parisiensis
1278 2300 1514 2362 allegato·
1528 2315 1727 2344 Testimonia

1527 2363 1692 2386 auctorum

70 2399 177 2429 rum
217 2381 501 2430 testimonia
540 2397 690 2446 quam
728 2380 903 2428 misere
940 2378 1007 2426 ibi
1039 2385 1250 2426 tractata
1274 2377 1386 2433 sint,
1410 2393 1512 2424 cre·
1526 2401 1693 2429 abermri-

72 2460 160 2507 dat
217 2460 373 2507 lector
421 2459 630 2515 Clerico,
672 2458 757 2522 qui
804 2458 934 2505 hanc
981 2455 1070 2503 sibi
1119 2471 1219 2504 non
1267 2444 1730 2514 miniiiiainffesrssssffigus

73 2553 290 2593 causam,
327 2554 414 2585 cur
453 2537 536 2584 illa
569 2536 831 2592 omitteret,
857 2534 1009 2582 fuisse
1045 2535 1321 2597 profitetur.
1399 2529 1706 2599 Tokffffiffiadta‘

71 2612 245 2676 inquit,
282 2623 394 2662 sum
432 2616 601 2662 menda
638 2615 691 2660 in
727 2615 1018 2676 scriptormn
1056 2609 1344 2662 nominibus,
1370 2608 1422 2653 in
1458 2606 1516 2651 lz'-
1529 2611 1599 2641 Liv-

74 2689 188 2746 bris,
226 2691 536 2752 capitibusve,
572 2707 676 2754 quoe
701 2691 995 2744 indicantur,
1020 2697 1065 2736 et
1087 2689 1206 2734 adeo
1229 2686 1388 2732 alieno
1413 2683 1515 2731 loco

71 2782 194 2830 αςαῬε
215 2767 437 2829 adposita
446 2767 669 2827 suerunt,
698 2775 749 2814 ut
787 2767 947 2813 omnia
981 2766 1048 2812 acl
1081 2781 1167 2810 sua
1191 2764 1296 2810 loca
1321 2760 1515 2823 referre,
1570 2789 1572 2791 >
