1831 3194
462 118 717 157 LIBROR.
759 116 1037 155 DEI'ERD.
1380 123 1456 158 223

24 228 175 283 facere
194 230 416 278 voluerunt,
437 227 666 270 Masinissa
686 241 802 282 agro,
822 228 871 268 de
891 241 968 281 quo
990 227 1044 269 Iis
1062 232 1168 278 erat,
1186 227 1361 269 cedente.
1391 230 1465 270 sed

47 285 191 340 Gisgo,
213 286 472 327 Hamilcaris
488 285 622 339 filius,
643 283 757 324 lzomo
785 285 1008 334 seditiosus,
1030 285 1102 338 qui
1128 289 1223 325 tunc
1248 286 1294 325 in
1312 287 1464 339 magis-

44 349 159 383 tratu
176 349 278 393 erat,
300 357 416 397 quum
444 347 605 383 senatus
624 342 858 394 pariturum
878 341 1096 395 sejudicio
1114 342 1262 395 legatis
1280 342 1464 393 divisset,

44 400 107 440 ita
127 400 267 441 bellum
296 401 485 441 adversus
504 400 710 441 Romanos
735 400 940 440 suadendo
969 399 1199 448 concitavit,
1221 405 1266 440 ut
1293 400 1461 454 legatos,

44 471 122 510 quo
142 458 271 499 minus
291 458 555 506 violarentur,
560 456 676 511 fuga
696 457 947 510 explicuerit.
995 457 1048 496 Id
1065 457 1316 507 nunciantes,
1338 457 1464 512 infes-

44 520 127 555 tum
133 513 228 569 jam
242 520 421 556 senatum
437 514 864 568 Karthaginiensibus,
883 513 1130 568 infestiorem
1130 513 1337 569 ficerunt.
1396 515 1464 556 M.

48 573 219 614 Porcius
255 573 358 613 Cato
372 572 483 627 filii,
516 572 561 612 in
583 577 773 624 praetura
806 571 967 619 mortui,
983 571 1118 625 funus
1151 571 1390 621 tenuissimo,
1421 577 1466 612 ut

47 629 191 678 valuit,
227 628 361 682 (⁷nam
387 643 551 683 pauper
581 628 689 680 erat)
722 634 852 669 sumtu
868 628 994 683 fecit.
1051 629 1286 678 Andriscus,
1322 630 1393 684 qui
1425 643 1467 670 se

50 687 195 728 Persei
201 687 351 740 filium,
364 688 473 742 regis
487 686 686 741 quondam
702 687 759 729 M
757 686 975 734 acedonice,
990 686 1149 740 ingenti
1162 687 1468 728 adseveratione

45 744 296 793 mentiretur,
317 744 490 785 Romam
515 744 667 785 missus.
726 743 794 786 M.
816 743 1015 784 AEmilius
1035 743 1228 796 Lepidus,
1249 745 1322 798 qui
1341 744 1466 797 prin-

45 814 136 854 ceps
163 807 326 843 senatus
350 800 427 842 ⁸ab
455 802 580 843 sextis
593 800 688 854 jam
716 800 943 842 censoribus
969 806 1061 841 erat
1093 801 1228 850 lectus,
1250 807 1467 856 antequam

47 859 290 913 exspiraret,
302 860 502 913 praecepit
502 859 631 912 filiis,
652 859 753 899 lecto
771 872 812 899 se
831 863 961 899 strato
979 858 1067 898 sine
1084 859 1236 907 linteis,
1256 859 1344 899 sine
1362 872 1467 912 pur-

41 929 152 968 pura
176 916 386 972 effi’rrent3
417 917 462 957 in
490 916 688 970 reliquum
699 915 837 968 funus
855 915 929 955 ⁹ne
939 916 1049 968 plus,
1071 930 1190 970 quam
1214 916 1311 957 ceris
1329 916 1466 968 denos,

47 979 339 1014 consumerent.-
368 974 590 1028 imaginum
612 973 755 1026 specie,
777 986 859 1013 non
886 972 1089 1022 sumtibus,
1111 972 1329 1015 nobilitari
1356 988 1468 1028 mag-

48 1044 188 1071 norum
208 1031 384 1071 virorum
391 1031 555 1085 funera
573 1031 711 1071 solere.
771 1030 841 1070 De
859 1030 1058 1081 veneficiis
1074 1031 1298 1084 quaesitum.
1360 1031 1469 1071 Pub-

48 1087 149 1127 licia
179 1093 217 1128 et
241 1087 424 1137 Licinia,
448 1087 600 1128 nobiles
610 1087 802 1141 feminee,
830 1100 920 1141 quce
948 1086 1096 1128 ¹⁰viros
1123 1100 1213 1128 suos
1240 1088 1469 1130 consulares

48 1158 207 1186 necasse
227 1144 579 1194 insimulabantur,
601 1145 766 1199 cognita
785 1157 940 1193 caussa,
963 1142 1117 1198 nquum
1129 1145 1310 1197 praetori
1327 1158 1409 1198 pro
1427 1159 1470 1186 se

48 1202 168 1243 vades
191 1202 406 1252 dedissent,
427 1208 684 1257 cognatorum
708 1202 867 1242 decreto
892 1207 1047 1242 necatoe
1072 1207 1178 1242 sunt.
1236 1200 1469 1253 ”Gulussch

50 1259 424 1314 Masinisscefilius,
441 1259 714 1307 denunciavit,
731 1259 993 1313 Karthagine
1011 1259 1182 1300 delectus
1201 1260 1286 1314 agi,
1307 1260 1470 1300 classem

48 1318 293 1370 comparari,
315 1323 354 1358 et
383 1317 496 1357 baud
512 1317 673 1357 dubium
702 1316 844 1357 bellum
873 1317 991 1357 strui.
1053 1317 1179 1365 Quum
1203 1317 1306 1358 Cato
1325 1317 1470 1358 suade-

47 1379 124 1423 ret,
146 1380 190 1414 ut
210 1375 263 1415 iis
281 1374 423 1415 bellum
439 1375 699 1423 indiceretur,
724 1374 778 1416 P.
793 1374 985 1416 Cornelio
1000 1372 1157 1414 Nasica
1177 1374 1347 1423 dicente,
1364 1374 1472 1414 nihil

48 1437 192 1471 temere
197 1432 460 1485 faciundum,
475 1432 648 1485 placuit,
669 1432 798 1471 decem
822 1431 931 1471 mitti
948 1431 1103 1484 legatos
1118 1431 1381 1483 exploratum.
1412 1431 1468 1472 L.

50 1488 241 1529 Licinius
269 1489 476 1538 Lucullus,
505 1488 557 1530 A.
578 1488 809 1529 Postumius
839 1487 1012 1528 Albinus
1040 1488 1229 1536 consules,
1255 1502 1371 1542 quum
1401 1488 1470 1528 de-

48 1546 188 1586 lectum
221 1560 354 1586 severe
381 1551 565 1600 agerent,
593 1559 664 1586 nec
684 1558 926 1610 quemquam
952 1545 1099 1599 gratia
1132 1545 1396 1594 dimitterent,
1418 1545 1470 1586 ab

49 1603 224 1644 tribunis
246 1602 393 1656 plebis,
415 1603 486 1657 qui
505 1616 589 1656 pro
607 1602 749 1643 amicis
767 1615 850 1643 suis
878 1601 1123 1642 vacationem
1151 1603 1370 1655 impetrare
1389 1616 1470 1643 non

43 1666 253 1713 poterant,
276 1661 320 1700 in
345 1674 543 1700 carmem
569 1658 738 1713 conjecti
766 1664 874 1700 sunt.
937 1657 1067 1706 Quum
1087 1659 1371 1712 Hispaniense
1390 1657 1470 1700 bel-

49 1718 142 1767 lum,
161 1731 307 1770 parum
330 1731 527 1771 prospere
546 1717 762 1771 aliquoties
785 1721 953 1770 gestum,
975 1716 1038 1756 ita
1063 1715 1307 1771 confudisset
1325 1717 1472 1758 civita-

50 1780 126 1815 tem
148 1775 390 1826 Romanam,
410 1780 454 1815 ut
474 1788 524 1814 ne
544 1775 579 1815 ii
603 1774 762 1829 quidem
786 1773 1079 1822 invenirentur,
1103 1774 1175 1827 qui
1192 1779 1265 1814 aut
1284 1774 1471 1814 tribuna-

51 1838 132 1873 tum
153 1833 394 1887 exciperent,
413 1839 484 1873 aut
503 1832 633 1888 legati
652 1831 714 1872 ire
733 1831 891 1880 vellent,
915 1830 968 1872 P.
987 1830 1197 1873 Cornelius
1217 1830 1471 1873 AEmilianus

96 1947 116 1977 7
141 1946 221 1978 Nam
238 1957 353 1987 pauper
372 1946 451 1989 erat]
475 1945 574 1978 Haud
595 1945 640 1978 ita
662 1945 739 1978 Plu-

56 1989 193 2027 tarchus,
216 1990 270 2032 qui
296 1990 447 2021 Catonem
473 1989 656 2031 colligendae
686 1999 740 2031 pe-

56 2032 158 2063 cuniae
186 2033 444 2064 studiosissimum
473 2032 567 2064 fuisse
597 2032 741 2069 affirmat,

59 2085 115 2106 nec
138 2076 220 2106 male
243 2075 272 2106 ei
295 2086 360 2107 iem
385 2076 522 2107 cessisse.
567 2076 649 2107 Eum
671 2074 743 2106 vide

56 2118 88 2149 in
103 2119 172 2149 Cat.
185 2118 268 2160 Maj.

103 2162 122 2192 8
146 2162 190 2191 Ab
209 2162 294 2192 sextis
310 2163 380 2200 jam
400 2160 578 2203 censoribus]
609 2158 742 2192 Addidit

57 2203 203 2245 Sigonius
240 2204 427 2246 particulam
467 2205 521 2234 ab:
568 2213 632 2235 non
676 2203 742 2234 sine

57 2257 164 2282 causa,
179 2252 214 2277 ut
227 2253 382 2290 putamus.

101 2291 125 2320 9
146 2290 193 2320 Ne
216 2291 285 2329 plus
311 2302 398 2331 qnam
424 2291 489 2320 aris
514 2289 615 2330 denos]
651 2289 741 2320 Sum-

61 2343 112 2363 ma
133 2332 262 2364 ridicule
286 2333 409 2375 exigua.
454 2331 539 2363 Deni
559 2342 640 2363 enim
663 2329 742 2367 aeris,

60 2375 181 2406 etiamsi
207 2385 301 2417 grave
323 2386 366 2407 aes
392 2375 593 2416 intelligatur,
619 2380 745 2416 aequant

61 2418 222 2450 denarium
256 2429 366 2455 unum,
394 2417 460 2449 sive
491 2427 588 2448 unum
625 2417 743 2459 argenti

59 2472 200 2502 grossum.
253 2462 343 2493 Unus
368 2461 441 2492 MS.
477 2465 555 2491 teste
589 2460 744 2492 Gronovio

62 2504 157 2535 habet
180 2505 247 2535 oeris
267 2506 365 2541 decus,
387 2503 472 2534 unde
493 2501 676 2534 facillimum
698 2508 746 2534 est

61 2544 93 2576 id
120 2547 240 2578 efficere
265 2546 348 2595 quod
377 2546 532 2582 Pithoeus,
556 2551 745 2577 memorante

63 2588 213 2625 Hearni0‚
240 2589 425 2631 conjecerat,
451 2591 520 2619 aeris
545 2590 651 2619 decies:
685 2588 744 2620 nisi

62 2631 144 2671 quod
172 2637 247 2663 tunc
275 2643 396 2663 summa
425 2642 487 2663 non
517 2631 746 2663 contemnenda

63 2674 211 2715 exsurgit.
254 2675 369 2707 Decies
386 2674 469 2706 enim
484 2679 617 2705 centena
631 2674 745 2705 assium

65 2716 173 2752 millia,
201 2717 321 2748 etiamsi
356 2717 569 2764 intelligantur
604 2717 747 2758 vulgares

64 2764 129 2789 turn
157 2769 251 2795 asses,
276 2760 330 2800 qui
358 2758 497 2791 senideni
524 2771 555 2790 in
583 2759 744 2791 denarium

62 2801 345 2838 contribuebantur,
410 2802 536 2844 aequant
603 2802 745 2833 denarios

65 2845 181 2875 62500.
205 2854 322 2875 marcas
350 2845 468 2893 argenti
493 2849 644 2876 nostrates
671 2846 745 2876 976.

64 2888 173 2919 uncias
189 2888 218 2919 4.
230 2886 419 2920 semunciam
436 2889 465 2919 1.
498 2887 658 2920 Imitemur
672 2898 744 2920 cau·

783 1950 848 1977 tam
877 1944 1080 1978 Freinshemii
1108 1944 1303 1981 modestiam,
1330 1945 1384 1988 qui
1411 1945 1470 1977 hoc

783 1989 872 2024 libro,
897 1998 924 2020 c.
953 1990 1002 2020 10.
1037 1988 1114 2020 nihil
1143 1987 1304 2025 definiens,
1330 1990 1472 2020 modicam

782 2033 937 2072 pecuniam
959 2032 992 2063 in
1018 2031 1109 2062 sunus
1131 2041 1222 2063 suum
1245 2032 1384 2063 consumi
1403 2031 1470 2073 jus-

785 2074 860 2105 sisse
874 2074 1027 2116 Lepidum
1043 2073 1130 2106 dicit.

831 2118 870 2148 10
903 2118 983 2148 Viros
1016 2128 1079 2148 suos
1113 2116 1293 2158 consulares]
1338 2116 1472 2148 Addidit

786 2159 962 2191 Gronovius
981 2171 998 2191 e
1018 2160 1116 2191 tribus
1130 2160 1226 2191 MSS.
1240 2170 1347 2191 vocem
1368 2172 1469 2190 consu-

786 2203 868 2234 lares.
912 2203 995 2234 Sane
1017 2202 1096 2234 alter
1117 2212 1155 2233 ex
1179 2201 1217 2233 iis
1239 2203 1276 2235 L.
1293 2202 1470 2234 Postumius

784 2245 980 2276 consulatum
1012 2250 1159 2287 gesserat.
1202 2245 1264 2276 Sed
1300 2245 1470 2277 Claudiurn

785 2288 928 2319 Asellum
961 2287 1055 2320 fuisse
1090 2287 1249 2319 consulem
1279 2298 1340 2319 non
1369 2294 1470 2319 exstat

785 2330 945 2362 memoria.
989 2330 1066 2362 Vid.
1080 2341 1110 2362 c.
1124 2331 1173 2361 10.
1188 2329 1280 2371 hujus
1294 2330 1374 2362 libri.

832 2375 868 2404 11
896 2373 996 2408 Quum
1031 2375 1155 2414 praetm-rl
1186 2375 1299 2412 proedes
1332 2375 1471 2413 vadesque

785 2416 944 2458 dedissent]
999 2418 1154 2448 Observat
1186 2415 1361 2447 Gronovius
1392 2416 1470 2447 nihil

787 2459 837 2490 hic
855 2460 1013 2507 praedibus
1026 2470 1103 2501 opus
1117 2469 1196 2490 esse.
1240 2458 1367 2490 Praedes
1387 2458 1470 2489 enim

787 2502 819 2533 in
841 2501 896 2533 lite
917 2502 1103 2539 nummaria,
1118 2501 1214 2533 vades
1235 2501 1267 2532 in
1290 2511 1322 2532 re
1344 2501 1470 2543 capitali

788 2545 952 2576 dabantur.
997 2546 1110 2587 Itaque
1123 2554 1161 2575 ex
1176 2543 1269 2575 variis
1287 2544 1470 2592 depravata-

786 2598 854 2619 rum
874 2588 906 2618 in
922 2588 1018 2619 MSS.
1040 2588 1207 2619 lectionum
1220 2587 1357 2629 vestigiis
1372 2597 1472 2618 varias

787 2630 1021 2662 emendationes
1061 2635 1177 2661 tentat:
1233 2639 1364 2671 quarum
1405 2629 1470 2659 haec

788 2673 923 2704 maxime
941 2672 1095 2716 perspicui
1118 2683 1226 2704 sensus
1240 2683 1306 2703 esse
1322 2671 1410 2702 nobis
1425 2670 1470 2700 vi-

789 2716 898 2748 detur·
922 2728 1011 2758 quum
1036 2728 1056 2746 a
1073 2722 1198 2756 praetore
1221 2716 1268 2745 die
1288 2715 1368 2744 dicta
1387 2715 1472 2744 vades

786 2761 938 2790 dedissent.
964 2758 1025 2789 Sed
1040 2758 1095 2789 illa
1107 2757 1228 2798 longius
1242 2756 1307 2787 abit
1320 2766 1339 2786 a
1353 2756 1451 2786 MSS.

831 2803 871 2833 12
896 2802 1024 2833 Gulussa
1053 2823 1062 2832 .
1089 2822 1098 2831 .
1161 2800 1360 2832 denunciavit,
1397 2798 1470 2827 Car-

789 2846 907 2886 thagine
933 2845 1058 2875 delectus
1084 2822 1151 2884 agi]
1184 2840 1302 2873 Melius
1329 2839 1473 2874 Pithoeus

790 2887 872 2930 apud
888 2886 1060 2919 Hearn'rum
1074 2885 1236 2916 num-imit.
