1805 3174
549 67 726 116 1²11AE
742 66 1001 115 FATlo.
1409 66 1491 114 xiii

55 212 283 261 tribunus
307 209 465 274 plebis
487 208 648 257 urbem
672 209 724 254 in
748 215 972 255 (eternum
996 205 1238 254 conditam
1262 211 1307 251 ec
1333 207 1383 252 in
1408 207 1494 253 im-

54 307 259 338 mensum
295 292 574 336 crescentem
592 285 770 346 jactat.
846 283 944 330 Ubi
973 282 1082 347 quis
1104 298 1206 328 non
1233 281 1368 327 videt
1405 283 1491 327 ob-

54 373 303 414 versatum
327 380 434 412 esse
464 362 720 410 scribentis
746 362 910 409 animo
944 359 1205 423 superbum
1233 358 1370 406 illum
1397 357 1497 403 Ro-

55 459 145 490 mae
171 458 330 490 rerum
364 439 576 487 dominae
614 439 948 502 splendorem,
973 445 1022 485 et
1050 437 1113 484 ad
1147 436 1361 484 obscura
1394 434 1495 482 Ro-

56 537 147 567 moe
171 517 422 567 nascentis
442 516 577 565 initia
601 516 839 564 audacius
857 531 1007 579 quam
1027 513 1187 561 verius
1207 530 1315 562 esse
1341 519 1498 560 trans-

56 597 238 644 latum?

123 673 221 721 Sed
248 679 297 721 et
320 672 544 719 hostibus
563 688 764 735 quoque
789 670 957 734 populi
984 668 1203 717 Romani
1226 667 1396 716 Livius
1414 683 1499 716 eos

56 749 387 798 venerationis
411 749 460 796 in
485 765 597 796 eum
623 747 1061 811 admirationisque
1097 762 1272 793 sensus
1297 744 1498 807 affingit,

57 829 239 893 quibus
258 827 595 891 ipseimbutus
615 832 733 872 erat.
793 824 1008 872 Annibal
1027 823 1107 870 ille
1131 823 1343 870 Romam
1366 821 1498 884 apud

57 912 279 953 nostrum
305 911 449 952 vocat
478 903 626 951 Orbis
651 911 886 950 terrarum
910 908 1070 966 caput,
1094 916 1247 965 quum
1275 900 1498 946 nondum
1514 916 1548 945 L.
1569 915 1656 944 xxi.
1673 925 1702 945 ο.

58 989 163 1030 tota
199 981 345 1029 Italia
380 981 529 1043 plane
556 980 731 1042 jugum
770 979 1059 1042 accepisset,
1097 994 1188 1024 nec
1225 959 1565 1041 quidquam30'

58 1068 196 1107 extra
220 1076 327 1107 eam
366 1058 581 1106 Romani
613 1065 847 1113 tenerent,
876 1063 1050 1120 praeter
1087 1055 1269 1103 Siciliae
1308 1061 1501 1117 partem

60 1143 110 1183 et
145 1136 452 1193 Sardiniam;
488 1151 641 1198 quum
678 1141 832 1181 staret
867 1133 1136 1194 Carthago,
1165 1139 1316 1195 atque
1356 1133 1502 1179 etiam

62 1212 318 1276 Hispaniae
355 1213 592 1274 majorem
628 1218 820 1274 partem
855 1208 1062 1273 imperio
1106 1209 1500 1272 amplecteretur.

63 1290 257 1338 Rursus
280 1290 430 1346 idem,
459 1291 578 1337 dum
598 1289 776 1336 milites
803 1289 867 1335 ad
893 1289 1019 1335 bene
1041 1287 1364 1350 pugnandum
1390 1287 1500 1334 hor-
1518 1308 1606 1338 χχι,
1623 1308 1675 1338 43,

60 1375 206 1429 tatur,
221 1371 427 1432 dempto,
441 1368 612 1432 inquit,
630 1368 718 1415 leoc
733 1384 825 1415 uno
824 1367 1032 1431 fulgore
1047 1366 1256 1412 nominis
1273 1366 1502 1413 Romani.

64 1445 220 1499 Quasi
245 1462 360 1493 vero
386 1443 740 1507 Carthaginem
777 1444 954 1491 debere
980 1442 1158 1490 Romae
1184 1444 1344 1489 fasces
1378 1458 1506 1489 sum-

64 1522 254 1571 mittere
280 1523 406 1571 ultro
429 1522 708 1585 agnovisset
731 1521 998 1569 acerrimus
1024 1521 1106 1567 ille
1142 1520 1349 1568 Punicae
1370 1535 1504 1581 mag-

63 1600 304 1648 nitudinis
330 1601 528 1657 vindex,
553 1608 601 1648 et
622 1600 865 1647 Romanae
889 1616 1015 1663 pene
1038 1615 1250 1655 eversor,
1276 1604 1359 1645 aut
1386 1604 1505 1643 tunc

66 1678 298 1741 temporis
318 1678 477 1725 minus
499 1677 691 1725 Punico
711 1677 894 1724 nomini
904 1677 1133 1742 fulgoris
1150 1692 1298 1741 quam
1325 1675 1508 1722 Roma-

67 1770 133 1801 no
154 1754 465 1802 circumdari.

135 1830 275 1880 Idem
293 1832 505 1897 impetus
523 1831 659 1880 nimii
684 1830 864 1878 amoris
881 1830 931 1878 in
951 1831 1160 1893 patriam
1177 1828 1371 1876 Livium
1398 1829 1506 1876 abs-
1521 1847 1611 1895 Falso
1627 1845 1699 1894 lau--

68 1910 195 1967 tulit,
222 1927 375 1975 quum
409 1928 512 1959 non
547 1909 790 1958 dubitavit
826 1909 1067 1956 affirmare
1105 1908 1363 1956 Romanos
1392 1890 1723 1964 nun-{aotssssnlffm

69 2006 206 2051 quam
218 1988 278 2035 ab
288 1989 441 2050 equite
449 1988 843 2050 lzoste,nunquam
859 2004 889 2034 a
893 1987 1075 2050 pedite,
1087 2002 1329 2049 nunquam
1338 1993 1509 2048 aperta
1522 1977 1578 2007 IX·
1599 1977 1648 2007 ¹9·

71 2067 173 2112 acie
184 2065 433 2113 laborasse.
459 2064 540 2112 De
552 2063 775 2127 peditatu
787 2063 1002 2112 silemus.
1028 2063 1099 2111 At
1111 2063 1345 2110 nonneab
1357 2065 1513 2126 equite

73 2143 205 2190 hoste
229 2132 573 2190 laboraverunt
601 2141 830 2198 Romani,
853 2158 1006 2205 quum
1027 2141 1263 2188 adversus
1289 2139 1513 2187 Anniba-

73 2219 170 2267 lem
185 2220 366 2267 bellum
388 2226 626 2281 gererent,
643 2236 790 2284 quem
809 2219 1192 2283 equitatulonge
1212 2218 1513 2282 superiorem

74 2298 223 2345 fuisse
247 2306 295 2345 et
318 2297 425 2361 ipse
449 2296 618 2344 Livius
642 2296 827 2359 passim
855 2297 1047 2355 fatetur,
1072 2302 1119 2342 et
1144 2293 1510 2359 prudentissimi
1526 2317 1616 2346 ΧΧῙ,
1634 2317 1683 2346 47,

77 2375 417 2423 Romanorum
450 2375 602 2423 duces
627 2391 839 2434 sensere,
864 2380 1013 2438 atque
1039 2374 1101 2420 ob
1125 2372 1178 2419 id
1210 2387 1512 2434 magnopere
1525 2360 1647 2434 2}ss
1663 2360 1715 2389 38·

77 2470 250 2500 cavere
276 2470 338 2500 ne
368 2453 417 2500 in
453 2452 644 2515 campis
675 2451 956 2515 patentibus
993 2453 1055 2499 ab
1078 2467 1137 2498 eo
1174 2448 1513 2513 deprehende-

76 2532 273 2578 rentur?
321 2531 507 2579 Nonne
539 2537 711 2594 aperta
739 2531 842 2578 acie
874 2529 1238 2584 laboraverunt,
1271 2543 1423 2591 quum
1451 2524 1514 2571 ad

80 2606 279 2655 Cannas
305 2608 366 2654 ab
393 2608 570 2655 eodem
596 2605 844 2654 Annibale
869 2622 1023 2670 prope
1047 2606 1109 2653 ad
1130 2603 1516 2652 internecionem

81 2684 209 2740 caesi,
237 2700 387 2747 quum
412 2685 477 2731 ad
503 2684 688 2731 Alliam
714 2684 776 2730 ab
801 2683 959 2731 Gallis
985 2682 1078 2731 fusi
1102 2683 1243 2730 sunt?

148 2762 245 2809 Sed
273 2762 375 2810 haec
399 2762 600 2824 quidem
626 2769 894 2825 utcumque
920 2759 1191 2809 condonari
1216 2762 1442 2820 possunt,
1468 2755 1517 2801 in
