1841 3179
158 437 502 492 JoANle
545 433 974 490 FREDERICI
1015 433 1416 487 GRoNovn

405 594 469 658 P
504 594 581 660 R
615 593 707 657 AE
742 592 805 657 F
838 590 905 654 A
936 590 1004 655 Τ
1041 590 1078 654 l
1119 590 1182 652 Ο

545 764 633 807 AD
665 760 1030 803 LECTOREM.

63 1015 129 1078 SI
153 1049 259 1089 opus
287 1042 407 1083 esset,
430 1034 558 1075 amice
589 1034 732 1083 lector,
754 1048 837 1073 non
867 1046 1065 1088 gravarer
1095 1032 1171 1073 tibi
1203 1032 1368 1088 longam
1390 1033 1442 1075 de
1466 1035 1520 1075 T·

62 1090 186 1132 Livio
206 1091 392 1131 fabulam
415 1107 566 1131 serere:
600 1090 788 1146 suppetit
809 1090 918 1130 enim
950 1089 1134 1130 materia.
1157 1090 1229 1130 sed
1251 1098 1416 1131 tantum
1438 1091 1522 1132 dic-

61 1156 153 1189 tum
175 1156 251 1197 est,
274 1157 322 1189 ut
343 1148 539 1203 quaedam
571 1163 653 1188 non
674 1162 761 1188 esse
791 1146 904 1187 dicta
933 1154 1167 1201 praestaret,
1191 1154 1231 1187 et
1262 1146 1429 1187 illorum
1450 1148 1522 1188 ali-

62 1204 173 1245 unde
203 1220 359 1260 gnarus
379 1205 421 1245 in
443 1204 521 1245 hoc
542 1212 652 1245 certe
683 1202 851 1244 schedio
871 1202 952 1244 alia
981 1202 1156 1244 lectione
1185 1203 1317 1245 mavis
1344 1204 1521 1245 avocari.

63 1264 159 1302 Hoc
179 1261 310 1318 igitur
326 1269 541 1325 exspectas
562 1260 718 1317 potius,
737 1268 800 1310 ut,
824 1275 910 1315 qua
930 1259 1085 1300 fiducia
1100 1259 1176 1301 sim
1197 1275 1419 1316 aggressus
1435 1276 1523 1302 rem

62 1318 229 1360 minime
249 1318 435 1374 vulgaris
450 1318 591 1368 animi,
614 1332 742 1372 quam
772 1332 838 1357 me
859 1331 1077 1366 ausurum,
1099 1325 1148 1358 ut
1176 1316 1232 1357 sic
1254 1317 1404 1367 dicam,
1426 1326 1525 1359 ante

62 1376 201 1425 tubas,
224 1383 265 1416 et
285 1376 532 1431 priusquam
554 1389 759 1431 poscerer,
781 1389 832 1414 ne
857 1374 946 1429 ipse
967 1373 1139 1429 quidem
1166 1373 1339 1424 credidi,
1362 1382 1410 1415 ut
1431 1390 1525 1430 per-

63 1432 202 1489 petuis
232 1431 340 1473 notis
370 1431 555 1473 historiae
587 1432 789 1472 Romanae
819 1430 1049 1486 principem
1080 1430 1404 1472 emendatiorem
1429 1432 1523 1472 red-

63 1491 162 1531 dere
188 1504 373 1539 conarer,
395 1488 461 1529 hic
481 1489 524 1530 in
546 1488 685 1529 limine
715 1487 949 1528 edisseram.
1010 1487 1098 1528 Ubi
1120 1487 1303 1543 primum
1333 1487 1440 1529 illud
1460 1504 1523 1529 re-

63 1547 210 1588 lictum
237 1562 263 1587 a
290 1545 499 1602 prioribus
528 1545 757 1601 occupabo,
779 1552 828 1585 ut
857 1552 979 1599 grata
1007 1544 1397 1586 commemoratione
1426 1544 1523 1586 doc-

64 1612 205 1646 torum
231 1602 464 1653 hominum,
486 1618 593 1659 quos
621 1617 734 1643 curae
755 1601 915 1657 aliquid
936 1601 1035 1643 huic
1066 1600 1256 1658 scriptori
1278 1601 1376 1643 vitae
1406 1602 1525 1643 resti-

66 1660 224 1703 tuendo
244 1668 339 1716 post
359 1660 519 1701 litteras
549 1667 712 1701 renatas
733 1657 965 1714 impertisse
990 1658 1143 1714 accepi,
1166 1658 1397 1714 praesertim
1419 1659 1526 1700 anti-

66 1717 279 1774 quiorum,
297 1726 338 1758 et
354 1716 538 1773 ipsorum
560 1716 716 1773 pariter
738 1716 888 1756 Manes
903 1723 945 1756 et
961 1715 1203 1756 futurorum
1227 1714 1368 1756 studia
1388 1716 1526 1757 deme-

68 1790 170 1815 rear.
233 1774 409 1815 Illorum
431 1774 540 1815 enim
560 1773 859 1830 plerorumque
880 1771 1198 1813 intermortuam
1220 1771 1386 1813 laudem
1408 1788 1526 1814 reno-

67 1847 238 1872 vavero:
286 1846 338 1872 ex
373 1830 453 1881 his,
490 1831 564 1887 qui
597 1838 693 1886 post
727 1846 802 1871 nos
831 1828 1019 1870 eamdem
1049 1828 1306 1884 provinciam
1343 1829 1524 1871 subituri

69 1896 182 1938 sunt,
203 1887 504 1929 adminiculum
525 1887 758 1937 habebunt,
776 1885 892 1942 quod
913 1885 1015 1926 mihi
1036 1886 1069 1926 si
1090 1886 1238 1927 fuisset
1260 1901 1285 1926 a
1303 1886 1525 1942 principio,

70 1953 111 1986 et
132 1944 410 1986 sollicitudine
440 1945 514 1986 diu
535 1960 601 1986 me
622 1951 800 1985 vexante
820 1942 924 1984 liber
953 1942 1139 1993 fuissem,
1160 1950 1202 1984 et
1223 1943 1368 1984 multis
1397 1943 1526 1999 parti-

69 2003 150 2043 bus
179 2001 389 2043 meliorem
420 2001 497 2043 tibi
527 2001 667 2043 statim
702 2009 915 2042 auctorem
950 1999 1167 2040 dedissem.
1230 2000 1381 2056 Neque
1415 2001 1525 2041 enim

71 2067 236 2100 tantum
266 2058 370 2100 mihi
390 2059 546 2109 tribuo,
568 2073 701 2113 eaque
725 2057 984 2114 malignitate
1005 2065 1047 2098 et
1067 2056 1110 2098 in
1130 2057 1306 2113 majores
1327 2064 1369 2098 et
1388 2057 1431 2098 in
1453 2057 1528 2098 mi-

70 2131 190 2157 nores
218 2115 344 2167 feror,
366 2115 552 2158 fortuitis
582 2116 812 2171 subjectus,
835 2122 876 2155 et
897 2129 950 2154 an
979 2113 1157 2154 audeam
1186 2113 1375 2155 insonare
1404 2113 1527 2164 illud,

72 2171 150 2213 δότε
179 2170 305 2229 κρότον
325 2172 563 2229 ambiguus,
585 2180 635 2213 ut
655 2171 721 2212 vel
744 2171 920 2213 istorum
953 2170 1275 2211 Hieronicarum
1305 2170 1464 2227 palmas
1485 2180 1528 2213 et

72 2245 242 2271 coronas
271 2229 369 2270 olim
399 2237 531 2271 certas
560 2228 725 2270 abolere
754 2236 829 2269 aut
859 2235 1070 2269 conterere
1100 2227 1344 2278 desiderem,
1367 2227 1432 2268 vel
1458 2242 1529 2269 ne-

72 2286 225 2327 minem
255 2287 428 2342 posthac
458 2286 500 2327 in
521 2286 666 2327 eodem
698 2285 834 2326 stadio
863 2284 1044 2326 exerceri
1065 2284 1207 2325 velim:
1252 2285 1327 2340 qui
1356 2299 1445 2325 mos
1465 2293 1528 2327 est

72 2344 368 2399 quorumdam,
390 2351 439 2385 ut
467 2343 583 2385 velut
613 2343 837 2398 desponsos
867 2341 959 2392 sibi,
981 2356 1077 2392 usu,
1109 2341 1381 2398 coemptione,
1402 2341 1528 2393 farre,

74 2400 116 2441 in
146 2416 317 2442 manum
347 2400 583 2441 convenisse
607 2408 782 2449 veteres,
804 2414 911 2455 quos
940 2398 1210 2439 recensendos
1241 2406 1528 2454 susceperunt,

74 2457 218 2498 haberi
247 2457 478 2514 postulent;
512 2465 587 2498 aut
616 2456 736 2512 quasi
767 2456 820 2497 ab
850 2455 1089 2497 censoribus
1119 2471 1167 2496 ea
1191 2455 1281 2511 lege
1311 2454 1527 2511 publicum

75 2514 385 2565 conduxissent,
406 2530 458 2555 ne
478 2514 521 2555 id
541 2522 746 2571 praeterea
774 2512 973 2569 cuiquam
993 2512 1151 2568 agitare
1180 2511 1243 2553 fas
1268 2512 1336 2562 sit,
1358 2511 1458 2552 alios
1479 2519 1528 2552 ut

75 2570 172 2611 inde
192 2586 332 2613 omnes
361 2579 542 2623 arceant,
564 2570 825 2613 tentantibus
853 2585 960 2626 opus
983 2585 1140 2611 novum
1170 2569 1378 2618 nuntient,
1400 2582 1528 2608 aemu-

74 2627 242 2683 lamque
262 2628 511 2671 industriam
531 2627 825 2670 contumeliam
847 2642 964 2668 suam
985 2627 1324 2682 interpretentur.
1386 2623 1530 2665 Prima

76 2684 88 2724 i
121 2684 222 2735 itur,
253 2685 316 2726 uti
345 2685 540 2737 debebat,
570 2700 803 2742 praeconem
834 2700 957 2726 suum
988 2683 1030 2725 in
1060 2684 1194 2724 lucem
1225 2681 1393 2723 reduxit
1427 2681 1528 2721 urbs

76 2700 259 2792 effiminat,
280 2741 605 2797 adspirantibus,
627 2750 676 2784 ut
705 2742 955 2783 ornatiorem
976 2740 1207 2789 reduceret,
1230 2737 1393 2779 disertis
1424 2737 1527 2777 duo-

76 2797 157 2842 bus
184 2806 224 2841 et
253 2798 452 2855 gravibus
472 2799 585 2849 viris,
608 2801 637 2840 J
640 2799 801 2842 ohanne
823 2798 997 2841 Andrea
1018 2795 1239 2844 Aleriensi,
1261 2803 1300 2835 et
1333 2796 1362 2834 J
1365 2794 1526 2834 ohanne
