1826 3149
314 93 384 129 182
835 90 868 126 T
888 89 904 126 I
921 88 982 126 Tl
1024 89 1085 127 LI
1100 88 1133 125 V
1146 89 1161 126 1
1178 89 1194 125 I

312 205 466 256 praesto
485 197 582 249 fuit,
604 197 766 239 obviam
797 197 945 239 missus
978 213 1072 239 cum
1098 198 1288 254 pecunia,
1319 197 1369 237 L.
1394 196 1580 238 Manlius
1600 193 1717 253 quaess

315 264 415 307 stor,
437 255 510 312 qui
532 256 709 296 Romam
731 269 824 295 eum
1532 253 1717 294 Adveni-

886 254 1022 295 ublico
1052 262 1193 295 sumtu
1215 254 1471 310 perduceret.

315 313 399 354 enti
420 312 629 367 extemplo
650 319 815 352 senatus
842 269 965 351 (littus
995 319 1067 352 est.
1131 312 1173 351 Is
1203 311 1436 352 adolescens
1465 310 1525 352 ita
1552 310 1720 351 loeutus

315 377 392 419 est,
426 377 489 419 ut,
530 383 627 424 quae
667 368 792 408 rebus
830 375 951 422 grata
989 375 1120 417 erant,
1156 367 1338 423 gratiora
1376 367 1512 407 verbis
1551 367 1717 408 faceret.

318 424 679 472 Commemoravit,
712 430 806 477 quot
846 425 1006 476 pedites
1055 425 1292 477 equitesque,
1332 430 1426 478 quot
1474 425 1719 476 elephantos,

316 489 504 537 quantum
509 483 718 535 frumenti
730 495 775 520 eo
795 482 1065 534 quadriennio
1083 480 1240 533 ⁵⁵pater
1257 495 1348 522 suus
1369 482 1412 521 in
1433 481 1721 521 Illacedoniam

316 538 519 580 misisseth.
581 538 662 578 Sed
681 539 781 578 duas
801 552 863 578 res
884 539 922 578 ei
942 538 1080 578 rubori
1083 539 1220 591 fuisse
1234 556 1246 578 .·
1268 552 1401 587 unam,
1420 539 1525 592 quod
1543 543 1722 592 rogasset

317 611 399 637 eum
416 610 495 648 per
514 596 665 648 legatos
683 601 857 644 senatus,
873 609 962 649 quce
982 596 1039 635 ad
1057 595 1195 635 bellum
1218 609 1314 648 opus
1334 602 1472 643 essent,
1489 602 1528 635 et
1548 609 1628 634 non
1649 595 1722 634 im-

311 658 523 707 perasset:
553 653 738 700 alteram,
771 653 877 705 quod
896 653 1110 705 pecuniam
1141 653 1180 692 ei
1205 666 1285 705 pro
1297 652 1512 706 frumento
1541 653 1724 692 misisset.

319 710 583 750 Masinissam
618 710 850 757 meminisse,
886 724 1048 762 regnum
1089 724 1114 748 a
1147 711 1299 761 populo
1337 709 1523 749 Romano
1556 715 1723 761 partum

317 773 551 819 auctumque
570 772 608 806 et
639 767 944 818 multiplicatum
961 766 1106 806 hahere
1120 784 1132 805 .·
1154 781 1223 806 usu
1239 768 1356 820 regni
1370 772 1591 806 contentum
1607 767 1723 815 scire,

318 824 535 864 dominium
574 829 611 863 et
631 822 705 876 jus
734 837 877 870 eorum,
911 825 980 876 qui
1010 824 1206 871 dederint,
1239 838 1330 863 esse.
1393 823 1552 863 Sumere
1587 824 1725 876 itaque

318 882 485 929 eosdem,
499 894 576 920 non
596 895 636 920 se
656 894 813 933 rogare,
829 894 981 933 (equum
1003 895 1093 928 esse,
1116 878 1280 934 ⁵⁶neque
1299 894 1423 920 emere
1438 895 1499 929 ea,
1514 880 1725 934 exfructi-

319 938 388 979 bus
407 937 502 991 agri
520 937 571 977 ab
591 951 632 978 se
657 937 746 977 dati
770 950 858 990 quae
880 937 937 976 ibi
959 937 1216 989 proveniant.
1280 937 1331 976 Id
1359 936 1595 977 Masinissce
1623 937 1726 978 satis

320 1010 413 1045 esse,
436 1001 473 1034 et
481 992 592 1045 sore,
615 995 722 1048 quod
733 995 886 1046 populo
916 995 1100 1034 Romano
1123 1000 1352 1046 superesset.
1413 995 1510 1035 Cum
1532 995 1584 1034 iis
1612 1007 1725 1034 man-

319 1053 429 1092 datis
448 1066 473 1091 a
487 1058 613 1104 patre
625 1049 847 1103 profectum
862 1058 1005 1104 postea
1025 1057 1246 1091 consecutos
1261 1052 1423 1104 equites,
1446 1052 1516 1105 qui
1531 1052 1725 1092 devictam

319 1109 607 1149 Macedoniam
646 1109 899 1157 nunciarent,
939 1107 973 1135 ⁵⁷
989 1108 1317 1162 gratulatumque
1353 1110 1514 1149 senatui
1531 1108 1724 1162 juberent

320 1167 517 1213 indicare,
540 1170 667 1205 tantae
685 1179 770 1204 eam
790 1179 870 1204 rem
893 1166 1050 1205 la'titice
1062 1167 1183 1217 patri
1201 1179 1270 1205 suo
1291 1180 1382 1213 esse,
1405 1172 1448 1206 ut
1471 1166 1638 1206 Romam
1659 1179 1724 1206 ve-

319 1224 410 1263 nire
438 1223 546 1268 velit,
568 1223 738 1274 Jovique
766 1223 914 1274 optimo
936 1223 1108 1262 maximo
1128 1223 1171 1261 in
1201 1222 1408 1275 Capitolio
1426 1224 1670 1276 sacrificare,
1685 1228 1725 1263 et

314 1286 455 1334 grates
470 1293 590 1333 agere
603 1297 615 1318 .·
639 1279 695 1328 id,
713 1280 795 1319 nisi
808 1280 1006 1319 molestum
1021 1280 1088 1329 sit,
1105 1286 1147 1319 ut
1167 1280 1206 1319 ei
1218 1282 1496 1332 permittatur,
1513 1280 1564 1321 ab
1583 1285 1725 1321 senatu

312 1343 466 1390 petere.

377 1394 503 1434 XIV.
536 1393 797 1449 Responsum
828 1392 974 1449 regulo
1001 1401 1085 1434 est:
1119 1394 1270 1434 Facere
1291 1401 1453 1447 putrem
1483 1393 1566 1448 ejus
1587 1393 1723 1434 Masi-

318 1452 479 1496 nissam,
503 1451 608 1504 quod
637 1451 765 1490 virum
790 1458 953 1503 gratum
984 1450 1199 1504 bonumque
1211 1451 1360 1504 facere
1389 1452 1539 1500 deceat,
1561 1457 1605 1491 ut
1625 1464 1724 1504 pre-

318 1509 416 1548 tium
437 1508 700 1560 honoremque
728 1506 762 1530 ⁵⁸
779 1507 910 1547 debito
931 1507 1116 1560 beneficio
1146 1509 1286 1549 addat.
1344 1509 1404 1549 Et
1426 1509 1618 1561 populum
1639 1508 1724 1548 Ro-

318 1579 476 1605 manum
497 1564 547 1604 ab
567 1579 624 1613 eo,
648 1564 749 1603 bello
771 1564 1269 1619 Punica,fortifidelique
1299 1579 1421 1618 opera
1442 1564 1621 1619 adjutum
1638 1587 1653 1611 ;
1686 1571 1725 1605 et

321 1623 446 1672 illum,
460 1623 634 1675 favente
649 1622 804 1674 populo
835 1622 1032 1670 Romano,
1053 1636 1215 1675 regnum
1245 1623 1430 1677 adeptum
1446 1638 1463 1672 ,·
1493 1622 1727 1679 ⁵⁹aequitate

914 1720 930 1745 h
945 1721 1021 1751 misit
1041 1720 1131 1753 Crev.

363 1821 404 1851 55
429 1821 518 1851 Pater
531 1832 599 1852 suus
621 1843 628 1850 .
652 1843 661 1853 .

686 1844 694 1852 .
716 1821 809 1862 misit]
835 1822 917 1863 Lege
931 1832 1001 1853 cum
1044 1820 1209 1852 blanditur.
1224 1822 1283 1853 Sed
1299 1827 1402 1853 tamen
1417 1823 1442 1852 is
1454 1822 1566 1853 dicitur
1580 1822 1724 1854 honorem

322 1863 477 1894 Gronovio
494 1866 623 1894 misisset.

363 1907 404 1936 56
430 1906 528 1946 Neque
542 1918 631 1937 emere
652 1918 685 1937 ea
713 1918 745 1937 ex
760 1907 914 1948 fructibus
935 1909 1002 1947 agri

321 1950 356 1979 ab
378 1960 405 1978 se
426 1951 499 1984 dati,
516 1960 579 1989 qna’
602 1951 640 1979 ihi
661 1951 846 1991 proveniant]
873 1950 1003 1980 Inficeta

321 1991 498 2023 verbositas.
552 1992 595 2021 Ea
618 2003 682 2032 qua>
703 1994 742 2022 'ibi
760 1995 935 2032 proveniant
957 1992 1002 2022 ni-

323 2033 365 2063 hil
399 2034 483 2064 aliud
516 2040 636 2071 sonant,
666 2046 758 2077 quam
779 2035 904 2076 fructus
927 2037 1003 2076 agri.

324 2076 493 2106 Deleamus
522 2088 593 2117 ergo
620 2077 690 2108 illas
725 2088 826 2114 voces,
855 2084 1002 2119 tanquam

323 2120 515 2159 nugatorium
542 2119 846 2161 interpretamentum
881 2122 920 2152 ab
956 2132 1002 2151 os-

322 2161 436 2192 citante
458 2162 580 2192 librario
602 2168 715 2194 temere
738 2164 886 2195 additum.
931 2165 1004 2194 For-

323 2209 404 2235 tasse
441 2203 568 2235 dederat
605 2205 729 2236 Livius:
767 2218 818 2237 nec
854 2209 1005 2247 quicquam

322 2258 412 2277 emere
440 2258 472 2277 ea:
490 2247 644 2288 fiuctibus
665 2251 731 2289 agri
746 2250 781 2279 ab
802 2261 829 2280 se
851 2252 924 2281 dati.
969 2250 1006 2279 Id

324 2290 482 2319 Masinis-mc
497 2292 564 2320 satis
576 2302 631 2321 esse
644 2292 746 2332 etfore
767 2313 775 2321 .
798 2314 806 2322 .
826 2315 835 2322 .

365 2333 405 2362 57
436 2332 682 2373 Gratulatumqne
719 2337 833 2365 senatui
865 2335 1005 2372 juberent

323 2375 467 2415 indicare]
514 2376 554 2405 Et
585 2376 728 2416 juberent
763 2387 806 2411 se,
842 2381 1004 2418 postquam

323 2417 495 2457 gratulatus
509 2424 587 2448 esset
600 2420 730 2454 senatui,
743 2419 887 2450 indicare.

367 2460 407 2489 53
433 2460 534 2489 Debita
556 2462 702 2501 beneficio]
743 2462 897 2492 Beneficio
919 2461 950 2490 in
974 2472 1005 2491 se

326 2501 546 2537 Romanorum,
575 2502 658 2543 quod
685 2503 743 2544 ipsi
772 2504 941 2534 debebatur
966 2504 1004 2533 ob

323 2549 512 2575 constantem
553 2545 585 2574 in
633 2546 853 2587 rempublicam
902 2547 1004 2576 fidem.

326 2587 435 2617 Elevat
449 2587 573 2618 comiter
596 2598 684 2617 suurn
709 2589 891 2619 beneficium
916 2599 1004 2619 sena-

323 2636 383 2664 tus,
400 2629 523 2660 fatendo
546 2629 683 2660 debitum
705 2630 797 2661 fuisse
819 2630 1004 2666 Masinissae,

324 2672 475 2713 quidquid
502 2672 546 2702 illi
568 2672 736 2714 praestitum
758 2683 777 2704 a
797 2673 910 2715 populo
940 2674 1003 2703 Ro-

325 2725 415 2745 mano
451 2715 559 2746 suerat.
618 2715 790 2746 Gronovius
830 2721 1004 2757 suspectum

323 2757 431 2787 habuit
452 2758 532 2788 hunc
553 2758 664 2793 locum,
680 2758 801 2799 legique
824 2769 911 2800 posse
934 2769 1003 2788 cen—

323 2800 393 2833 suit.
426 2807 459 2830 ut
488 2803 614 2839 pretium
648 2802 832 2841 honoremque
857 2802 1002 2830 verborum

321 2844 452 2883 beneficio
466 2845 564 2874 addae.
622 2845 700 2881 Quae
717 2843 893 2885 conjectura
908 2843 1004 2885 primo

1045 1864 1203 1895 verborum
1226 1865 1376 1896 beneficio
1398 1865 1522 1901 addere,
1537 1865 1589 1906 qui
1611 1866 1725 1896 benefi-

1045 1907 1092 1937 cio
1115 1917 1133 1937 a
1155 1918 1187 1937 se
1209 1908 1320 1938 collato
1343 1909 1435 1938 verba
1450 1908 1536 1939 addit
1550 1908 1726 1940 honorifica.

1046 1950 1089 1979 At
1104 1949 1152 1980 hic
1168 1960 1228 1980 non
1247 1950 1346 1992 agitur
1361 1951 1400 1981 de
1413 1951 1562 1982 beneficio
1577 1950 1725 1981 Masinis-

1045 2002 1086 2022 sae
1102 1993 1134 2022 in
1146 1993 1314 2028 Romanos,
1323 1993 1378 2024 sed
1391 1994 1599 2024 Romanorum
1608 1993 1639 2023 in
1653 1995 1726 2025 Ma-

1046 2034 1196 2065 sinissam.
1228 2037 1339 2077 Neque
1353 2036 1434 2067 enim
1449 2036 1600 2067 credimus
1612 2037 1725 2066 fastum

1047 2080 1194 2109 Romanae
1217 2078 1437 2119 magnitudinis
1463 2078 1566 2110 sivisse
1590 2089 1641 2110 eos
1671 2089 1725 2120 ag-

1047 2131 1170 2151 noscere
1185 2122 1366 2152 beneficium
1379 2121 1409 2151 in
1423 2133 1455 2153 se
1473 2133 1491 2152 a
1503 2133 1573 2163 rege
1587 2121 1729 2162 quamvis

1048 2163 1256 2205 potentissimo
1278 2165 1443 2195 collatum:
1475 2170 1506 2195 et
1526 2170 1673 2206 praeterea
1695 2162 1726 2195 in

1048 2207 1083 2236 iis
1112 2217 1180 2247 quae
1208 2207 1386 2247 praecedunt
1414 2207 1525 2238 dicitur
1558 2205 1729 2238 Masinissa

1050 2249 1080 2279 id
1106 2250 1212 2290 facere
1247 2252 1320 2290 quad
1354 2251 1450 2279 virum
1472 2256 1594 2292 gratum
1619 2252 1727 2280 deceat.

1050 2291 1117 2322 Viri
1146 2297 1247 2322 autem
1272 2292 1350 2333 grati
1378 2297 1424 2322 est
1451 2292 1596 2324 extollere
1611 2292 1727 2323 benefl-

1049 2334 1130 2365 cium
1147 2340 1318 2376 acceptum,
1331 2345 1391 2365 non
1406 2345 1424 2365 a
1438 2346 1469 2366 se
1483 2335 1599 2366 datum.

1091 2378 1132 2408 59
1167 2378 1316 2416 AEquitate
1343 2378 1410 2418 sua]
1450 2379 1526 2409 Haec
1551 2377 1640 2408 nobis
1667 2388 1728 2408 non

1048 2420 1171 2460 sapiunt
1200 2420 1280 2450 Livii
1307 2430 1443 2450 manum.
1493 2421 1639 2460 AEquitati
1667 2430 1729 2451 non

1048 2468 1094 2491 est
1109 2462 1157 2492 hie
1172 2462 1267 2493 locus.
1311 2462 1446 2492 Inclinat
1462 2463 1591 2498 animus,
1606 2468 1640 2493 ut
1661 2473 1728 2493 cre-

1049 2503 1160 2535 damus
1195 2505 1349 2546 scripsisse
1384 2510 1542 2536 nostrum:
1581 2511 1607 2535 et
1642 2506 1730 2535 illum

1038 2546 1162 2586 furente
1193 2549 1298 2586 populo
1328 2547 1457 2577 Romano
1490 2559 1612 2589 regnum
1641 2550 1729 2587 adep-

1050 2596 1122 2624 tum,
1158 2601 1192 2619 ac
1232 2591 1340 2620 virtute
1380 2601 1442 2620 sua.
1500 2592 1600 2621 Postea
1637 2592 1727 2620 trium

1047 2641 1149 2669 regum
1171 2633 1260 2667 bellis,
1277 2638 1334 2662 etc.
1379 2632 1428 2663 Sic
1451 2633 1512 2664 fere
1536 2633 1567 2663 in
1589 2632 1727 2664 oratione

1049 2673 1240 2704 Rhodiorum
1266 2674 1346 2705 infra
1368 2685 1396 2705 c.
1419 2677 1470 2706 23.
1495 2676 1525 2706 Si
1548 2687 1609 2716 qaae
1636 2682 1729 2706 vestra

1047 2727 1127 2745 nnnc
1156 2717 1340 2757 estfortnna
1367 2719 1452 2748 deam
1479 2719 1664 2759 benignitate,
1694 2730 1729 2748 ao

1048 2759 1155 2788 virtute
1172 2765 1275 2790 vestra.
1321 2761 1361 2790 Et
1374 2771 1453 2802 saepe
1469 2760 1554 2791 alias.
1598 2761 1728 2791 Praeter-

1047 2811 1083 2831 ea
1121 2801 1187 2831 haec
1226 2802 1311 2833 nobis
1352 2809 1556 2834 consentanea
1589 2803 1730 2833 videntur

1047 2843 1171 2884 reliqua>
1197 2845 1335 2881 orationi,
1353 2856 1421 2887 quae
1442 2851 1505 2877 tota
1528 2847 1557 2877 in
1573 2856 1609 2877 eo
1623 2851 1681 2882 est,
1696 2850 1730 2876 ut
