1816 3159
277 111 352 148 426

275 219 424 249 Tiberina
436 219 548 257 insula,
565 225 595 252 2.
615 224 646 251 5.

275 263 442 292 Tiberinus
468 264 602 302 SylviuS,
626 263 761 292 decimus
786 273 836 292 rex
859 263 961 300 Albae,

319 306 351 334 in
367 306 482 335 Albula
498 307 686 340 submersus,
708 311 735 337 1,
752 311 782 334 3.

274 349 440 377 Tiberinus
459 350 571 381 amnis,
591 354 621 385 5,
639 354 691 379 37.
705 353 757 386 29,
777 353 823 378 14.

272 392 404 423 Tiberis.
418 392 540 424 fluvius.
550 392 622 420 olim
634 390 750 421 Albula
762 392 876 427 dictus,
893 395 920 422 1.
932 396 961 420 3.

315 435 434 463 Tiberis
450 436 550 464 dictus
567 445 584 463 a
599 444 669 473 rege
685 435 845 471 Tiberino,
861 435 912 473 qui
930 435 961 463 in

314 479 447 514 trajectu
461 480 637 507 submersus
650 481 708 510 est,
730 478 804 507 ibid.
841 479 962 507 Tiberis

316 521 354 549 ab
376 522 511 550 Hercule
538 521 642 549 nando
662 520 830 557 trajicitur,
854 527 882 553 7.
914 526 963 550 est

315 564 415 602 gelida
460 565 559 592 hieme
600 564 831 601 innavigabilis,
855 569 887 600 5,
913 569 962 594 13.

316 607 381 643 ejus
411 607 631 635 inundationes
666 607 818 643 maximae,
849 612 900 642 24,
931 611 960 637 9.

315 655 370 684 30,
389 654 440 678 38.
468 654 520 683 35,
544 654 572 680 9.
597 654 626 678 et
651 654 700 678 21.
729 654 784 686 38,
802 655 850 679 28.
875 655 962 679 trans

315 692 449 721 'l'iberini
468 693 562 721 emoti
588 693 754 728 Veliterni,
782 697 813 730 8,
845 698 893 723 14.
916 704 962 723 se-

315 739 439 764 natores
456 736 692 771 Privernatium,
711 740 762 765 20.
795 737 959 776 Campani,

316 781 368 814 26,
384 782 436 807 34.

269 822 429 857 Tiberius,
444 821 504 850 vid.
523 821 679 851 Claudius.

271 865 413 894 Tiberius
430 865 527 899 Nero,
549 865 634 902 Fpit.
648 866 718 893 136.

271 908 429 938 Tibicines
474 912 504 936 et
541 908 724 937 cornicines
747 908 780 936 in
805 908 961 937 centurias

313 951 472 979 distributi
496 960 514 979 a
540 951 657 984 Servio,
678 955 706 987 1,
731 955 782 980 43.
806 961 909 981 eorum
928 952 960 980 in

313 994 394 1022 ludis
411 1003 497 1030 usuS‚
517 999 549 1030 7,
576 998 603 1022 2.
620 994 792 1030 TibicineS,
810 996 874 1023 vini
899 995 960 1023 avi-

313 1038 385 1065 dum
402 1046 513 1072 genuS,
540 1041 572 1072 9,
589 1041 641 1066 30.
670 1038 820 1075 prohibiti
846 1038 876 1066 in
894 1038 961 1066 aede

311 1081 401 1109 Jovis
418 1080 510 1110 vesci.
530 1089 592 1109 uno
609 1081 732 1119 agmine
753 1086 830 1109 eunt
850 1081 959 1114 Tibur,

313 1124 386 1152 ibid.
413 1123 486 1152 vino
513 1124 643 1156 onerati,
658 1133 828 1161 somnoque
852 1124 961 1155 vincti.

313 1167 346 1195 in
370 1167 507 1204 plaustra
528 1166 753 1202 conjiciuntur,
777 1171 808 1195 et
827 1167 958 1195 Romam

314 1210 517 1245 revehuntur,
541 1209 616 1238 ibid.
639 1209 676 1237 iis
700 1210 880 1238 restitutum
906 1210 959 1246 jus

314 1252 457 1281 vescendi
472 1252 504 1280 in
522 1252 584 1280 atde
600 1252 702 1286 Jovis,
716 1252 789 1282 ibid.

270 1296 381 1331 Tibur,
393 1300 423 1328 7,
448 1299 490 1322 ιι.
506 1299 537 1328 9,
548 1299 598 1323 30.
612 1299 684 1330 22,1
697 1299 787 1331 1.3o‚
800 1299 917 1331 4543,
930 1299 960 1324 e.

269 1339 431 1374 Tiburtes,
446 1336 565 1376 apuli,
585 1342 615 1373 7,
633 1342 660 1368 9.
679 1347 771 1374 quare
787 1339 824 1366 iis
841 1339 957 1367 bellum

311 1381 479 1410 indixerint
506 1381 651 1416 Romani,
675 1381 746 1409 ibid.
784 1382 890 1410 Gallos
908 1381 959 1410 be-

312 1425 408 1462 nigne
433 1424 581 1461 adjuvant
611 1428 796 1457 commeatu,
818 1429 865 1453 11.
891 1425 960 1453 vin-

311 1472 438 1501 cuntur,
456 1467 530 1496 ibid.
557 1467 671 1495 infesto
695 1468 831 1505 agmine,
860 1468 959 1504 primo

311 1511 413 1539 noctis
426 1509 552 1538 silentio
576 1511 613 1538 ad
629 1510 734 1538 urbem
759 1511 890 1539 Romam
908 1520 959 1539 ve-

312 1553 418 1589 niunt,
444 1558 490 1581 12.
508 1553 545 1580 ad
562 1553 679 1582 moenia
708 1554 812 1582 Romae
829 1554 960 1582 vincun-

311 1601 376 1633 tur,
406 1596 476 1625 z'br'a'.
514 1605 582 1624 cum
615 1596 652 1624 iis
687 1596 799 1625 bellum
827 1597 959 1634 geritur,

315 1644 363 1667 18.
387 1641 541 1676 coguntur
558 1639 666 1667 dedere
679 1649 710 1667 se
726 1640 889 1675 Romanis,
912 1644 956 1671 19.

311 1683 487 1719 triumphus
504 1682 540 1710 de
556 1682 756 1719 Tiburtibus,
774 1683 847 1712 ibid.
867 1687 959 1711 tuen-

311 1729 362 1753 tur
385 1726 537 1759 Pedanos,
569 1729 600 1761 8,
634 1729 681 1754 12.
712 1735 763 1754 eos
793 1725 893 1754 vincit.
922 1727 957 1755 L.

310 1769 437 1805 Furius,
453 1767 574 1801 consul,
596 1772 643 1796 13.
661 1769 854 1797 mulctantur
870 1778 956 1806 agro,

314 1815 363 1839 14.

265 1855 409 1891 Ticliius‚
425 1863 572 1883 cacumen
587 1855 703 1883 montis
718 1854 817 1890 OEtae,
833 1857 888 1891 36,
908 1857 960 1885 16.

312 1900 339 1926 ct.
360 1901 407 1928 17.

267 1941 409 1973 Ticinus,
432 1940 546 1974 amnis,
575 1943 606 1976 5,
619 1943 672 1968 34.
698 1944 750 1975 21,
767 1944 819 1970 39.
842 1941 958 1969 Roma·

310 1984 340 2011 ni
365 1986 461 2020 ponte
488 1982 632 2010 Ticinum
655 1982 807 2019 jungunt,
833 1987 887 2019 21,
904 1987 957 2013 45.

308 2034 414 2064 pugna
425 2025 574 2063 equestris
590 2026 626 2053 ad
644 2025 802 2060 Ticinum,
818 2028 869 2053 46.

265 2068 383 2103 Tifata,
401 2077 503 2104 mona,
521 2072 551 2100 7.
570 2072 620 2098 29.
638 2071 689 2100 23,
706 2071 758 2096 36.
777 2071 828 2099 26.
847 2072 877 2098 5.

265 2112 440 2147 Tifernum,
457 2111 618 2149 oppidum,
635 2115 667 2146 9,
685 2115 737 2140 44.
758 2115 808 2145 10,
828 2115 876 2140 14.

264 2155 422 2187 Tifernus,
440 2164 543 2189 mons,
561 2157 611 2189 10,
627 2158 677 2183 30.

266 2198 415 2236 'sigillum
434 2196 606 2232 Sororium,
627 2201 656 2233 1,
669 2199 720 2226 26.

265 2242 435 2270 Timanora
472 2240 623 2277 Dolopem
665 2240 890 2277 jaculatoribus
924 2244 955 2269 et

308 2283 518 2312 funditoribus
535 2282 661 2320 praeficit
679 2283 820 2316 Perseus,
833 2287 886 2320 42,
904 2287 953 2312 58.

265 2327 483 2355 Timasicrates
500 2326 653 2360 Rhodius,
666 2330 721 2360 37,
743 2329 790 2354 14.

264 2370 472 2398 Timasitheus
503 2369 680 2406 Liparensis
709 2377 727 2397 a
754 2369 864 2405 legatis
891 2369 954 2398 Ro-

306 2412 406 2440 manis
426 2412 570 2448 injuriam
598 2411 791 2449 popularium
808 2414 903 2446 arcet,
920 2416 952 2448 5,

309 2459 360 2482 28.

264 2496 387 2527 Timavi
403 2495 499 2530 lacus,
516 2499 570 2529 41,
587 2500 616 2524 5.

264 2541 455 2569 Timocrates
482 2538 671 2567 Pellenensis
707 2542 818 2576 praeest
847 2539 952 2577 Argis,

308 2587 363 2617 34,
382 2584 537 2612 29.1t40.

264 2627 389 2660 Timon,
420 2624 563 2662 princeps
592 2623 767 2651 Thebarum
798 2624 954 2653 Phthioti-

308 2677 424 2699 carum,
442 2672 494 2699 33,
514 2670 543 2694 5.

265 2712 380 2739 'simon
411 2708 603 2747 praeponitur
632 2708 670 2737 ab
704 2709 863 2738 Antiocho
894 2709 953 2747 Ly-

308 2754 378 2788 diae,
394 2757 447 2784 37.
465 2757 517 2781 44.

264 2794 634 2833 Timotheus‚praefectus
652 2793 768 2830 Persei,
785 2799 839 2829 42,
859 2797 910 2824 67.

263 2841 394 2869 Tirones
410 2839 448 2866 ab
464 2838 567 2866 decem
594 2842 625 2865 ct
649 2846 700 2865 sex
727 2839 816 2867 arinis
840 2838 953 2868 milites

308 2881 414 2910 scribit
430 2881 604 2919 Philippus,
622 2884 676 2917 33,
688 2885 718 2908 3.

728 111 907 148 INDEX
938 110 995 148 IN
1027 109 1072 147 T.
1100 109 1239 148 LIVII

1005 219 1153 254 Tisaeum,
1170 230 1271 254 mons,
1288 223 1341 257 28,
1359 225 1387 249 5.

1007 263 1127 301 'l'isippi
1150 264 1313 293 crudelitas
1342 264 1375 292 in
1401 263 1577 293 AEtolorum
1608 264 1693 303 prin-

1049 305 1146 344 cipes,
1165 312 1217 340 45,
1236 311 1285 335 28.

1006 348 1082 377 Tiso
1098 350 1264 383 Patrensis,
1281 353 1335 384 35,
1351 350 1403 378 26.

1005 392 1171 423 Titienses.
1195 393 1334 431 equitum
1363 391 1515 426 centuria,
1538 394 1569 421 et
1593 393 1692 422 tribus

1048 435 1189 472 antiqua,
1209 440 1300 472 1,13.
1318 438 1344 463 el
1361 438 1413 463 36.
1435 438 1486 470 10,
1505 439 1535 463 6.

1007 478 1043 506 C.
1058 478 1206 512 Titinius,
1223 479 1367 507 tribunus
1385 476 1496 514 plebis,
1511 482 1564 514 35,
1578 482 1605 506 8.

1006 521 1040 549 L.
1071 521 1219 554 Titinius,
1249 522 1395 550 tribunus
1422 521 1556 550 militum
1581 530 1693 550 consu-

1046 563 1101 592 lari
1115 568 1280 602 potestate,
1298 569 1328 599 5,
1350 569 1398 593 12.
1414 565 1538 597 iterum,
1561 568 1607 592 18.
1624 574 1697 602 pro-

1047 607 1146 636 fectus
1173 608 1317 636 adversus
1344 607 1492 642 Faliscos,
1519 608 1597 636 male
1629 616 1691 636 rem

1046 650 1136 686 gerit,
1153 651 1228 680 thid.

1007 691 1054 722 M.
1068 693 1206 722 Titinius
1221 693 1366 722 tribunus
1382 693 1480 731 plebis
1495 697 1631 729 creatur,
1656 697 1691 729 3,

1050 740 1101 765 54.

1006 778 1051 807 Μ.
1070 779 1220 811 Titinius.
1238 779 1384 817 magister
1406 778 1557 816 equitum,
1578 783 1628 815 lo,
1644 782 1671 807 1.

1006 822 1050 849 Μ.
1066 823 1217 857 Titinius,
1234 823 1379 851 tribunus
1395 821 1505 859 plebis,
1520 825 1575 857 35,
1595 826 1624 850 8.

1005 865 1050 893 M.
1077 866 1216 894 Titinius
1236 866 1369 902 Curvus,
1397 868 1522 902 praetor,
1554 868 1608 900 40,
1640 867 1692 894 59.

1047 908 1177 937 sortitur
1195 908 1444 945 jurisdictionem
1461 907 1625 944 urbanam,
1639 911 1692 940 41,

1048 956 1077 980 2.
1094 952 1247 980 delectum
1265 952 1371 979 Romae
1389 950 1493 985 habet,
1516 955 1547 981 9.
1569 951 1622 979 dat
1645 958 1692 978 se-

1048 998 1155 1023 natum
1182 994 1364 1032 Sempronio
1387 998 1418 1021 et
1442 993 1617 1029 Postumio,
1643 997 1692 1021 10.

1005 1037 1049 1065 Μ.
1067 1037 1218 1073 Titinius,
1234 1042 1358 1075 praetor,
1388 1035 1518 1065 sortitur
1547 1036 1694 1074 Hispani-

1047 1089 1095 1108 am
1113 1081 1297 1113 citeriorem,
1316 1084 1369 1108 41.
1388 1084 1418 1108 2.
1443 1079 1505 1107 vid.
1536 1083 1566 1107 et
1593 1083 1641 1109 19.
1665 1080 1693 1108 et

1046 1127 1098 1152 31.
1110 1127 1272 1152 accusatur
1288 1123 1326 1151 ab
1349 1122 1514 1160 Hispanis,
1530 1126 1583 1159 43,
1599 1127 1629 1152 2.

1004 1166 1037 1194 P.
1048 1166 1199 1201 Titinius,
1215 1167 1346 1203 legatus.
1361 1169 1415 1200 31,
1430 1169 1480 1193 21.

1003 1209 1070 1237 Sex.
1086 1209 1236 1241 Titinius,
1260 1209 1405 1237 tribunus
1421 1208 1530 1245 plebis,
1555 1207 1694 1245 queritur

1045 1252 1204 1290 indignam
1221 1255 1350 1280 mortem
1368 1251 1475 1283 Maelii,
1492 1255 1525 1286 4,
1544 1254 1592 1279 16.

1002 1295 1121 1323 Titium
1140 1295 1250 1323 atrium
1269 1296 1300 1323 in
1317 1294 1505 1331 Lautumiis,
1518 1298 1571 1327 39.
1589 1298 1642 1323 44.

1002 1338 1154 1371 Titurius,
1170 1338 1287 1373 legatus
1305 1336 1448 1369 Caesaris,
1460 1337 1545 1374 Epit.
1565 1337 1633 1365 106.

1007 1381 1100 1409 Titus
1115 1381 1238 1414 Tatius,
1256 1390 1307 1409 rex
1324 1380 1522 1416 Sabinorum,
1542 1384 1571 1415 1,
1589 1383 1639 1408 10.
1655 1378 1691 1407 ad

1046 1432 1115 1452 eum
1147 1427 1375 1461 congregantur
1411 1426 1568 1460 raptarum
1600 1422 1692 1460 virgi-

1046 1476 1121 1496 num
1151 1470 1306 1505 parentes,
1337 1466 1412 1495 ibid.
1449 1466 1562 1495 bellum
1589 1471 1692 1504 parat,

1047 1510 1118 1538 ibid.
1144 1510 1314 1549 corrumpit
1339 1518 1412 1538 auro
1440 1509 1536 1537 filiam
1553 1509 1691 1547 Tarpeii,

1045 1562 1114 1591 quae
1141 1553 1272 1582 Sabinos
1307 1553 1340 1581 in
1363 1560 1461 1581 arcem
1490 1552 1614 1590 accipit,
1642 1556 1691 1581 11.

1045 1605 1104 1634 pax
1135 1597 1282 1625 convenit
1314 1596 1394 1624 inter
1421 1604 1490 1623 eum
1514 1599 1545 1624 et
1574 1596 1691 1624 Romu-

1044 1640 1121 1674 lum,
1139 1643 1185 1668 13.
1211 1640 1276 1676 ejus
1294 1648 1388 1674 mors,
1408 1642 1456 1666 14.

1002 1683 1084 1712 Tota
1105 1686 1254 1720 praetexta
1280 1682 1318 1711 ab
1342 1681 1483 1710 Etruscis
1503 1684 1639 1720 sumpta,
1661 1684 1691 1713 1.

1047 1730 1074 1754 8.
1105 1726 1223 1764 'sogam
1249 1728 1429 1763 praetextam
1461 1728 1603 1759 sumunt,
1637 1723 1691 1761 qui

1045 1778 1076 1797 se
1092 1778 1146 1806 pro
1164 1770 1279 1806 populo
1299 1769 1465 1803 devovent,
1483 1772 1513 1802 8,
1529 1771 1559 1797 9.
1596 1767 1690 1801 Tcgae

1043 1815 1199 1850 praetcxtae
1222 1811 1371 1840 habendae
1391 1810 1456 1847 jus,
1483 1814 1519 1838 ut
1535 1809 1692 1848 pontifici-

1044 1855 1114 1887 bus,
1146 1854 1190 1882 ita
1216 1854 1321 1883 datum
1354 1853 1522 1882 triumviris
1546 1852 1689 1891 epuloni·

1043 1897 1114 1933 bus,
1126 1901 1180 1933 33,
1197 1901 1247 1925 42.
1278 1897 1433 1934 praetextis
1449 1896 1544 1934 Togis
1561 1896 1687 1933 quinam

1042 1943 1219 1975 uterentur,
1237 1944 1291 1976 34,
1304 1944 1333 1970 7.

1021 2000 1064 2006 -
1079 1982 1223 2018 candida,
1238 1987 1293 2018 39,
1309 1987 1361 2013 39.
1378 1981 1438 2011 vid.
1454 1981 1580 2011 Album.

1021 2043 1063 2049 —
1077 2026 1172 2063 picta,
1193 2030 1243 2061 10,
1263 2030 1290 2057 7.
1316 2026 1432 2060 'rogam
1459 2025 1573 2063 pictam
1591 2024 1690 2053 Masi·

1043 2068 1134 2097 nissae
1151 2070 1247 2097 donat
1264 2069 1380 2107 Scipio,
1397 2072 1451 2104 30,
1471 2071 1520 2097 15.

1020 2121 1241 2149 —purpurea,
1260 2115 1312 2143 27,
1330 2116 1360 2140 4.
1375 2115 1430 2147 31,
1452 2115 1501 2140 11.

1020 2170 1063 2176 --
1079 2155 1256 2190 virilis‚26,
1278 2158 1323 2184 19.
1341 2158 1394 2186 42,
1411 2159 1464 2183 34.

998 2197 1155 2229 Toletum.
1174 2198 1246 2226 urbs
1263 2206 1367 2236 parva,
1390 2197 1442 2225 sed
1467 2197 1534 2226 loco
1550 2196 1685 2231 munita,

1041 2244 1095 2274 35,
1120 2245 1149 2271 7.
1173 2244 1201 2268 et
1225 2244 1274 2268 22.
1300 2240 1446 2277 operibus
1469 2239 1614 2268 Toletum
1637 2248 1688 2267 ca-

1041 2283 1088 2320 pit
1106 2283 1150 2312 M.
1175 2283 1304 2312 Fulvius
1327 2283 1482 2319 Nobilior,
1505 2281 1684 2321 proconsul,

1042 2326 1112 2354 ibid.
1131 2326 1192 2354 v7d.
1210 2330 1303 2361 8139,
1316 2330 1367 2354 30.

997 2369 1184 2398 Tolistoboii
1201 2369 1283 2398 Galli
1306 2369 1337 2397 in
1355 2368 1442 2400 Asia,
1462 2370 1515 2400 38,
1535 2371 1582 2396 15.
1608 2375 1684 2404 quo-

1041 2420 1110 2440 nam
1128 2413 1219 2440 modo
1241 2420 1291 2440 eas
1307 2411 1446 2449 ceperint
1459 2411 1558 2445 sedes,
1579 2413 1627 2438 16.
1650 2410 1688 2437 iis

1039 2455 1172 2483 Romani
1190 2455 1302 2484 bellum
1321 2453 1556 2488 inferunt,iln'd.
1568 2457 1685 2491 ‹ta-qq.

1038 2497 1164 2535 fugiunt
1194 2498 1225 2525 in
1257 2498 1423 2535 Olympum
1453 2500 1604 2532 montem,
1639 2499 1686 2524 18.

1038 2543 1065 2568 ct
1086 2545 1130 2571 19.
1156 2541 1336 2575 vincuntur,
1350 2542 1398 2567 20.
1417 2542 1446 2566 et
1459 2548 1536 2575 seqq.

997 2582 1069 2617 Lar,
1092 2583 1155 2611 sive
1180 2584 1298 2616 Lartes,
1320 2581 1523 2615 Tolumnius,
1545 2580 1687 2610 Veienti-

1039 2634 1091 2653 um
1115 2635 1177 2656 rex.
1194 2629 1227 2659 4,
1252 2630 1298 2656 17.
1323 2625 1359 2652 ad
1375 2633 1445 2652 eum
1469 2625 1617 2653 deficiunt
1631 2623 1682 2652 Fi-

1039 2668 1138 2702 denae,
1176 2667 1246 2696 ibid.
1285 2667 1417 2696 interfici
1443 2667 1535 2703 jubet:
1565 2667 1683 2704 legatos

1039 2710 1212 2746 Romanos,
1240 2711 1315 2739 ibid.
1342 2711 1373 2739 in
1390 2710 1501 2748 proelio
1531 2709 1684 2738 occiditur

1039 2761 1057 2780 a
1066 2753 1210 2782 Cornelio
1222 2754 1330 2789 Cosso,
1339 2753 1467 2782 tribuno
1478 2752 1684 2787 militum,l9.

996 2795 1129 2824 Tonitru
1168 2796 1289 2825 ineunti
1328 2797 1542 2834 magistratum
1575 2803 1682 2831 super-

1038 2840 1179 2877 veniens,
1204 2839 1280 2868 vitio
1295 2844 1430 2869 creatum
1454 2838 1613 2874 arguebat,
1631 2841 1685 2871 23,

1038 2885 1089 2909 31.
