1831 3174
129 232 170 261 U.
184 231 221 264 C.
234 231 307 260 575.

130 275 170 304 A.
182 274 220 303 C.
237 273 306 303 177.

131 316 195 345 Bes
211 315 242 345 in
257 316 327 345 Sar—

125 358 211 389 <linia
222 363 327 399 gestae.

128 955 254 995 Ligures

126 997 200 1027 vieti
209 997 327 1027 aClau-

125 1040 176 1071 dio
193 1041 264 1071 Cos.

127 1412 282 1453 Prodigia.

124 1975 211 2006 Luna
229 1976 310 2007 colo-

121 2027 184 2048 ma.

123 2205 246 2236 Claudii
271 2206 322 2237 tti—

122 2248 263 2290 umphus.

341 113 387 145 14-
872 109 1008 149 TITl
1051 110 1220 148 LIVII

338 220 375 259 si
394 220 433 259 ei
451 218 666 268 videretur,
687 220 900 262 exercitum
920 221 1147 261 traduceret
1176 220 1221 260 in
1241 220 1429 274 Ligures.
1489 217 1622 261 Simul
1639 236 1691 262 ex
1713 220 1758 262 li-

340 275 437 317 teris
456 275 647 326 consulis‚
668 293 772 334 quas
793 277 845 318 de
871 276 995 317 rebus
1017 276 1059 317 in
1084 276 1209 318 Istria
1237 276 1363 332 gestis
1384 276 1614 332 scripserat,
1635 277 1677 317 in
1696 277 1757 318 bi-

340 333 471 374 duum
501 332 747 387 supplicatio
776 334 952 375 decreta.
1013 334 1071 374 Et
1101 333 1154 374 ab
1188 333 1317 374 altero
1351 333 1516 374 consule
1553 333 1621 373 Ti.
1646 334 1758 374 Sem-

340 389 484 445 pronio
506 388 546 428 in
570 390 758 431 Sardinia
786 404 979 445 prospere
1000 405 1063 430 res
1083 397 1222 445 gestae.
1282 389 1527 431 Exercitum
1548 389 1591 430 in
1611 405 1759 446 agrum

343 446 567 487 Sardorum
614 447 827 488 Iliensium
872 445 1048 487 induxit.
1124 446 1368 486 Balarorum
1412 461 1562 502 magna
1604 446 1761 488 auxilia

343 502 562 543 Iliensibus
603 511 809 545 venerant.
884 504 991 543 Cum
1036 511 1213 558 utraque
1255 511 1378 558 gente
1425 503 1550 559 signis
1589 503 1761 544 conlatis

339 554 535 600 conflixit.
566 558 648 600 fusi
677 559 897 616 fugatique
926 559 1077 609 hostes,
1108 559 1333 615 castrisque
1363 560 1501 601 exuti:
1540 560 1759 600 duodecim

339 615 467 655 millia
500 623 752 657 armatorum
787 632 901 657 caesa.
963 617 1135 657 Postero
1164 616 1230 657 die
1260 631 1373 656 arma
1402 616 1507 657 lecta
1535 616 1680 672 conjici
1716 616 1757 657 in

339 686 531 712 acervum
574 672 699 726 jussit
745 673 901 723 consul,
943 688 1187 728 sacrumque
1232 672 1275 713 id
1316 673 1501 713 Vulcano
1547 673 1756 714 cremavit.

341 728 547 768 Victorem
581 729 808 770 exercitum
848 730 889 770 in
929 729 1101 770 hiberna
1135 729 1335 770 sociarum
1372 729 1538 770 urbium
1575 729 1756 771 reduxit.

340 786 398 825 Et
422 786 469 824 C.
495 784 710 836 Claudius,
732 786 860 827 literis
887 786 954 826 Ti.
979 786 1144 827 Claudii
1166 794 1206 827 et
1238 786 1590 827 senatusconsulto
1620 802 1761 842 accep-

340 849 397 890 to,
428 856 477 881 ex
511 842 636 882 Istria
664 842 843 899 legiones
877 842 919 882 in
951 842 1129 897 Ligures
1159 842 1407 884 transduxit.
1468 843 1539 883 Ad
1575 843 1761 884 Sculten-

339 912 433 937 nam
472 896 625 938 flumen
666 899 707 939 in
743 914 907 954 campos
946 899 1150 954 progressi
1190 908 1323 940 castra
1360 900 1567 940 habebant
1608 900 1757 941 hostes.

343 953 408 994 Ibi
430 969 523 994 cum
553 954 616 995 his
637 955 721 996 acie
743 955 996 996 dimicatum.
1037 955 1272 1010 quindecim
1302 955 1430 995 millia
1459 971 1586 1003 caesa3
1618 955 1650 980 ⁵¹
1664 957 1759 1012 plus

341 1009 588 1066 septingenti
624 1019 727 1053 autx
756 1012 797 1052 in
827 1012 988 1067 proelio,
1019 1020 1092 1053 aut
1126 1011 1167 1052 in
1198 1011 1340 1053 castris
1372 1012 1485 1064 (nam
1515 1028 1563 1053 ea
1592 1028 1760 1068 quoque

339 1075 579 1123 expugnata
603 1072 718 1123 sunt)
741 1069 873 1125 capti:
906 1077 947 1110 et
978 1068 1094 1124 signa
1121 1069 1315 1110 militaria
1343 1084 1473 1109 unum
1495 1077 1535 1110 et
1556 1070 1762 1125 quinqua-

337 1123 455 1179 ginta
483 1133 614 1180 capta.
677 1125 869 1181 Ligures,
891 1125 1076 1181 reliquiae
1096 1126 1233 1176 caedis,
1255 1125 1296 1166 in
1326 1133 1485 1166 montes
1514 1126 1760 1182 refugerunt

338 1180 512 1236 passim:
559 1182 860 1237 populantique
900 1190 1147 1237 campestres
1186 1198 1306 1238 agros
1345 1182 1501 1223 consuli
1540 1183 1655 1224 nulla
1693 1198 1760 1224 us-

338 1251 464 1292 quam
494 1238 777 1293 adparuerunt
813 1254 936 1280 arma.
999 1239 1215 1289 Claudius,
1246 1239 1424 1280 duarum
1458 1240 1646 1295 gentium
1675 1255 1761 1280 uno

338 1309 445 1334 anno
474 1294 619 1343 victor,
651 1296 829 1345 duabus,
860 1295 975 1351 quod
1009 1311 1102 1337 raro
1131 1296 1249 1347 alius,
1280 1296 1321 1337 in
1351 1296 1568 1338 consulatu
1602 1296 1761 1353 pacatis

339 1350 558 1406 provinciis
580 1353 757 1393 Romam
778 1352 959 1394 revertit.

398 1408 538 1448 XIII.
581 1409 779 1463 Prodigia
798 1425 846 1449 eo
870 1425 976 1450 anno
1005 1409 1210 1450 nunciata.
1241 1409 1283 1450 in
1306 1409 1576 1451 Crustumino
1594 1409 1630 1434 ⁵²
1641 1425 1759 1451 avem

339 1464 576 1519 sangualem
609 1464 755 1519 (quam
784 1468 952 1519 vocant)
983 1465 1016 1489 ⁵5
1028 1481 1189 1506 sacrum
1223 1466 1402 1522 lapidem
1432 1474 1565 1507 rostro
1594 1467 1760 1508 cecidis-

338 1536 390 1561 se.
449 1519 652 1561 ⁵1B0vem
682 1521 724 1562 in
751 1522 978 1578 Campania
1006 1522 1192 1564 locutum
1203 1533 1232 1563 Υ.
1293 1523 1467 1563 Vaccam
1497 1538 1652 1564 aeneam
1685 1524 1761 1580 Sy-

334 1577 489 1618 racusis
523 1578 576 1618 ab
611 1578 762 1633 agresti
796 1586 932 1628 tauro,
963 1579 1036 1634 qui
1069 1594 1216 1634 pecore
1250 1580 1492 1630 aberrasset,
1522 1579 1681 1631 initam,
1712 1596 1760 1621 ac

337 1634 487 1674 semine
517 1634 765 1689 adspersam.
828 1636 879 1675 In
911 1635 1181 1676 Crustumino
1211 1635 1320 1676 diem
1350 1650 1481 1676 unum
1510 1635 1552 1676 in
1582 1636 1672 1692 ipso
1701 1636 1759 1678 lo-

336 1705 384 1730 co
411 1690 657 1746 supplicatio
687 1691 792 1731 fuit:
825 1699 866 1732 et
895 1691 936 1731 in
960 1692 1187 1747 Campania
1214 1692 1289 1733 bos
1318 1692 1466 1733 alenda
1493 1693 1659 1748 publice
1688 1693 1759 1734 da„

336 1754 402 1787 ta:
438 1748 826 1803 Syracusanumque
855 1748 1093 1804 prodigium
1123 1748 1351 1805 expiatum,
1373 1749 1494 1790 editis
1518 1750 1570 1790 ab
1600 1750 1758 1806 aruspi-

335 1802 452 1844 cibus
483 1803 588 1853 Diis,
620 1804 773 1860 quibus
808 1805 1122 1860 supplicaretur.
1184 1805 1379 1846 Pontifex
1419 1822 1467 1846 eo
1506 1821 1612 1847 anno
1651 1822 1759 1848 mor-

336 1867 436 1901 tuus
465 1868 525 1901 est
558 1861 619 1900 M.
645 1861 846 1902 Claudius
875 1861 1115 1911 Marcellus,
1137 1861 1210 1917 qui
1240 1862 1381 1902 consul
1415 1877 1640 1919 censorque
1668 1863 1758 1904 fue-

335 1923 411 1957 rat.
444 1916 485 1956 in
505 1918 594 1973 ejus
615 1917 749 1958 locum
772 1918 985 1959 subfectus
1005 1926 1065 1959 est
1095 1918 1283 1974 pontifex
1312 1919 1422 1960 filius
1443 1920 1533 1975 ejus
1554 1920 1617 1960 M.
1641 1921 1757 1962 Mar-

336 1973 474 2014 cellus.
506 1981 546 2014 et
565 1973 599 1997 5⁵
614 1975 779 2015 Lunam
809 1974 990 2016 coloniaz
1018 1975 1161 2016 eodem
1192 1991 1299 2016 anno
1328 1976 1413 2017 duo
1448 1976 1576 2017 millia
1604 1976 1757 2019 civium

338 2030 621 2071 Romanorum
651 2039 747 2073 sunt
777 2032 969 2073 deducta.
1032 2031 1261 2073 Triumviri
1291 2032 1572 2084 deduxerunt,
1604 2035 1651 2075 P.
1682 2034 1758 2074 AE-

335 2086 429 2136 lius,
460 2087 509 2127 L.
534 2087 712 2142 Egilius,
737 2089 812 2129 Cn.
838 2088 1023 2129 Sicinius.
1055 2088 1349 2145 quinquagena
1378 2098 1419 2131 et
1450 2089 1613 2145 singula
1634 2091 1757 2147 juge-

333 2157 379 2183 ra
405 2151 446 2184 et
478 2143 660 2185 semisses
688 2144 777 2201 agri
807 2145 848 2186 in
879 2145 1061 2201 singulos
1091 2146 1177 2187 dati
1209 2155 1316 2187 sunt.
1348 2146 1400 2187 de
1423 2146 1581 2202 Ligure
1610 2155 1758 2204 captus

333 2199 366 2239 is
386 2215 484 2255 ager
504 2208 602 2241 erat.
664 2202 939 2243 Etruscorum
969 2211 1078 2252 ante,
1101 2218 1225 2258 quam
1249 2202 1473 2258 Ligurum,
1495 2203 1643 2245 fuerat.
1705 2205 1753 2245 C.

335 2256 536 2298 Claudius
557 2258 699 2298 consul
719 2258 773 2299 ad
800 2259 945 2300 urbem
966 2259 1102 2301 venit:
1135 2259 1217 2310 cui,
1238 2274 1370 2315 quum
1391 2259 1432 2300 in
1454 2268 1599 2302 senatu
1620 2260 1674 2301 de
1693 2276 1754 2302 re-

375 2357 391 2374 Χ
406 2361 457 2384 aut
474 2355 534 2386 del.
553 2356 648 2387 Gron.
665 2356 757 2387 Crev.
842 2362 859 2386 Υ
876 2358 999 2387 locutam
1015 2358 1105 2388 Crev.
1190 2362 1207 2379 Ζ
1224 2358 1335 2388 Lucam
1351 2359 1489 2388 coloniam
1505 2358 1601 2390 Gron.
1619 2359 1711 2392 Crev-

374 2450 412 2480 51
440 2450 513 2480 Plus
541 2451 729 2491 septingenti]
762 2452 813 2482 Sic
843 2452 903 2493 legi
930 2451 1021 2493 jussit
1064 2452 1114 2482 dei
1138 2452 1286 2489 Termini,
1312 2452 1376 2483 sive
1399 2452 1573 2495 hujusmodi
1602 2454 1753 2497 lapidum,

334 2492 510 2523 Gronovius
538 2503 575 2523 ex
600 2493 680 2524 Livii
707 2504 803 2531 more,
826 2505 886 2525 non
915 2496 1019 2535 septin-
1064 2495 1125 2525 vid.
1143 2496 1228 2526 Plut.
1244 2495 1276 2525 in
1291 2495 1409 2526 Numa.

328 2537 436 2576 gentis.
1106 2539 1147 2568 54
1182 2538 1285 2568 Bovem
1328 2539 1360 2568 ’ἱη
1404 2539 1566 2577 Campania
1609 2539 1748 2579 locutam]

374 2579 414 2608 52
438 2578 525 2608 Auem
547 2578 730 2619 sangualem]
767 2578 916 2609 Scribitur
945 2589 1020 2620 quo-
1065 2580 1169 2621 Vulgo
1197 2581 1335 2611 locutum.
1387 2580 1447 2610 Sed
1476 2582 1548 2614 Jac.
1577 2581 1751 2613 Gronovius

332 2631 392 2661 que
415 2621 573 2660 sanqualis.
618 2621 669 2651 De
691 2631 729 2651 ea
749 2621 869 2652 Plinius
890 2622 1021 2652 mentio·
1065 2623 1174 2653 maluit
1213 2624 1347 2658 locutam,
1377 2628 1539 2664 propterea
1567 2623 1649 2664 quod
1682 2635 1753 2655 mox

332 2673 403 2693 nem
427 2663 501 2694 facit
523 2663 544 2693 l.
569 2663 610 2694 X.
634 2674 662 2694 c.
687 2664 717 2694 7.
734 2663 809 2694 Vid.
831 2669 862 2694 et
886 2665 1022 2696 Festum.
1064 2665 1201 2706 sequitur
1218 2665 1273 2695 Bos
1287 2666 1393 2695 alenda
1406 2666 1517 2705 publice
1531 2668 1612 2697 data.

334 2705 469 2737 Nomine
483 2711 603 2736 tantum
618 2705 706 2736 nobis
721 2714 793 2737 nota
808 2712 866 2737 est.
1107 2710 1149 2739 55
1172 2708 1299 2748 Lucam]
1331 2707 1393 2738 Hic
1416 2708 1621 2739 Gronovianae
1643 2708 1753 2740 editio-

375 2750 416 2778 53
440 2749 561 2779 Sacrum
577 2750 720 2790 lapidem]
749 2748 896 2790 Aliquem
920 2760 957 2780 ex
982 2748 1021 2779 iis
1063 2761 1118 2781 nes
1156 2751 1272 2781 habent
1312 2750 1447 2780 Lunam.-
1483 2751 1640 2782 mendose.
1686 2752 1752 2783 Ve-

332 2790 499 2832 lapidibus,
523 2801 599 2833 quos
621 2791 822 2822 terminandis
844 2792 924 2833 agris
946 2792 1021 2822 fixos
1063 2792 1204 2824 tustiores
1231 2793 1396 2834 praeferunt
1421 2793 1544 2831 Lucam,
1567 2800 1598 2825 et
1624 2804 1752 2826 consen-

332 2835 566 2870 consecrabant,
594 2834 744 2865 ornabant
777 2834 912 2871 floribus,
941 2835 1021 2865 olivo
1064 2836 1101 2867 tit
1117 2836 1267 2872 Velleius,
1283 2836 1305 2868 l.
1322 2836 1346 2866 1.
1364 2846 1393 2867 c.
1411 2836 1461 2867 15.

333 2877 501 2916 ungebant,
524 2883 584 2908 etc.
629 2878 679 2908 De
705 2877 851 2919 religione
881 2887 911 2908 et
936 2878 1021 2910 cultu
