1826 3149
127 201 169 232 U.
182 199 219 234 C.
232 201 304 233 584.

123 244 165 275 A.
179 244 217 276 C.
235 245 304 276 168.

344 86 417 126 160
872 91 1015 130 TIT-1
1063 93 1237 133 L1V11

339 196 430 246 tihi,
458 197 505 239 P.
526 197 693 247 Nasica,
716 205 754 239 et
786 201 1016 255 quicumque
1048 203 1164 253 idem,
1196 204 1304 258 quod
1330 210 1388 254 tu,
1409 205 1598 247 occultius
1627 219 1755 247 sense-

340 260 448 303 runt,
481 268 559 295 non
584 256 791 309 grava-hor
820 259 987 299 reddere
1015 260 1158 300 dilatce
1179 275 1332 316 pugnae
1361 263 1573 303 rationem.
1644 263 1754 303 Nam

338 317 494 352 tantum
515 312 637 361 abest,
660 320 705 352 ut
725 328 783 352 me
803 315 998 355 hesternce
1029 318 1176 369 quietis
1204 320 1415 371 pceniteat,
1436 325 1481 360 ut
1511 327 1709 361 servatum
1728 334 1755 359 a

336 383 396 408 me
425 371 637 409 exercitum
658 384 703 409 eo
722 372 890 411 consilio
918 374 1089 413 credam.
1122 375 1164 414 in
1196 390 1275 428 qua
1305 391 1364 416 me
1392 378 1583 429 opinione
1609 392 1688 417 esse
1708 391 1758 416 ne

336 427 426 479 quis
453 427 542 467 sine
566 441 704 466 caussa
736 427 904 469 vestram
924 432 1076 478 credat,
1099 440 1371 486 recognoscat,
1394 435 1575 488 agedum,
1597 448 1755 482 mecum,

336 484 373 523 si
392 484 563 531 videtur,
582 498 699 536 quam
715 486 840 525 multa
854 500 935 538 pro
951 488 1061 528 lzoste
1076 495 1114 528 et
1133 490 1323 531 adversus
1342 491 1600 545 nosficerint.
1658 492 1756 534 Jam

336 541 508 580 omnium
532 542 723 592 primum,
757 540 985 595 ¹⁵quantum
1021 559 1183 586 numero
1213 561 1284 587 nos
1323 555 1529 599 praestent,
1562 549 1756 589 neminem

336 598 505 637 'oestrum
526 611 596 637 nec
611 603 708 637 ante
729 599 947 653 ignorasse,
965 608 1004 642 et
1023 602 1206 643 hesterno
1221 605 1288 644 die
1304 604 1579 657 ¹⁶inplicatam
1597 607 1756 646 intuen-

335 660 394 694 tes
410 655 533 694 aciem
550 656 893 706 animadvertisse,
917 666 1063 700 certum
1084 661 1220 701 haheo.
1281 663 1351 702 Ex
1365 662 1441 702 lzac
1460 669 1599 703 nostra
1608 664 1755 716 pauci-

335 717 423 751 tate
443 718 591 764 quarta
612 726 716 764 pars
736 715 906 755 militum
933 718 1133 769 prcesidio
1161 719 1445 771 inpedimentis
1474 721 1618 760 relicta
1636 726 1754 760 erat.-

336 781 407 808 nec
427 769 726 822 ignavissimum
759 785 948 826 quemque
977 775 1157 828 relinqui
1176 778 1233 816 ad
1250 778 1471 817 custodiam
1502 778 1756 818 sarcinarum

335 826 462 866 scitis.
521 826 601 867 Sed
601 826 810 880 fuerimus
830 843 972 870 omnes.
993 845 1158 882 parvum
1179 834 1252 873 leoc
1271 835 1431 874 tandem
1452 849 1533 875 esse
1546 835 1754 883 credimuS,

336 883 444 935 quod
473 898 522 923 ea·
548 884 613 924 his
632 886 788 933 castris,
813 886 856 926 in
877 887 1018 940 quibus
1045 890 1122 928 lzac
1148 897 1261 930 nocte
1291 892 1520 940 mansimus,
1541 893 1695 932 exituri
1712 891 1756 931 in

334 940 460 980 aciem
481 941 676 981 hodierno
696 949 768 983 aut
786 957 971 984 summum
993 947 1171 986 crastino
1192 948 1271 996 die,
1288 949 1326 988 si
1345 948 1406 988 ita
1423 949 1635 998 videbitur,
1658 949 1756 990 Diis

334 996 431 1037 bene
431 996 687 1050 juvantibus,
703 1013 833 1041 sumus
847 1003 867 1039 ?
922 1002 1093 1043 Nihilne
1108 1005 1286 1053 interest,
1300 1011 1430 1045 utrum
1447 1007 1625 1056 militem,
1643 1019 1755 1060 quem

334 1067 461 1108 neque
472 1055 550 1096 vice
563 1055 680 1095 labor
693 1057 824 1106 hodie,
841 1072 966 1112 neque
980 1062 1114 1113 operis
1112 1062 1383 1115 fiztigaverit,
1400 1063 1633 1116 requietum,
1651 1064 1756 1104 inte—

330 1125 448 1165 grum
470 1112 513 1152 in
533 1113 709 1153 tentorio
728 1128 798 1154 suo
817 1129 933 1156 arma
952 1131 1097 1170 capere
1101 1117 1263 1171 jubeas,
1285 1125 1407 1173 atque
1423 1119 1505 1160 ¹⁷in
1526 1123 1650 1162 aciem
1664 1121 1756 1174 ple-

334 1182 427 1209 num
462 1170 624 1220 virium,
646 1171 837 1224 vigentem
867 1180 905 1213 et
934 1188 1100 1227 corpore
1119 1182 1157 1215 et
1178 1177 1313 1216 animo
1341 1178 1520 1218 educas?
1551 1193 1606 1218 an
1636 1179 1756 1232 longo

336 1226 484 1266 itinere
486 1227 735 1280 fatigatum,
753 1236 791 1269 et
807 1243 926 1270 onere
928 1231 1099 1284 fissum,
1116 1235 1337 1274 madentem
1357 1236 1512 1284 sudore,
1532 1235 1755 1276 way-denti-

334 1282 405 1324 bus
432 1284 506 1324 siti
517 1284 728 1337 faucibus,
760 1300 830 1326 ore
859 1293 979 1341 atque
1006 1289 1131 1330 oculis
1159 1292 1324 1343 repletis
1350 1293 1528 1343 pulvere,
1557 1292 1755 1333 ¹⁹torren-

335 1346 411 1380 tem
441 1342 668 1381 meridiano
700 1344 794 1394 sole,
815 1344 922 1385 hosti
949 1345 1117 1399 olgjicias
1147 1349 1310 1398 recenti,
1333 1348 1519 1403 2⁰qm‘eto,
1541 1352 1612 1404 qui
1639 1350 1754 1390 nulla

334 1411 380 1436 re
398 1403 495 1437 ante
514 1405 736 1440 consumtas
752 1401 856 1441 vires
871 1403 929 1441 ad
935 1404 1127 1455 prcelium
1143 1405 1309 1459 adferat
1323 1409 1344 1444 ?
1394 1406 1508 1454 Quis,
1518 1421 1600 1459 pro
1625 1407 1755 1448 Deam

313 1455 476 1509 fidem!
518 1455 579 1495 ita
610 1464 878 1509 comparatus,
910 1461 972 1499 vel
1002 1461 1111 1501 iners
1140 1468 1260 1515 atque
1292 1463 1463 1512 inbellis,
1478 1464 1754 1517 fortissimum

332 1513 460 1553 virum
481 1526 561 1552 non
582 1514 761 1554 vicerit?
800 1514 947 1558 Quid?
980 1519 1086 1570 quod
1101 1519 1230 1559 lzostes
1241 1534 1322 1573 per
1340 1534 1524 1561 summum
1546 1523 1668 1562 otium
1690 1523 1754 1563 in—

331 1576 567 1611 struxerant
585 1571 724 1619 aciem,
746 1581 1043 1624 reparaverant
1063 1576 1231 1625 animos,
1253 1577 1415 1618 stabant
1445 1581 1654 1631 compositi
1672 1581 1755 1621 suis

332 1628 498 1680 quisque
531 1627 776 1669 ordinibus?
820 1629 934 1670 nobis
962 1638 1056 1671 tunc
1085 1640 1248 1685 repente
1276 1636 1562 1687 trepidandum
1593 1638 1637 1677 in
1666 1638 1755 1678 acie

333 1685 572 1724 instruenda
592 1690 696 1732 erat,
719 1686 760 1725 ei
779 1686 1052 1739 incompositis
1071 1694 1381 1731 concurrendum
1397 1694 1419 1730 ?

391 1740 632 1781 XXXIX.
663 1740 771 1790 91At,
796 1743 989 1793 Hercule,
1011 1747 1135 1786 aciem
1158 1748 1314 1800 quidem
1333 1749 1579 1790 inconditam
1597 1751 1755 1792 inordi-

332 1804 550 1851 natamque
569 1798 862 1840 habuissemus.-
893 1808 1028 1842 castra
1054 1805 1224 1854 munita,
1239 1806 1448 1858 provisam
1478 1809 1750 1860 aquationem,

331 1861 457 1895 tutum
477 1855 535 1894 ad
553 1869 638 1896 eam
661 1857 738 1896 iter
750 1858 963 1909 praesidiis
994 1860 1195 1913 inpositis,
1217 1864 1432 1916 explorata
1462 1865 1571 1905 circa
1592 1866 1727 1905 omnia
1735 1888 1751 1912 ,-

331 1926 387 1951 an
403 1912 510 1952 nihil
524 1913 654 1953 nostri
667 1913 858 1955 habentes
865 1922 1021 1968 prceter
1036 1919 1180 1958 nudum
1195 1934 1388 1973 campum,
1404 1921 1446 1961 in
1464 1935 1541 1975 quo
1548 1936 1755 1977 pugnare-

331 1968 450 2009 mus?
509 1968 693 2023 Majores
721 1972 844 2012 vestri
871 1979 1007 2014 castra
1037 1976 1192 2016 munita
1215 1983 1378 2029 portum
1406 1979 1464 2018 ad
1482 1993 1613 2020 omnes
1641 1994 1755 2021 casus

384 2068 424 2097 15
457 2067 608 2101 Quantum
641 2081 761 2100 numero
790 2082 840 2101 nos
866 2073 1018 2114 7›r1!·stent]

332 2109 464 2140 Perseus
476 2120 568 2150 supra
581 2111 604 2141 1.
616 2112 721 2142 XLII.
734 2123 762 2144 c.
775 2115 826 2144 51⁷.
839 2114 953 2146 dicitur
964 2116 1019 2147 ha-

331 2151 434 2183 buisse
450 2152 743 2195 undequadraginta
756 2156 895 2197 peditum
910 2158 1019 2196 millla,

330 2200 462 2236 quatuor
484 2195 634 2236 equitum.
679 2198 807 2230 Consuli
829 2210 866 2230 ex
891 2200 1019 2242 legioni-

332 2237 390 2268 bus
416 2238 568 2270 Romanis
587 2245 618 2270 et
642 2241 779 2272 exercitu
802 2242 908 2273 sociali
932 2251 1020 2275 erant

331 2279 560 2321 duodetriginta
583 2282 682 2312 millia
702 2284 852 2325 peditum,
878 2287 1017 2326 equitum

330 2322 403 2357 duo,
419 2329 454 2353 ut
475 2324 629 2364 colligitur
650 2335 687 2355 ex
709 2337 735 2356 c.
752 2328 803 2358 31.
821 2328 840 2359 l.
858 2329 965 2361 XLII.
988 2336 1019 2360 et

329 2375 358 2396 c.
371 2366 421 2396 21.
436 2366 527 2406 hujus
539 2366 617 2397 libri.
656 2369 728 2398 Huc
741 2369 821 2401 adde
833 2381 894 2401 non
906 2382 1020 2414 magna

330 2418 404 2439 sane
420 2408 521 2439 Attali
535 2415 566 2439 et
579 2409 752 2451 Misagenis
766 2413 894 2445 auxilia.

390 2451 429 2481 16
478 2451 662 2490 Implt'catam
719 2456 862 2486 intuentes
913 2457 1018 2498 aciem]

332 2493 432 2524 Recte
446 2493 592 2525 emendat
608 2496 782 2527 Gronovius
796 2500 977 2537 mplicatam.

376 2537 413 2566 17
438 2536 476 2566 In
501 2538 593 2566 ctciem
618 2562 624 2568 .
650 2560 658 2569 .
683 2560 693 2569 .
717 2541 838 2582 educas]
864 2541 1020 2572 Correctio

331 2578 458 2619 Sigonii.
502 2579 607 2611 Antea
620 2582 651 2610 in
666 2583 736 2611 acie.

377 2622 414 2652 18
438 2622 614 2653 Ardentibus
634 2625 683 2653 siti
697 2624 856 2666 salicibus]
882 2626 964 2657 Vide
980 2637 1020 2657 an

330 2663 422 2694 malis
434 2666 593 2696 arentibus.

384 2708 422 2738 19
456 2708 626 2738 Torrentem
653 2710 813 2739 meridiano
839 2711 909 2751 sole]
941 2712 1016 2752 Legi

326 2748 417 2788 jubet
445 2750 622 2781 Perizonius
647 2757 782 2783 torrente.
838 2754 944 2784 Potest
970 2760 1016 2784 ta-

331 2801 404 2823 men
425 2792 548 2825 defendi
571 2794 697 2835 vulgata
727 2794 819 2825 lectio
842 2795 1017 2837 Virgiliano

330 2833 387 2864 hoc
414 2846 514 2872 versu,
547 2837 606 2867 Per
639 2839 703 2877 pice
731 2844 870 2869 torrentes
897 2846 1018 2880 atraque

1064 2077 1200 2116 voragine
1222 2078 1311 2115 ripas.
1356 2077 1440 2108 Nam
1463 2076 1505 2107 ibi
1523 2077 1656 2114 Servius,
1673 2080 1750 2110 AE2n.

1065 2117 1087 2149 l.
1110 2118 1170 2149 IX.
1202 2130 1232 2150 v.
1265 2120 1336 2151 105.
1362 2126 1501 2152 torrentes
1535 2121 1752 2164 interpretatur

1063 2162 1206 2191 ardentes.

1105 2204 1147 2233 20
1172 2204 1290 2244 Quieto]
1325 2204 1500 2236 Gronovius
1521 2204 1678 2237 existimat
1698 2203 1749 2237 hie

1063 2256 1185 2286 quoque
1201 2247 1356 2288 scripsisse
1371 2247 1494 2278 Livium
1509 2250 1648 2289 requieto.
1692 2250 1750 2280 Est

1061 2288 1155 2323 enim,
1185 2289 1294 2330 inquit,
1319 2290 1403 2320 aliud
1433 2292 1556 2330 quietus,
1590 2291 1675 2323 aliud
1701 2303 1749 2323 re-

1061 2332 1185 2371 quietus.
1221 2331 1274 2362 Ad
1285 2331 1362 2362 illud
1373 2332 1485 2364 sufficit
1496 2344 1630 2375 praesens
1642 2334 1729 2376 quies
1742 2346 1749 2364 ε

1062 2373 1119 2404 hoc
1134 2374 1278 2416 competit
1292 2374 1353 2405 illis
1366 2375 1418 2416 qui
1434 2376 1626 2418 aliquamdiu
1647 2378 1750 2419 quiete

1064 2426 1110 2446 us¹
1126 2422 1207 2448 sunt.

1118 2460 1156 2488 21
1194 2460 1232 2489 At
1260 2460 1376 2490 hercule
1402 2461 1507 2501 aciem]
1547 2461 1665 2503 Objicit
1693 2462 1752 2494 sibi

1065 2501 1231 2532 AEmilius:
1277 2503 1322 2532 At
1348 2503 1472 2533 hercule
1499 2502 1596 2534 aciem
1624 2504 1751 2547 quidem

1064 2543 1270 2575 inordinatam
1304 2551 1396 2585 atque
1429 2546 1661 2588 incompositam
1693 2548 1749 2579 ha-

1064 2585 1246 2621 buissemus,
1263 2587 1318 2617 sed
1331 2594 1435 2620 cetera
1449 2590 1571 2630 egregie
1583 2596 1702 2632 parata,
1718 2591 1751 2622 id

1065 2634 1122 2663 est,
1145 2634 1247 2659 castra
1277 2630 1406 2666 munita,
1431 2631 1583 2674 provisam
1609 2634 1749 2674 aquatio—

1063 2680 1134 2701 nem
1158 2694 1166 2701 .
1190 2693 1199 2702 .
1224 2694 1232 2702 .
1255 2672 1335 2702 Tum
1348 2675 1526 2715 respondet:
1551 2675 1634 2706 itane
1650 2676 1750 2718 parati

1059 2714 1327 2749 concurrissemus,
1352 2726 1391 2747 an
1420 2718 1521 2759 potius
1551 2718 1628 2748 nihil
1653 2719 1747 2749 nostri

1060 2756 1219 2791 habentes,
1250 2763 1361 2799 praeter
1390 2760 1508 2792 nudum
1537 2771 1691 2804 campum,
1715 2761 1746 2793 in

1061 2809 1121 2840 quo
1135 2810 1351 2841 pugnaremus.
