1831 3194
547 71 936 108 1118'1't1111sx11111x1
977 72 1182 108 multos
1492 79 1567 116 ‘2359

231 184 349 211 Consul
383 183 506 217 iterum,
533 182 662 210 sortitur
689 183 831 210 Macedo-

188 229 280 256 niam.
296 231 349 254 44.
373 230 419 256 17.
434 226 512 262 ejus,
530 230 695 262 antequam
714 226 746 254 in
766 227 833 254 Mn-

185 271 346 298 eedoninn
361 270 432 303 iret,
444 269 480 296 ad
496 269 642 306 populum
657 270 770 305 oratio,
781 274 833 297 22.

185 315 285 342 multa
301 314 339 341 al)
355 324 390 342 eo
408 312 627 341 institutorum
652 313 831 341 militarium

185 358 215 385 in
235 358 344 385 melius
361 359 493 389 mutata,
510 360 549 384 353
579 356 645 392 ejus
669 357 769 385 oratio
793 358 830 384 ad

185 401 311 434 milites,
323 404 372 428 34.
390 409 441 437 per
455 400 658 428 l'errhoebiam
675 400 698 428 it
709 400 746 428 ad
760 400 828 428 hos-

183 449 242 475 tes.
256 448 306 472 35.
322 444 386 480 ejus
403 443 537 480 prudens
553 444 589 471 ad
605 443 748 472 Nasicam
763 453 829 471 ora-

183 488 239 519 tio.
254 490 306 516 36.
324 487 478 515 instructo
493 487 630 514 exercitu
647 487 750 515 munit
766 496 830 515 cas-

182 535 242 566 tra,
258 535 309 561 37.
327 530 393 567 ejus
417 530 453 558 de
477 540 580 567 pugna
604 530 700 558 dilata
715 532 829 567 oratio,

182 579 235 604 38.
254 574 348 602 vincit
367 574 564 609 Macedonas¹
589 577 640 601 41.

224 618 359 655 acceptis
376 626 393 645 a
411 618 520 646 Perseo
542 617 651 651 literis,
668 617 831 645 illacrima—

182 665 233 689 tur
250 661 324 689 sorti
342 661 498 695 humanae,
515 665 571 696 45,
589 665 617 689 4.
637 662 672 689 ad
689 671 759 689 eum
781 662 832 689 ad-

182 705 307 733 ducitur
334 705 473 737 Perseus,
499 708 528 735 7.
553 704 686 741 henigne
717 705 833 742 excipit.

182 749 338 780 Perseum,
362 757 495 785 eumque
518 752 673 776 tacentem
698 749 829 785 alloqui-

181 795 245 824 tur,
264 796 291 819 8.
309 797 449 829 peragrat
474 792 640 826 Graeciam,
659 795 708 820 27.
754 793 830 820 Aui-

180 835 301 873 phipoli
318 834 479 873 componit
496 844 543 862 res
558 835 764 870 Macedoni-n,
779 840 829 865 ⁶29.

181 879 341 907 succendit
365 888 451 907 arma
473 879 626 913 hostium,
642 883 695 908 33.
715 879 832 915 trajicit

181 922 214 950 in
239 923 376 958 ltaliam,
392 925 446 951 34.
469 923 661 959 triumphus.
678 922 705 950 oi
729 923 830 950 decre-

181 970 232 994 tns
250 975 267 994 a
284 971 407 997 senatu,
425 966 594 1003 impeditur
610 975 628 994 a
645 966 710 995 Ser.
727 966 830 1003 Sulpi-

181 1010 229 1038 cio
246 1007 358 1040 Galba.
377 1009 506 1038 tribuno
530 1009 681 1043 militum,
702 1010 756 1044 35,
774 1012 830 1038 36.

180 1053 354 1091 triumphat
377 1053 413 1080 de
432 1053 556 1088 Perseo,
572 1056 626 1088 39,
642 1056 693 1080 40.
711 1053 831 1080 amittit

181 1097 258 1124 duos
278 1096 369 1126 tilios.
388 1095 464 1124 ibid.
480 1095 546 1132 ejus
571 1096 607 1123 de
631 1105 688 1123 sua
703 1095 831 1124 fortuna

180 1139 292 1173 oratio,
310 1143 360 1167 41.
379 1139 583 1171 abstinentia.
601 1139 686 1177 Epit.
704 1141 756 1167 46.

137 1182 334 1211 L.AE1nilius
358 1182 497 1219 Paullus,
519 1182 638 1217 legatus
664 1182 695 1210 in
724 1183 828 1211 decem

179 1226 216 1254 ad
234 1235 281 1254 res
300 1225 384 1254 Asiae
401 1226 617 1264 disceptandas
639 1235 828 1262 componen-

179 1270 308 1307 dasque,
331 1274 385 1302 37,
404 1273 455 1298 55.
480 1270 597 1298 resistit
616 1271 675 1298 Cn.
693 1270 828 1306 Manlio,

179 1313 374 1350 triumphum
393 1315 524 1351 petenti,
542 1316 594 1346 323,
614 1317 665 1342 44.
683 1318 713 1341 et
728 1323 808 1352 seqq.

137 1355 172 1385 L.
190 1357 337 1386 AEmilius
356 1357 510 1394 Regillus,
525 1362 651 1394 prmtor,
667 1359 722 1392 36,
737 1361 788 1386 45.
802 1356 829 1385 ei

179 1400 285 1429 evenit
303 1400 420 1428 navalis
437 1400 609 1437 provincia,
623 1404 679 1435 37,
695 1404 834 1429 2414.

181 1445 217 1472 ad
248 1453 318 1472 eum
347 1444 569 1472 caduceatores
600 1444 638 1471 ab
670 1444 832 1472 Antiocho

180 1488 280 1522 missi,
298 1487 350 1524 qui
367 1487 404 1515 de
422 1496 495 1525 pace
517 1491 655 1525 agerent.
675 1491 722 1515 18.
740 1486 833 1515 habet.

180 1531 359 1560 consilium.
377 1534 425 1559 19.
439 1531 560 1558 invadit
572 1539 661 1568 agros
671 1531 831 1563 Teiorum.

182 1579 233 1602 28.
254 1574 420 1602 contendit
443 1574 480 1602 ad
504 1574 638 1604 hostem.
665 1577 714 1604 29.
734 1574 832 1602 vincit

180 1618 309 1645 classem
325 1617 489 1649 Antiochi.
505 1621 557 1647 30.
569 1623 733 1655 oppugnat
751 1617 832 1645 l’ho-

180 1670 285 1693 caram.
297 1660 423 1696 asejus
435 1660 613 1698 triumphus
623 1661 815 1695 navalis,.58.

137 1704 172 1732 L.
191 1703 334 1732 AEmilius
352 1703 486 1732 Scaurus
500 1705 742 1742 Hellespontum
761 1704 834 1732 init-

179 1748 271 1784 titur,
290 1751 343 1779 37.
361 1751 414 1775 31.

139 1791 234 1820 Mam.
252 1790 411 1826 AEmilius,
426 1790 573 1818 tribunus
597 1790 732 1819 militum
754 1800 829 1819 con-

179 1834 274 1862 sulari
298 1837 468 1872 potestate,
484 1838 516 1868 4,
537 1836 585 1862 16.
603 1834 739 1862 dictator
755 1835 828 1863 dici-

178 1881 243 1913 tur,
263 1881 310 1908 17.
325 1877 473 1906 Veientes
489 1881 519 1905 et
537 1878 701 1906 Fidenates
718 1878 830 1916 proelio

180 1921 291 1957 vincit,
312 1925 363 1957 18,
383 1925 431 1951 19.
444 1920 643 1958 triumphans
659 1921 766 1950 urbem
785 1923 829 1949 in-

179 1965 332 2002 greditur,
364 1968 414 1992 20.
447 1964 560 1992 iterum
598 1965 746 2000 dictator,
778 1969 830 1993 23.

181 2008 446 2046 quinquennalem
471 2016 635 2036 censuram
660 2009 772 2046 redigit
792 2009 830 2037 ad

181 2052 255 2079 anni
277 2052 370 2079 unius
387 2055 418 2079 et
435 2060 486 2079 sex
504 2051 656 2079 mensium
681 2052 830 2090 spatium,

182 2098 233 2123 24.
252 2104 269 2123 a
284 2094 465 2123 censoribus
480 2094 566 2122 tribu
583 2101 738 2131 movetur,
757 2095 830 2124 ibid.

181 2138 318 2166 dictator
343 2141 479 2172 creatur,
506 2138 598 2175 paulo
624 2142 698 2167 ante
724 2142 831 2167 motus

180 2182 279 2218 tribu,
292 2185 344 2209 31.
361 2181 430 2217 ejus
444 2182 543 2209 oravio
557 2182 592 2209 ad
608 2183 769 2220 populum.
780 2186 834 2211 32.

181 2225 248 2262 ejus
267 2225 303 2254 ad
321 2225 436 2253 milites
460 2225 652 2260 adhortatio,
670 2229 722 2253 33.
741 2226 831 2254 Fide-

181 2278 238 2297 nas
255 2268 349 2306 capit,
365 2272 397 2296 et
413 2268 600 2306 triumphat,
619 2273 673 2298 34.

141 2311 238 2340 Mam.
257 2311 416 2345 AEmilius,
432 2312 553 2344 consul.
572 2315 604 2345 4,
622 2316 672 2340 53.

144 2355 200 2384 Μ’.
211 2355 356 2383 AEinilius
368 2355 593 2388 Mamercinus,
605 2355 752 2383 tribunus
761 2363 834 2382 con-

183 2397 308 2433 sularis,
319 2402 351 2434 4,
362 2400 397 2426 61
407 2419 413 2424 .
424 2398 550 2429 iterum.
563 2403 625 2431 5‚1.
636 2398 836 2429 tertium,10.

139 2442 184 2470 M.
202 2442 361 2474 AEmilius.
385 2442 532 2470 tribunus
559 2443 694 2470 militum
722 2450 836 2470 consu-

183 2485 239 2513 lari
255 2488 422 2523 potestate,
443 2489 473 2517 5.
490 2490 542 2514 32.

140 2528 187 2557 M.
203 2528 361 2563 AEmiliu<‚
387 2530 509 2559 consul.
539 2532 587 2559 10.
616 2532 644 2556 1.
667 2527 698 2555 in
727 2527 832 2565 fugam

185 2571 279 2599 vertit
292 2572 429 2601 Graecos,
447 2580 518 2600 eum
534 2572 704 2609 Cleonymo
720 2571 753 2600 in
770 2571 834 2600 Ita-

185 2614 258 2642 liam
275 2615 374 2643 classe
392 2615 550 2649 advectoS,
569 2619 599 2643 2.

145 2656 190 2684 M.
209 2657 367 2691 AEmilius‚
386 2662 500 2696 praetor
516 2658 642 2692 Siciliae,
661 2661 714 2693 21,
731 2660 784 2687 49.

145 2699 191 2728 M.
208 2699 367 2734 AEmffius,
399 2705 513 2739 praetor
541 2702 694 2737 urbanus,
721 2704 776 2736 22,
804 2704 834 2731 9.

184 2747 238 2771 33.
255 2747 308 2776 27.
324 2748 378 2772 33.

148 2786 193 2814 Μ.
212 2786 372 2820 AEmilius,
396 2787 492 2816 frater
519 2787 554 2816 1..
578 2786 696 2816 AEmilii
723 2785 836 2821 Regilli

191 2829 344 2867 praetoriS‚
362 2830 495 2866 decedit,
510 2834 565 2866 37,
582 2834 633 2858 22.

148 2872 192 2900 M.
213 2872 330 2902 AEmilii
360 2872 480 2911 Lepidi,
504 2872 552 2901 bis
577 2872 715 2902 consulis
744 2874 837 2909 atque

922 182 1060 220 augulis.
1086 186 1148 209 tros
1174 183 1240 218 lilii,
1260 185 1290 212 1..
1312 186 1354 213 M.
1373 190 1401 214 et
1422 188 1451 216 Q
1481 187 1567 214 ludos

922 226 1066 254 funebres
1091 227 1182 263 patri.
1200 232 1230 254 et
1254 228 1460 265 gladiatorum
1485 240 1568 267 parm

921 270 982 298 duo
1010 274 1041 298 et
1067 269 1178 307 viginti
1202 280 1255 308 per
1282 272 1419 300 tribuum
1446 273 1476 300 in
1502 274 1567 300 toro

920 314 1007 343 dant.
1026 317 1077 343 23,
1095 317 1148 341 30.

878 356 924 384 M.
944 356 1101 392 AEmilius,
1117 357 1159 384 M.
1179 356 1285 395 Lepidi
1311 359 1404 394 filius,
1421 359 1567 387 tribunus.

920 400 1067 433 militnm,
1083 404 1136 430 37.
1158 404 1210 430 453.

876 444 922 472 M.
939 443 1081 471 AEinilius
1097 443 1242 482 Ledipns,
1256 444 1352 472 (edilis
1369 445 1496 476 curulis,
1516 450 1569 479 124,

918 491 970 515 43.
998 492 1124 524 praetor,
1154 488 1284 515 sortitur
1311 488 1514 524 jniis'lietion
1538 498 1566 515 ni

919 530 1000 558 inter
1015 530 1096 558 cives
1113 536 1143 558 et
1160 532 1349 568 peregrinOS‚
1364 532 1437 560 ihm.
1449 533 1569 560 deceni-

919 574 965 601 vir
979 583 1149 608 sacrorum,
1168 576 1220 605 26,
1241 578 1290 603 23.

878 617 921 644 Μ.
940 617 1083 645 AEmilins
1102 618 1247 655 Lepidus,
1266 619 1385 655 legatus
1409 618 1446 646 ad
1465 615 1568 646 Ptole-

920 665 1112 692 niaeu1n.31.
1130 666 1156 689 2.
1175 662 1319 690 ferociter
1334 671 1403 690 cnm
1423 661 1568 699 Philippo

920 704 994 738 agit.
1017 708 1062 732 18.
1087 705 1240 742 pontifex,
1259 710 1313 739 32,
1331 710 1360 734 7.
1384 705 1492 737 aedilis.
1511 709 1566 738 35.

924 751 970 774 10.
991 752 1116 785 praetor,
1131 753 1180 776 24.
1199 750 1330 777 sortitur
1346 749 1496 782 Siciliain,
1513 752 1568 779 36.

920 795 947 819 2.
965 792 1086 821 consul.
1098 796 1150 823 38,
1166 795 1215 820 42.
1232 796 1261 820 et
1273 792 1394 830 quidem
1411 797 1481 830 post
1492 792 1567 820 duas

918 835 1068 872 repulsas,
1082 839 1138 866 39.
1157 839 1196 863 50·
1221 840 1273 865 40.
1289 839 1341 864 46.
1360 845 1455 873 quum
1472 836 1569 864 aedem

918 878 1028 906 Diauae
1047 888 1097 906 vox
1109 879 1193 911 isset,
1206 879 1344 908 devincit
1361 879 1501 917 Ligures.
1514 885 1568 911 39.

919 926 946 949 2.
965 922 1044 950 viam
1063 922 1101 950 ab
1119 923 1279 951 Placentia
1295 923 1474 951 Ariminum
1498 932 1567 960 per-

918 965 1015 998 ducit,
1043 965 1115 993 ilml.
1140 966 1286 994 triumvir
1311 967 1442 994 coloniae
1472 967 1569 994 dedu-

917 1009 1033 1039 cendae.
1047 1013 1094 1036 55.
1111 1009 1253 1046 pontifex
1271 1011 1436 1045 maximus,
1450 1014 1503 1040 40.
1516 1014 1566 1038 4‘2.

917 1061 1038 1083 censor,
1067 1057 1117 1079 45.
1148 1053 1180 1080 in
1212 1054 1342 1090 gratiani
1375 1053 1568 1081 reconciliari

917 1105 949 1122 se
977 1104 1046 1122 cnm
1075 1095 1191 1129 collega
1221 1096 1266 1123 M.
1294 1096 1404 1124 Fulvio
1433 1097 1566 1133 patitur,

918 1140 968 1166 46.
987 1139 1129 1176 princeps
1144 1142 1271 1167 senatus
1286 1140 1413 1177 legitur,
1430 1144 1479 1168 51.
1494 1150 1571 1168 con-

917 1181 964 1209 sul
998 1182 1122 1215 iterum,
1145 1186 1198 1214 41,
1225 1187 1276 1211 22.
1302 1183 1400 1211 lectus
1431 1185 1568 1213 secundo

917 1225 1060 1263 princeps
1089 1230 1228 1257 senatus.
1254 1230 1308 1254 32.
1334 1227 1431 1255 lectus
1462 1228 1570 1263 tertio,

918 1273 971 1302 43,
1008 1273 1054 1297 15.
1087 1269 1186 1297 lectus
1224 1275 1359 1304 sextum,
1396 1271 1480 1308 lv'pit.
1514 1276 1567 1299 48.

919 1316 993 1341 ante
1020 1316 1151 1341 mortem
1178 1322 1247 1350 quae
1276 1313 1346 1341 filiis
1375 1316 1569 1352 praeceperit,

921 1356 995 1384 ibid.

877 1399 923 1427 M.
941 1398 1086 1427 AEmilius
1105 1398 1241 1436 Lepidus
1265 1402 1335 1427 acta
1353 1400 1445 1429 Sulla*
1463 1404 1568 1430 tentat

920 1442 1105 1472 rescindere.
1124 1441 1209 1479 Epit.
1227 1446 1279 1472 90,

878 1485 924 1514 M.
940 1485 1085 1513 AEmilius
1110 1485 1260 1520 Numida,
1284 1485 1440 1515 decemvir
1467 1496 1569 1516 sacro-

922 1538 1004 1563 rum,
1023 1528 1168 1564 moritur,
1184 1531 1236 1561 26,
1255 1533 1305 1557 23.

877 1572 921 1599 M.
940 1571 1085 1600 AEmilius
1100 1573 1212 1609 Papus.
1231 1572 1377 1608 dictator,
1392 1577 1425 1607 9,
1443 1578 1473 1604 7.

877 1615 921 1642 Μ.
942 1615 1088 1643 :fmiiius
1102 1616 1215 1653 Papus,
1229 1616 1381 1644 maximus
1392 1617 1567 1652 curio,1no-

920 1659 1012 1694 ritur,
1029 1663 1083 1693 27,
1100 1661 1128 1686 6.

877 1704 922 1731 M.
939 1702 1084 1730 AEmilius
1095 1700 1237 1738 PaulluS,
1252 1701 1401 1736 xit-'agister
1412 1703 1567 1740 equitum,

919 1746 998 1774 male
1014 1755 1075 1773 rem
1092 1745 1183 1783 gerit.
1202 1750 1252 1780 10,
1268 1749 1298 1773 8.

876 1791 920 1819 Μ.
938 1790 1084 1817 AEmilius
1109 1789 1249 1826 Regium
1277 1786 1387 1817 consul
1411 1788 1525 1818 dicitur
1552 1799 1570 1818 a

917 1833 1124 1871 praerogativa
1156 1832 1309 1864 centuria,
1335 1835 1386 1861 24.
1419 1837 1447 1863 7.
1478 1833 1566 1861 irrito

917 1880 1043 1908 eventu,
1064 1881 1091 1904 8.
1110 1878 1136 1903 ri
1153 1879 1184 1905 9.
1202 1877 1314 1904 llamen
1332 1875 1519 1909 Quirinalis,
1539 1883 1567 1906 S.

917 1921 1030 1949 flamen
1051 1919 1219 1949 Martialis.
1238 1919 1382 1951 moritur,
1400 1923 1453 1953 29,
1475 1924 1522 1947 ll.

876 1964 917 1996 Q.
933 1963 1079 1992 AEmilius
1096 1963 1244 1997 Barbula,
1262 1963 1371 1991 consul
1389 1966 1523 1999 creatus,
1537 1968 1569 2000 9,

918 2011 969 2037 20.
985 2011 1036 2035 21.
1053 2006 1225 2035 secundum
1243 2006 1366 2042 consul,
1380 2010 1432 2034 30.

875 2051 916 2083 Q.
933 2049 1078 2079 AEmilius
1101 2050 1300 2082 Cerretanus,
1317 2049 1440 2085 consul,
1467 2054 1499 2086 8,
1517 2055 1570 2081 87.

918 2095 980 2123 v'd.
1000 2094 1040 2125 Q.
1055 2094 1170 2122 Aulius
1189 2094 1386 2122 Cerretanus.

876 2138 926 2167 Ti.
952 2137 1113 2173 AEmilius,
1140 2137 1263 2168 consul.
1294 2141 1325 2170 2,
1349 2140 1399 2166 61.
1426 2138 1494 2174 eju<
1520 2147 1566 2166 res

920 2185 1015 2220 gestae
1040 2181 1071 2209 in
1096 2180 1233 2216 Sabinis,
1248 2182 1299 2209 62.
1316 2180 1426 2209 consul
1442 2182 1568 2217 iterum,

920 2225 1014 2253 dandi
1032 2223 1109 2262 agri,
1123 2224 1204 2262 plebi
1221 2227 1343 2261 auctor,
1359 2228 1390 2256 3,
1414 2228 1440 2253 1.

877 2268 926 2297 Ti.
942 2267 1100 2304 AEmilius,
1118 2267 1305 2305 quinquevir
1329 2268 1515 2305 mensarius,
1533 2272 1565 2301 7.

921 2315 973 2340 21.
988 2314 1116 2349 praetor,
1135 2315 1164 2347 8,
1181 2315 1210 2338 2.

877 2354 926 2383 Ti.
942 2355 1087 2383 AEmilius
1104 2353 1329 2388 Mamercinus,
1346 2353 1470 2390 consul,
1486 2353 1568 2390 ejus-

922 2407 981 2436 que
998 2407 1068 2427 cnm
1086 2401 1197 2426 senatu
1214 2397 1297 2428 rixae.
1318 2400 1349 2433 8,
1367 2401 1416 2425 12.

878 2441 1002 2477 AEmus,
1018 2450 1123 2478 monS,
1138 2445 1193 2476 40,
1209 2444 1260 2469 21.
1277 2449 1316 2469 ex
1332 2450 1367 2468 eo
1383 2443 1491 2469 monte
1508 2450 1571 2468 cre-

920 2486 1020 2514 ditum
1038 2485 1132 2523 vulgo
1155 2484 1229 2519 fuit,
1246 2483 1413 2516 Ponticum
1431 2483 1522 2512 simul
1539 2486 1571 2510 vt

919 2529 1117 2558 Adriaticum
1140 2537 1235 2560 mare,
1251 2530 1283 2555 et
1300 2528 1415 2556 Istrum
1433 2535 1570 2558 amnem,

919 2576 952 2600 et
978 2572 1074 2609 Alpes
1103 2570 1242 2609 conspici
1270 2580 1371 2608 posse,
1396 2569 1471 2597 ibid.
1498 2578 1569 2596 euin

920 2615 1104 2644 conscendit
1116 2614 1292 2652 Philippus,
1300 2617 1333 2642 et
1347 2614 1505 2647 degressus
1523 2612 1570 2640 ni-

921 2659 964 2687 hil
983 2659 1114 2692 vulgatae
1129 2657 1272 2696 opinioni
1289 2656 1436 2689 detrahit,
1454 2659 1506 2684 22.

882 2699 1022 2738 AEnaria,
1037 2701 1154 2737 insula,
1169 2706 1198 2733 8.
1214 2704 1264 2728 22.

880 2745 994 2778 AEuea,
1017 2745 1179 2783 oppidum,
1201 2747 1257 2777 40,
1282 2745 1312 2769 4.
1336 2740 1441 2769 eadem
1465 2741 1573 2775 AEnia,

923 2793 976 2819 44,
998 2792 1047 2817 10.
1061 2791 1113 2816 32.
1152 2786 1310 2816 AEncates‚
1327 2787 1382 2819 40,
1401 2788 1429 2812 4.
1454 2788 1570 2812 statum

924 2831 1030 2859 AEneae
1068 2828 1266 2862 sacrificinm,
1299 2827 1380 2864 quod
1419 2828 1572 2857 conditori

927 2874 1036 2902 AEneae
1053 2871 1223 2910 quotannis
1241 2870 1285 2903 fit,
1300 2871 1372 2898 ibid.

949 2920 1023 2954 T4
