<?xml version="1.0" encoding="UTF-8"?>
<!DOCTYPE html PUBLIC "-//W3C//DTD XHTML 1.0 Transitional//EN"
    "http://www.w3.org/TR/xhtml1/DTD/xhtml1-transitional.dtd">
<html xmlns="http://www.w3.org/1999/xhtml" xml:lang="en" lang="en">
 <head>
  <title>
</title>
<meta http-equiv="Content-Type" content="text/html;charset=utf-8" />
  <meta name='ocr-system' content='tesseract 3.04.00' />
  <meta name='ocr-capabilities' content='ocr_page ocr_carea ocr_par ocr_line ocrx_word'/>
</head>
<body>
  <div class='ocr_page' id='page_1' title='image "./historiarumaburb04livyuoft/historiarumaburb04livyuoft_0566.png"; bbox 0 0 1816 3159; ppageno 0'>
   <div class='ocr_carea' id='block_1_1' title="bbox 279 70 1257 109">
    <p class='ocr_par' dir='ltr' id='par_1_1' title="bbox 279 70 1257 109">
     <span class='ocr_line' id='line_1_1' title="bbox 279 70 1257 109; baseline 0 -1"><span class='ocrx_word' id='word_1_1' title='bbox 279 70 393 109; x_wconf 75' lang='lat' dir='ltr'>cxviii</span> <span class='ocrx_word' id='word_1_2' title='bbox 756 70 792 108; x_wconf 77' lang='lat' dir='ltr'>J.</span> <span class='ocrx_word' id='word_1_3' title='bbox 825 70 910 107; x_wconf 80' lang='lat' dir='ltr'>FR.</span> <span class='ocrx_word' id='word_1_4' title='bbox 940 70 1257 108; x_wconf 79' lang='lat' dir='ltr'>GRONOVII</span> 
     </span>
    </p>
   </div>
   <div class='ocr_carea' id='block_1_2' title="bbox 278 178 1740 2623">
    <p class='ocr_par' dir='ltr' id='par_1_2' title="bbox 278 178 1740 2623">
     <span class='ocr_line' id='line_1_2' title="bbox 282 178 1730 223; baseline 0.001 -2"><span class='ocrx_word' id='word_1_5' title='bbox 282 187 464 221; x_wconf 83' lang='lat' dir='ltr'>trarunt:</span> <span class='ocrx_word' id='word_1_6' title='bbox 514 178 745 222; x_wconf 82' lang='lat' dir='ltr'>Buslidiani</span> <span class='ocrx_word' id='word_1_7' title='bbox 769 188 808 219; x_wconf 79' lang='lat' dir='ltr'>et</span> <span class='ocrx_word' id='word_1_8' title='bbox 834 178 1071 220; x_wconf 86' lang='lat' dir='ltr'>Chifletiani</span> <span class='ocrx_word' id='word_1_9' title='bbox 1093 179 1299 221; x_wconf 86' lang='lat' dir='ltr'>Albertus</span> <span class='ocrx_word' id='word_1_10' title='bbox 1321 180 1558 222; x_wconf 78' lang='lat' dir='ltr'>Rubenius:</span> <span class='ocrx_word' id='word_1_11' title='bbox 1604 180 1730 223; x_wconf 84' lang='lat' dir='ltr'>trium</span> 
     </span>
     <span class='ocr_line' id='line_1_3' title="bbox 281 235 1734 292; baseline 0.001 -15"><span class='ocrx_word' id='word_1_12' title='bbox 281 236 494 292; x_wconf 88' lang='lat' dir='ltr'>quondam</span> <span class='ocrx_word' id='word_1_13' title='bbox 525 236 809 277; x_wconf 85' lang='lat' dir='ltr'>Palatinorum</span> <span class='ocrx_word' id='word_1_14' title='bbox 841 235 1031 276; x_wconf 88' lang='lat' dir='ltr'>codicum</span> <span class='ocrx_word' id='word_1_15' title='bbox 1050 236 1133 277; x_wconf 90' lang='lat' dir='ltr'>fide</span> <span class='ocrx_word' id='word_1_16' title='bbox 1153 238 1182 277; x_wconf 84' lang='lat' dir='ltr'>J</span> <span class='ocrx_word' id='word_1_17' title='bbox 1186 237 1252 277; x_wconf 88' lang='lat' dir='ltr'>ani</span> <span class='ocrx_word' id='word_1_18' title='bbox 1275 238 1491 278; x_wconf 85' lang='lat' dir='ltr'>Gebhardi</span> <span class='ocrx_word' id='word_1_19' title='bbox 1524 237 1734 279; x_wconf 83' lang='lat' dir='ltr'>Suffridus</span> 
     </span>
     <span class='ocr_line' id='line_1_4' title="bbox 284 292 1731 350; baseline 0 -16"><span class='ocrx_word' id='word_1_20' title='bbox 284 293 484 335; x_wconf 87' lang='lat' dir='ltr'>Sixtinus.</span> <span class='ocrx_word' id='word_1_21' title='bbox 545 292 724 334; x_wconf 82' lang='lat' dir='ltr'>Puteani</span> <span class='ocrx_word' id='word_1_22' title='bbox 741 307 910 347; x_wconf 91' lang='lat' dir='ltr'>quoque</span> <span class='ocrx_word' id='word_1_23' title='bbox 923 293 1072 334; x_wconf 87' lang='lat' dir='ltr'>fratres</span> <span class='ocrx_word' id='word_1_24' title='bbox 1085 294 1255 335; x_wconf 82' lang='lat' dir='ltr'>schedas</span> <span class='ocrx_word' id='word_1_25' title='bbox 1271 295 1455 350; x_wconf 89' lang='lat' dir='ltr'>parentis</span> <span class='ocrx_word' id='word_1_26' title='bbox 1468 294 1531 335; x_wconf 91' lang='lat' dir='ltr'>sui</span> <span class='ocrx_word' id='word_1_27' title='bbox 1549 294 1731 345; x_wconf 83' lang='lat' dir='ltr'>Claudii,</span> 
     </span>
     <span class='ocr_line' id='line_1_5' title="bbox 282 349 1735 407; baseline 0.001 -17"><span class='ocrx_word' id='word_1_28' title='bbox 282 350 323 390; x_wconf 93' lang='lat' dir='ltr'>in</span> <span class='ocrx_word' id='word_1_29' title='bbox 354 351 509 406; x_wconf 90' lang='lat' dir='ltr'>quibus</span> <span class='ocrx_word' id='word_1_30' title='bbox 534 365 583 390; x_wconf 86' lang='lat' dir='ltr'>ex</span> <span class='ocrx_word' id='word_1_31' title='bbox 617 349 711 390; x_wconf 86' lang='lat' dir='ltr'>Ful.</span> <span class='ocrx_word' id='word_1_32' title='bbox 735 349 878 389; x_wconf 83' lang='lat' dir='ltr'>Ursini</span> <span class='ocrx_word' id='word_1_33' title='bbox 908 357 950 390; x_wconf 90' lang='lat' dir='ltr'>et</span> <span class='ocrx_word' id='word_1_34' title='bbox 971 350 1062 391; x_wconf 82' lang='lat' dir='ltr'>Jac.</span> <span class='ocrx_word' id='word_1_35' title='bbox 1087 350 1244 406; x_wconf 88' lang='lat' dir='ltr'>Cujatii</span> <span class='ocrx_word' id='word_1_36' title='bbox 1274 351 1525 392; x_wconf 84' lang='lat' dir='ltr'>membranis</span> <span class='ocrx_word' id='word_1_37' title='bbox 1553 351 1735 407; x_wconf 87' lang='lat' dir='ltr'>paucula</span> 
     </span>
     <span class='ocr_line' id='line_1_6' title="bbox 281 406 1734 463; baseline 0 -15"><span class='ocrx_word' id='word_1_38' title='bbox 281 407 476 462; x_wconf 78' lang='lat' dir='ltr'>quaedam</span> <span class='ocrx_word' id='word_1_39' title='bbox 492 409 714 463; x_wconf 74' lang='lat' dir='ltr'>properata</span> <span class='ocrx_word' id='word_1_40' title='bbox 726 413 857 455; x_wconf 84' lang='lat' dir='ltr'>erant,</span> <span class='ocrx_word' id='word_1_41' title='bbox 873 406 984 447; x_wconf 87' lang='lat' dir='ltr'>ultro</span> <span class='ocrx_word' id='word_1_42' title='bbox 1004 406 1275 462; x_wconf 86' lang='lat' dir='ltr'>ingesserunt.</span> <span class='ocrx_word' id='word_1_43' title='bbox 1307 408 1379 449; x_wconf 88' lang='lat' dir='ltr'>Ab</span> <span class='ocrx_word' id='word_1_44' title='bbox 1401 408 1546 449; x_wconf 84' lang='lat' dir='ltr'>iisdem</span> <span class='ocrx_word' id='word_1_45' title='bbox 1566 408 1609 448; x_wconf 90' lang='lat' dir='ltr'>in</span> <span class='ocrx_word' id='word_1_46' title='bbox 1622 407 1734 449; x_wconf 91' lang='lat' dir='ltr'>bello</span> 
     </span>
     <span class='ocr_line' id='line_1_7' title="bbox 283 463 1734 521; baseline 0.001 -17"><span class='ocrx_word' id='word_1_47' title='bbox 283 464 444 505; x_wconf 90' lang='lat' dir='ltr'>Punico</span> <span class='ocrx_word' id='word_1_48' title='bbox 465 463 645 504; x_wconf 84' lang='lat' dir='ltr'>secundo</span> <span class='ocrx_word' id='word_1_49' title='bbox 668 463 886 518; x_wconf 85' lang='lat' dir='ltr'>Cynosura</span> <span class='ocrx_word' id='word_1_50' title='bbox 914 464 1033 504; x_wconf 88' lang='lat' dir='ltr'>nobis</span> <span class='ocrx_word' id='word_1_51' title='bbox 1052 463 1135 505; x_wconf 91' lang='lat' dir='ltr'>fuit</span> <span class='ocrx_word' id='word_1_52' title='bbox 1156 463 1275 515; x_wconf 87' lang='lat' dir='ltr'>liber,</span> <span class='ocrx_word' id='word_1_53' title='bbox 1296 480 1381 521; x_wconf 92' lang='lat' dir='ltr'>quo</span> <span class='ocrx_word' id='word_1_54' title='bbox 1402 464 1453 506; x_wconf 89' lang='lat' dir='ltr'>de</span> <span class='ocrx_word' id='word_1_55' title='bbox 1476 465 1579 506; x_wconf 90' lang='lat' dir='ltr'>Tito</span> <span class='ocrx_word' id='word_1_56' title='bbox 1610 463 1734 505; x_wconf 84' lang='lat' dir='ltr'>Livio</span> 
     </span>
     <span class='ocr_line' id='line_1_8' title="bbox 282 519 1735 578; baseline 0.001 -18"><span class='ocrx_word' id='word_1_57' title='bbox 282 520 385 560; x_wconf 85' lang='lat' dir='ltr'>nihil</span> <span class='ocrx_word' id='word_1_58' title='bbox 415 536 489 561; x_wconf 90' lang='lat' dir='ltr'>nec</span> <span class='ocrx_word' id='word_1_59' title='bbox 510 519 724 575; x_wconf 85' lang='lat' dir='ltr'>antiquius</span> <span class='ocrx_word' id='word_1_60' title='bbox 753 534 827 559; x_wconf 89' lang='lat' dir='ltr'>nec</span> <span class='ocrx_word' id='word_1_61' title='bbox 859 520 1040 561; x_wconf 83' lang='lat' dir='ltr'>sanctius</span> <span class='ocrx_word' id='word_1_62' title='bbox 1072 521 1246 576; x_wconf 85' lang='lat' dir='ltr'>Europa</span> <span class='ocrx_word' id='word_1_63' title='bbox 1273 521 1472 573; x_wconf 85' lang='lat' dir='ltr'>custodit,</span> <span class='ocrx_word' id='word_1_64' title='bbox 1494 521 1735 578; x_wconf 85' lang='lat' dir='ltr'>majusculis</span> 
     </span>
     <span class='ocr_line' id='line_1_9' title="bbox 283 576 1734 632; baseline 0.001 -15"><span class='ocrx_word' id='word_1_65' title='bbox 283 576 448 626; x_wconf 82' lang='lat' dir='ltr'>litteris,</span> <span class='ocrx_word' id='word_1_66' title='bbox 480 585 521 618; x_wconf 85' lang='lat' dir='ltr'>et</span> <span class='ocrx_word' id='word_1_67' title='bbox 551 576 673 632; x_wconf 90' lang='lat' dir='ltr'>plane</span> <span class='ocrx_word' id='word_1_68' title='bbox 702 576 898 631; x_wconf 87' lang='lat' dir='ltr'>qualibus</span> <span class='ocrx_word' id='word_1_69' title='bbox 928 577 1063 618; x_wconf 86' lang='lat' dir='ltr'>clarus</span> <span class='ocrx_word' id='word_1_70' title='bbox 1094 577 1163 618; x_wconf 86' lang='lat' dir='ltr'>ille</span> <span class='ocrx_word' id='word_1_71' title='bbox 1195 578 1462 619; x_wconf 88' lang='lat' dir='ltr'>Florentinus</span> <span class='ocrx_word' id='word_1_72' title='bbox 1493 594 1547 620; x_wconf 86' lang='lat' dir='ltr'>ex</span> <span class='ocrx_word' id='word_1_73' title='bbox 1583 578 1734 620; x_wconf 90' lang='lat' dir='ltr'>Pisano</span> 
     </span>
     <span class='ocr_line' id='line_1_10' title="bbox 284 633 1734 690; baseline 0.001 -16"><span class='ocrx_word' id='word_1_74' title='bbox 284 633 529 684; x_wconf 86' lang='lat' dir='ltr'>Pandectes,</span> <span class='ocrx_word' id='word_1_75' title='bbox 560 641 766 674; x_wconf 84' lang='lat' dir='ltr'>exaratus.</span> <span class='ocrx_word' id='word_1_76' title='bbox 836 634 919 674; x_wconf 91' lang='lat' dir='ltr'>Hic</span> <span class='ocrx_word' id='word_1_77' title='bbox 950 634 1061 675; x_wconf 84' lang='lat' dir='ltr'>solus</span> <span class='ocrx_word' id='word_1_78' title='bbox 1091 634 1310 690; x_wconf 81' lang='lat' dir='ltr'>largiorem</span> <span class='ocrx_word' id='word_1_79' title='bbox 1340 636 1543 677; x_wconf 86' lang='lat' dir='ltr'>bonarum</span> <span class='ocrx_word' id='word_1_80' title='bbox 1578 649 1734 686; x_wconf 86' lang='lat' dir='ltr'>rerum,</span> 
     </span>
     <span class='ocr_line' id='line_1_11' title="bbox 283 690 1736 747; baseline 0.002 -17"><span class='ocrx_word' id='word_1_81' title='bbox 283 705 409 746; x_wconf 88' lang='lat' dir='ltr'>quam</span> <span class='ocrx_word' id='word_1_82' title='bbox 441 690 644 746; x_wconf 89' lang='lat' dir='ltr'>quicquid</span> <span class='ocrx_word' id='word_1_83' title='bbox 674 698 735 731; x_wconf 89' lang='lat' dir='ltr'>est</span> <span class='ocrx_word' id='word_1_84' title='bbox 768 690 1041 746; x_wconf 88' lang='lat' dir='ltr'>reliquorum,</span> <span class='ocrx_word' id='word_1_85' title='bbox 1062 706 1148 733; x_wconf 88' lang='lat' dir='ltr'>sese</span> <span class='ocrx_word' id='word_1_86' title='bbox 1178 692 1296 733; x_wconf 89' lang='lat' dir='ltr'>nobis</span> <span class='ocrx_word' id='word_1_87' title='bbox 1324 692 1535 747; x_wconf 77' lang='lat' dir='ltr'>praestitit:</span> <span class='ocrx_word' id='word_1_88' title='bbox 1568 701 1609 734; x_wconf 84' lang='lat' dir='ltr'>et</span> <span class='ocrx_word' id='word_1_89' title='bbox 1639 692 1736 733; x_wconf 90' lang='lat' dir='ltr'>inde</span> 
     </span>
     <span class='ocr_line' id='line_1_12' title="bbox 278 747 1735 804; baseline 0.001 -17"><span class='ocrx_word' id='word_1_90' title='bbox 278 747 488 801; x_wconf 83' lang='lat' dir='ltr'>judicium</span> <span class='ocrx_word' id='word_1_91' title='bbox 510 747 762 797; x_wconf 82' lang='lat' dir='ltr'>faciendum,</span> <span class='ocrx_word' id='word_1_92' title='bbox 780 756 985 804; x_wconf 88' lang='lat' dir='ltr'>quantum</span> <span class='ocrx_word' id='word_1_93' title='bbox 1008 764 1089 789; x_wconf 91' lang='lat' dir='ltr'>non</span> <span class='ocrx_word' id='word_1_94' title='bbox 1105 748 1145 788; x_wconf 91' lang='lat' dir='ltr'>in</span> <span class='ocrx_word' id='word_1_95' title='bbox 1166 748 1288 789; x_wconf 87' lang='lat' dir='ltr'>Livio</span> <span class='ocrx_word' id='word_1_96' title='bbox 1301 757 1481 799; x_wconf 90' lang='lat' dir='ltr'>tantum,</span> <span class='ocrx_word' id='word_1_97' title='bbox 1499 749 1570 791; x_wconf 90' lang='lat' dir='ltr'>sed</span> <span class='ocrx_word' id='word_1_98' title='bbox 1585 750 1628 790; x_wconf 88' lang='lat' dir='ltr'>in</span> <span class='ocrx_word' id='word_1_99' title='bbox 1644 749 1735 790; x_wconf 87' lang='lat' dir='ltr'>aliis</span> 
     </span>
     <span class='ocr_line' id='line_1_13' title="bbox 284 804 1734 860; baseline 0.002 -16"><span class='ocrx_word' id='word_1_100' title='bbox 284 819 454 860; x_wconf 91' lang='lat' dir='ltr'>quoque</span> <span class='ocrx_word' id='word_1_101' title='bbox 493 804 637 860; x_wconf 83' lang='lat' dir='ltr'>priscis</span> <span class='ocrx_word' id='word_1_102' title='bbox 677 805 917 846; x_wconf 88' lang='lat' dir='ltr'>auctoribus</span> <span class='ocrx_word' id='word_1_103' title='bbox 958 805 1262 846; x_wconf 88' lang='lat' dir='ltr'>restituendum</span> <span class='ocrx_word' id='word_1_104' title='bbox 1297 814 1438 856; x_wconf 86' lang='lat' dir='ltr'>restet,</span> <span class='ocrx_word' id='word_1_105' title='bbox 1475 806 1506 847; x_wconf 86' lang='lat' dir='ltr'>si</span> <span class='ocrx_word' id='word_1_106' title='bbox 1540 806 1594 847; x_wconf 90' lang='lat' dir='ltr'>ad</span> <span class='ocrx_word' id='word_1_107' title='bbox 1628 805 1734 847; x_wconf 92' lang='lat' dir='ltr'>illud</span> 
     </span>
     <span class='ocr_line' id='line_1_14' title="bbox 283 861 1737 917; baseline 0.001 -16"><span class='ocrx_word' id='word_1_108' title='bbox 283 876 420 901; x_wconf 81' lang='lat' dir='ltr'>aevum</span> <span class='ocrx_word' id='word_1_109' title='bbox 441 861 709 917; x_wconf 82' lang='lat' dir='ltr'>pretiumque</span> <span class='ocrx_word' id='word_1_110' title='bbox 730 861 890 902; x_wconf 84' lang='lat' dir='ltr'>codices</span> <span class='ocrx_word' id='word_1_111' title='bbox 919 861 1214 903; x_wconf 82' lang='lat' dir='ltr'>nanciscamur.</span> <span class='ocrx_word' id='word_1_112' title='bbox 1275 863 1369 904; x_wconf 83' lang='lat' dir='ltr'>Etsi</span> <span class='ocrx_word' id='word_1_113' title='bbox 1391 871 1532 905; x_wconf 84' lang='lat' dir='ltr'>autem</span> <span class='ocrx_word' id='word_1_114' title='bbox 1563 862 1737 904; x_wconf 86' lang='lat' dir='ltr'>sollicita</span> 
     </span>
     <span class='ocr_line' id='line_1_15' title="bbox 283 918 1735 975; baseline 0.001 -17"><span class='ocrx_word' id='word_1_115' title='bbox 283 932 384 958; x_wconf 86' lang='lat' dir='ltr'>cura</span> <span class='ocrx_word' id='word_1_116' title='bbox 403 918 567 958; x_wconf 92' lang='lat' dir='ltr'>nullum</span> <span class='ocrx_word' id='word_1_117' title='bbox 588 919 746 973; x_wconf 81' lang='lat' dir='ltr'>apicem</span> <span class='ocrx_word' id='word_1_118' title='bbox 778 927 862 960; x_wconf 89' lang='lat' dir='ltr'>tam</span> <span class='ocrx_word' id='word_1_119' title='bbox 884 918 979 959; x_wconf 86' lang='lat' dir='ltr'>fidae</span> <span class='ocrx_word' id='word_1_120' title='bbox 1000 934 1147 960; x_wconf 81' lang='lat' dir='ltr'>manus</span> <span class='ocrx_word' id='word_1_121' title='bbox 1167 934 1249 960; x_wconf 89' lang='lat' dir='ltr'>non</span> <span class='ocrx_word' id='word_1_122' title='bbox 1269 927 1534 975; x_wconf 89' lang='lat' dir='ltr'>persecutum</span> <span class='ocrx_word' id='word_1_123' title='bbox 1564 935 1650 961; x_wconf 84' lang='lat' dir='ltr'>esse</span> <span class='ocrx_word' id='word_1_124' title='bbox 1669 935 1735 960; x_wconf 91' lang='lat' dir='ltr'>me</span> 
     </span>
     <span class='ocr_line' id='line_1_16' title="bbox 284 974 1735 1031; baseline 0.003 -17"><span class='ocrx_word' id='word_1_125' title='bbox 284 974 517 1025; x_wconf 83' lang='lat' dir='ltr'>credebam,</span> <span class='ocrx_word' id='word_1_126' title='bbox 540 983 692 1025; x_wconf 88' lang='lat' dir='ltr'>tamen,</span> <span class='ocrx_word' id='word_1_127' title='bbox 710 976 810 1031; x_wconf 89' lang='lat' dir='ltr'>quia</span> <span class='ocrx_word' id='word_1_128' title='bbox 829 984 993 1017; x_wconf 86' lang='lat' dir='ltr'>tantum</span> <span class='ocrx_word' id='word_1_129' title='bbox 1015 976 1056 1016; x_wconf 91' lang='lat' dir='ltr'>in</span> <span class='ocrx_word' id='word_1_130' title='bbox 1078 991 1162 1017; x_wconf 93' lang='lat' dir='ltr'>uno</span> <span class='ocrx_word' id='word_1_131' title='bbox 1182 976 1235 1016; x_wconf 89' lang='lat' dir='ltr'>ad</span> <span class='ocrx_word' id='word_1_132' title='bbox 1256 976 1394 1017; x_wconf 86' lang='lat' dir='ltr'>omnia</span> <span class='ocrx_word' id='word_1_133' title='bbox 1412 976 1611 1018; x_wconf 84' lang='lat' dir='ltr'>momenti</span> <span class='ocrx_word' id='word_1_134' title='bbox 1631 984 1735 1027; x_wconf 86' lang='lat' dir='ltr'>erat,</span> 
     </span>
     <span class='ocr_line' id='line_1_17' title="bbox 284 1030 1736 1090; baseline 0.002 -19"><span class='ocrx_word' id='word_1_135' title='bbox 284 1030 444 1072; x_wconf 85' lang='lat' dir='ltr'>diffisus</span> <span class='ocrx_word' id='word_1_136' title='bbox 464 1031 594 1073; x_wconf 87' lang='lat' dir='ltr'>oculis</span> <span class='ocrx_word' id='word_1_137' title='bbox 615 1031 730 1081; x_wconf 87' lang='lat' dir='ltr'>meis,</span> <span class='ocrx_word' id='word_1_138' title='bbox 749 1048 774 1073; x_wconf 88' lang='lat' dir='ltr'>a</span> <span class='ocrx_word' id='word_1_139' title='bbox 797 1032 859 1073; x_wconf 90' lang='lat' dir='ltr'>Cl.</span> <span class='ocrx_word' id='word_1_140' title='bbox 885 1032 1097 1083; x_wconf 84' lang='lat' dir='ltr'>Salmasio,</span> <span class='ocrx_word' id='word_1_141' title='bbox 1113 1041 1160 1074; x_wconf 92' lang='lat' dir='ltr'>ut</span> <span class='ocrx_word' id='word_1_142' title='bbox 1182 1032 1290 1083; x_wconf 85' lang='lat' dir='ltr'>libri,</span> <span class='ocrx_word' id='word_1_143' title='bbox 1307 1033 1349 1074; x_wconf 93' lang='lat' dir='ltr'>in</span> <span class='ocrx_word' id='word_1_144' title='bbox 1366 1034 1486 1089; x_wconf 85' lang='lat' dir='ltr'>cujus</span> <span class='ocrx_word' id='word_1_145' title='bbox 1508 1033 1736 1090; x_wconf 87' lang='lat' dir='ltr'>marginem</span> 
     </span>
     <span class='ocr_line' id='line_1_18' title="bbox 285 1087 1739 1147; baseline 0.002 -19"><span class='ocrx_word' id='word_1_146' title='bbox 285 1087 503 1144; x_wconf 86' lang='lat' dir='ltr'>plerasque</span> <span class='ocrx_word' id='word_1_147' title='bbox 523 1088 691 1129; x_wconf 90' lang='lat' dir='ltr'>minoris</span> <span class='ocrx_word' id='word_1_148' title='bbox 721 1089 914 1145; x_wconf 85' lang='lat' dir='ltr'>ponderis</span> <span class='ocrx_word' id='word_1_149' title='bbox 935 1090 1082 1140; x_wconf 86' lang='lat' dir='ltr'>varias,</span> <span class='ocrx_word' id='word_1_150' title='bbox 1104 1105 1198 1131; x_wconf 89' lang='lat' dir='ltr'>cum</span> <span class='ocrx_word' id='word_1_151' title='bbox 1225 1089 1394 1141; x_wconf 85' lang='lat' dir='ltr'>chartis,</span> <span class='ocrx_word' id='word_1_152' title='bbox 1415 1091 1457 1131; x_wconf 90' lang='lat' dir='ltr'>in</span> <span class='ocrx_word' id='word_1_153' title='bbox 1478 1106 1583 1147; x_wconf 92' lang='lat' dir='ltr'>quas</span> <span class='ocrx_word' id='word_1_154' title='bbox 1612 1090 1739 1146; x_wconf 91' lang='lat' dir='ltr'>insig-</span> 
     </span>
     <span class='ocr_line' id='line_1_19' title="bbox 284 1145 1737 1204; baseline 0.003 -20"><span class='ocrx_word' id='word_1_155' title='bbox 284 1145 419 1185; x_wconf 87' lang='lat' dir='ltr'>niores</span> <span class='ocrx_word' id='word_1_156' title='bbox 441 1145 746 1186; x_wconf 80' lang='lat' dir='ltr'>emendationes</span> <span class='ocrx_word' id='word_1_157' title='bbox 775 1146 989 1196; x_wconf 79' lang='lat' dir='ltr'>retulerat,</span> <span class='ocrx_word' id='word_1_158' title='bbox 1012 1162 1143 1202; x_wconf 90' lang='lat' dir='ltr'>quum</span> <span class='ocrx_word' id='word_1_159' title='bbox 1174 1147 1282 1188; x_wconf 88' lang='lat' dir='ltr'>forte</span> <span class='ocrx_word' id='word_1_160' title='bbox 1302 1146 1344 1188; x_wconf 93' lang='lat' dir='ltr'>in</span> <span class='ocrx_word' id='word_1_161' title='bbox 1365 1147 1573 1204; x_wconf 92' lang='lat' dir='ltr'>colloquio</span> <span class='ocrx_word' id='word_1_162' title='bbox 1601 1156 1737 1189; x_wconf 87' lang='lat' dir='ltr'>osten-</span> 
     </span>
     <span class='ocr_line' id='line_1_20' title="bbox 286 1200 1739 1260; baseline 0.003 -19"><span class='ocrx_word' id='word_1_163' title='bbox 286 1200 428 1251; x_wconf 82' lang='lat' dir='ltr'>disset,</span> <span class='ocrx_word' id='word_1_164' title='bbox 449 1202 607 1257; x_wconf 86' lang='lat' dir='ltr'>copiam</span> <span class='ocrx_word' id='word_1_165' title='bbox 630 1202 729 1243; x_wconf 89' lang='lat' dir='ltr'>mihi</span> <span class='ocrx_word' id='word_1_166' title='bbox 758 1203 925 1252; x_wconf 89' lang='lat' dir='ltr'>faceret,</span> <span class='ocrx_word' id='word_1_167' title='bbox 947 1203 1061 1244; x_wconf 89' lang='lat' dir='ltr'>haud</span> <span class='ocrx_word' id='word_1_168' title='bbox 1082 1203 1286 1258; x_wconf 86' lang='lat' dir='ltr'>gravatim</span> <span class='ocrx_word' id='word_1_169' title='bbox 1317 1204 1547 1260; x_wconf 88' lang='lat' dir='ltr'>impetravi.</span> <span class='ocrx_word' id='word_1_170' title='bbox 1608 1204 1739 1245; x_wconf 88' lang='lat' dir='ltr'>Alex-</span> 
     </span>
     <span class='ocr_line' id='line_1_21' title="bbox 286 1258 1737 1316; baseline 0.003 -18"><span class='ocrx_word' id='word_1_171' title='bbox 286 1258 414 1298; x_wconf 82' lang='lat' dir='ltr'>ander</span> <span class='ocrx_word' id='word_1_172' title='bbox 437 1259 634 1299; x_wconf 85' lang='lat' dir='ltr'>Petavius</span> <span class='ocrx_word' id='word_1_173' title='bbox 657 1259 777 1300; x_wconf 88' lang='lat' dir='ltr'>Pauli</span> <span class='ocrx_word' id='word_1_174' title='bbox 801 1261 848 1300; x_wconf 81' lang='lat' dir='ltr'>F.</span> <span class='ocrx_word' id='word_1_175' title='bbox 874 1260 1051 1300; x_wconf 84' lang='lat' dir='ltr'>Claudio</span> <span class='ocrx_word' id='word_1_176' title='bbox 1074 1260 1264 1300; x_wconf 81' lang='lat' dir='ltr'>Sarravio</span> <span class='ocrx_word' id='word_1_177' title='bbox 1284 1261 1446 1316; x_wconf 84' lang='lat' dir='ltr'>parario</span> <span class='ocrx_word' id='word_1_178' title='bbox 1467 1261 1587 1312; x_wconf 89' lang='lat' dir='ltr'>duos,</span> <span class='ocrx_word' id='word_1_179' title='bbox 1605 1276 1737 1302; x_wconf 88' lang='lat' dir='ltr'>unum</span> 
     </span>
     <span class='ocr_line' id='line_1_22' title="bbox 285 1316 1738 1372; baseline 0.003 -18"><span class='ocrx_word' id='word_1_180' title='bbox 285 1323 573 1370; x_wconf 78' lang='lat' dir='ltr'>pervetustum</span> <span class='ocrx_word' id='word_1_181' title='bbox 606 1324 646 1356; x_wconf 85' lang='lat' dir='ltr'>et</span> <span class='ocrx_word' id='word_1_182' title='bbox 677 1316 743 1357; x_wconf 78' lang='lat' dir='ltr'>isti</span> <span class='ocrx_word' id='word_1_183' title='bbox 774 1316 1019 1372; x_wconf 85' lang='lat' dir='ltr'>primigenio</span> <span class='ocrx_word' id='word_1_184' title='bbox 1049 1316 1239 1366; x_wconf 80' lang='lat' dir='ltr'>fideliter,</span> <span class='ocrx_word' id='word_1_185' title='bbox 1263 1325 1309 1357; x_wconf 90' lang='lat' dir='ltr'>ut</span> <span class='ocrx_word' id='word_1_186' title='bbox 1334 1317 1576 1372; x_wconf 82' lang='lat' dir='ltr'>plurimum,</span> <span class='ocrx_word' id='word_1_187' title='bbox 1599 1318 1738 1358; x_wconf 88' lang='lat' dir='ltr'>adhae-</span> 
     </span>
     <span class='ocr_line' id='line_1_23' title="bbox 286 1373 1736 1430; baseline 0.004 -20"><span class='ocrx_word' id='word_1_188' title='bbox 286 1379 459 1421; x_wconf 86' lang='lat' dir='ltr'>rentem,</span> <span class='ocrx_word' id='word_1_189' title='bbox 477 1380 550 1413; x_wconf 85' lang='lat' dir='ltr'>aut</span> <span class='ocrx_word' id='word_1_190' title='bbox 573 1373 628 1413; x_wconf 92' lang='lat' dir='ltr'>sic</span> <span class='ocrx_word' id='word_1_191' title='bbox 650 1373 702 1413; x_wconf 85' lang='lat' dir='ltr'>ab</span> <span class='ocrx_word' id='word_1_192' title='bbox 724 1389 771 1413; x_wconf 92' lang='lat' dir='ltr'>eo</span> <span class='ocrx_word' id='word_1_193' title='bbox 792 1373 1093 1424; x_wconf 77' lang='lat' dir='ltr'>deflectentem,</span> <span class='ocrx_word' id='word_1_194' title='bbox 1111 1383 1157 1414; x_wconf 84' lang='lat' dir='ltr'>ut</span> <span class='ocrx_word' id='word_1_195' title='bbox 1180 1388 1303 1414; x_wconf 85' lang='lat' dir='ltr'>causa</span> <span class='ocrx_word' id='word_1_196' title='bbox 1323 1382 1536 1430; x_wconf 86' lang='lat' dir='ltr'>appareat,</span> <span class='ocrx_word' id='word_1_197' title='bbox 1558 1374 1736 1416; x_wconf 87' lang='lat' dir='ltr'>alterum</span> 
     </span>
     <span class='ocr_line' id='line_1_24' title="bbox 287 1427 1735 1487; baseline 0.003 -20"><span class='ocrx_word' id='word_1_198' title='bbox 287 1427 411 1468; x_wconf 87' lang='lat' dir='ltr'>etiam</span> <span class='ocrx_word' id='word_1_199' title='bbox 432 1443 514 1469; x_wconf 89' lang='lat' dir='ltr'>non</span> <span class='ocrx_word' id='word_1_200' title='bbox 535 1429 654 1470; x_wconf 79' lang='lat' dir='ltr'>malae</span> <span class='ocrx_word' id='word_1_201' title='bbox 675 1438 804 1477; x_wconf 80' lang='lat' dir='ltr'>notae;</span> <span class='ocrx_word' id='word_1_202' title='bbox 841 1430 990 1471; x_wconf 76' lang='lat' dir='ltr'>Ismael</span> <span class='ocrx_word' id='word_1_203' title='bbox 1018 1430 1253 1472; x_wconf 84' lang='lat' dir='ltr'>Bullialdus</span> <span class='ocrx_word' id='word_1_204' title='bbox 1274 1439 1314 1471; x_wconf 91' lang='lat' dir='ltr'>et</span> <span class='ocrx_word' id='word_1_205' title='bbox 1335 1431 1588 1473; x_wconf 89' lang='lat' dir='ltr'>bibliotheca</span> <span class='ocrx_word' id='word_1_206' title='bbox 1607 1431 1735 1487; x_wconf 87' lang='lat' dir='ltr'>regia,</span> 
     </span>
     <span class='ocr_line' id='line_1_25' title="bbox 288 1484 1736 1544; baseline 0.003 -20"><span class='ocrx_word' id='word_1_207' title='bbox 288 1484 493 1526; x_wconf 85' lang='lat' dir='ltr'>Claudius</span> <span class='ocrx_word' id='word_1_208' title='bbox 515 1486 747 1528; x_wconf 87' lang='lat' dir='ltr'>Menardus</span> <span class='ocrx_word' id='word_1_209' title='bbox 764 1487 962 1529; x_wconf 86' lang='lat' dir='ltr'>Andibus</span> <span class='ocrx_word' id='word_1_210' title='bbox 976 1502 1098 1529; x_wconf 86' lang='lat' dir='ltr'>suum</span> <span class='ocrx_word' id='word_1_211' title='bbox 1115 1487 1314 1543; x_wconf 88' lang='lat' dir='ltr'>singulos,</span> <span class='ocrx_word' id='word_1_212' title='bbox 1328 1503 1410 1528; x_wconf 90' lang='lat' dir='ltr'>non</span> <span class='ocrx_word' id='word_1_213' title='bbox 1426 1489 1548 1530; x_wconf 87' lang='lat' dir='ltr'>nimis</span> <span class='ocrx_word' id='word_1_214' title='bbox 1564 1489 1736 1544; x_wconf 90' lang='lat' dir='ltr'>quidem</span> 
     </span>
     <span class='ocr_line' id='line_1_26' title="bbox 286 1541 1734 1601; baseline 0.003 -19"><span class='ocrx_word' id='word_1_215' title='bbox 286 1541 495 1597; x_wconf 86' lang='lat' dir='ltr'>antiquos,</span> <span class='ocrx_word' id='word_1_216' title='bbox 509 1542 581 1583; x_wconf 88' lang='lat' dir='ltr'>sed</span> <span class='ocrx_word' id='word_1_217' title='bbox 594 1550 731 1584; x_wconf 87' lang='lat' dir='ltr'>tamen</span> <span class='ocrx_word' id='word_1_218' title='bbox 748 1559 830 1584; x_wconf 89' lang='lat' dir='ltr'>non</span> <span class='ocrx_word' id='word_1_219' title='bbox 844 1545 1110 1600; x_wconf 86' lang='lat' dir='ltr'>spernendos,</span> <span class='ocrx_word' id='word_1_220' title='bbox 1124 1545 1224 1600; x_wconf 88' lang='lat' dir='ltr'>quia</span> <span class='ocrx_word' id='word_1_221' title='bbox 1236 1560 1287 1585; x_wconf 84' lang='lat' dir='ltr'>ex</span> <span class='ocrx_word' id='word_1_222' title='bbox 1301 1545 1486 1601; x_wconf 88' lang='lat' dir='ltr'>probatis</span> <span class='ocrx_word' id='word_1_223' title='bbox 1501 1545 1734 1596; x_wconf 83' lang='lat' dir='ltr'>translatos,</span> 
     </span>
     <span class='ocr_line' id='line_1_27' title="bbox 285 1598 1734 1656; baseline 0.003 -18"><span class='ocrx_word' id='word_1_224' title='bbox 285 1598 575 1653; x_wconf 78' lang='lat' dir='ltr'>praebuerunt:</span> <span class='ocrx_word' id='word_1_225' title='bbox 627 1616 679 1641; x_wconf 85' lang='lat' dir='ltr'>ex</span> <span class='ocrx_word' id='word_1_226' title='bbox 709 1601 863 1656; x_wconf 89' lang='lat' dir='ltr'>quibus</span> <span class='ocrx_word' id='word_1_227' title='bbox 893 1610 976 1643; x_wconf 89' lang='lat' dir='ltr'>tres</span> <span class='ocrx_word' id='word_1_228' title='bbox 1007 1601 1172 1651; x_wconf 83' lang='lat' dir='ltr'>solidos,</span> <span class='ocrx_word' id='word_1_229' title='bbox 1204 1601 1413 1643; x_wconf 88' lang='lat' dir='ltr'>meliorem</span> <span class='ocrx_word' id='word_1_230' title='bbox 1445 1602 1734 1653; x_wconf 88' lang='lat' dir='ltr'>Petavianum,</span> 
     </span>
     <span class='ocr_line' id='line_1_28' title="bbox 285 1654 1737 1715; baseline 0.003 -20"><span class='ocrx_word' id='word_1_231' title='bbox 285 1654 386 1710; x_wconf 90' lang='lat' dir='ltr'>quia</span> <span class='ocrx_word' id='word_1_232' title='bbox 421 1655 550 1697; x_wconf 90' lang='lat' dir='ltr'>serius</span> <span class='ocrx_word' id='word_1_233' title='bbox 584 1671 701 1698; x_wconf 88' lang='lat' dir='ltr'>nosse</span> <span class='ocrx_word' id='word_1_234' title='bbox 736 1673 956 1714; x_wconf 86' lang='lat' dir='ltr'>coeperam,</span> <span class='ocrx_word' id='word_1_235' title='bbox 987 1657 1245 1714; x_wconf 87' lang='lat' dir='ltr'>aliquamdiu</span> <span class='ocrx_word' id='word_1_236' title='bbox 1285 1666 1550 1715; x_wconf 88' lang='lat' dir='ltr'>perpetuum,</span> <span class='ocrx_word' id='word_1_237' title='bbox 1587 1659 1737 1701; x_wconf 83' lang='lat' dir='ltr'>deinde</span> 
     </span>
     <span class='ocr_line' id='line_1_29' title="bbox 286 1711 1736 1771; baseline 0.004 -20"><span class='ocrx_word' id='word_1_238' title='bbox 286 1711 582 1754; x_wconf 84' lang='lat' dir='ltr'>illustrioribus</span> <span class='ocrx_word' id='word_1_239' title='bbox 602 1713 715 1764; x_wconf 86' lang='lat' dir='ltr'>locis,</span> <span class='ocrx_word' id='word_1_240' title='bbox 733 1715 917 1756; x_wconf 89' lang='lat' dir='ltr'>adhibui.</span> <span class='ocrx_word' id='word_1_241' title='bbox 981 1715 1101 1756; x_wconf 90' lang='lat' dir='ltr'>Idem</span> <span class='ocrx_word' id='word_1_242' title='bbox 1121 1715 1163 1756; x_wconf 88' lang='lat' dir='ltr'>in</span> <span class='ocrx_word' id='word_1_243' title='bbox 1179 1715 1463 1771; x_wconf 88' lang='lat' dir='ltr'>compluribus</span> <span class='ocrx_word' id='word_1_244' title='bbox 1485 1715 1736 1757; x_wconf 86' lang='lat' dir='ltr'>Florentinis</span> 
     </span>
     <span class='ocr_line' id='line_1_30' title="bbox 287 1769 1736 1828; baseline 0.003 -18"><span class='ocrx_word' id='word_1_245' title='bbox 287 1776 328 1810; x_wconf 81' lang='lat' dir='ltr'>et</span> <span class='ocrx_word' id='word_1_246' title='bbox 351 1769 594 1821; x_wconf 86' lang='lat' dir='ltr'>Barberino,</span> <span class='ocrx_word' id='word_1_247' title='bbox 618 1771 668 1811; x_wconf 92' lang='lat' dir='ltr'>L.</span> <span class='ocrx_word' id='word_1_248' title='bbox 693 1771 902 1813; x_wconf 89' lang='lat' dir='ltr'>Holstenii</span> <span class='ocrx_word' id='word_1_249' title='bbox 924 1772 1038 1828; x_wconf 87' lang='lat' dir='ltr'>apud</span> <span class='ocrx_word' id='word_1_250' title='bbox 1061 1771 1324 1813; x_wconf 82' lang='lat' dir='ltr'>Cardinalem</span> <span class='ocrx_word' id='word_1_251' title='bbox 1356 1774 1391 1813; x_wconf 87' lang='lat' dir='ltr'>F</span> <span class='ocrx_word' id='word_1_252' title='bbox 1394 1772 1623 1814; x_wconf 83' lang='lat' dir='ltr'>ranciscum</span> <span class='ocrx_word' id='word_1_253' title='bbox 1642 1788 1736 1828; x_wconf 49' lang='lat' dir='ltr'>grae</span> 
     </span>
     <span class='ocr_line' id='line_1_31' title="bbox 286 1826 1737 1884; baseline 0.003 -19"><span class='ocrx_word' id='word_1_254' title='bbox 286 1826 360 1876; x_wconf 89' lang='lat' dir='ltr'>tia,</span> <span class='ocrx_word' id='word_1_255' title='bbox 377 1841 451 1881; x_wconf 89' lang='lat' dir='ltr'>per</span> <span class='ocrx_word' id='word_1_256' title='bbox 472 1827 669 1883; x_wconf 87' lang='lat' dir='ltr'>temporis</span> <span class='ocrx_word' id='word_1_257' title='bbox 689 1829 902 1884; x_wconf 87' lang='lat' dir='ltr'>angustias</span> <span class='ocrx_word' id='word_1_258' title='bbox 917 1828 1018 1870; x_wconf 89' lang='lat' dir='ltr'>mihi</span> <span class='ocrx_word' id='word_1_259' title='bbox 1036 1830 1185 1870; x_wconf 88' lang='lat' dir='ltr'>Romae</span> <span class='ocrx_word' id='word_1_260' title='bbox 1202 1828 1330 1871; x_wconf 88' lang='lat' dir='ltr'>licuit.</span> <span class='ocrx_word' id='word_1_261' title='bbox 1391 1830 1612 1870; x_wconf 86' lang='lat' dir='ltr'>Accessere</span> <span class='ocrx_word' id='word_1_262' title='bbox 1628 1829 1737 1871; x_wconf 82' lang='lat' dir='ltr'>inter</span> 
     </span>
     <span class='ocr_line' id='line_1_32' title="bbox 286 1882 1736 1942; baseline 0.003 -20"><span class='ocrx_word' id='word_1_263' title='bbox 286 1882 425 1937; x_wconf 86' lang='lat' dir='ltr'>ipsum</span> <span class='ocrx_word' id='word_1_264' title='bbox 454 1899 560 1939; x_wconf 89' lang='lat' dir='ltr'>opus</span> <span class='ocrx_word' id='word_1_265' title='bbox 582 1884 804 1926; x_wconf 87' lang='lat' dir='ltr'>Vossianus</span> <span class='ocrx_word' id='word_1_266' title='bbox 824 1894 865 1926; x_wconf 91' lang='lat' dir='ltr'>et</span> <span class='ocrx_word' id='word_1_267' title='bbox 898 1885 1029 1927; x_wconf 90' lang='lat' dir='ltr'>Gudii</span> <span class='ocrx_word' id='word_1_268' title='bbox 1059 1902 1168 1928; x_wconf 88' lang='lat' dir='ltr'>unus</span> <span class='ocrx_word' id='word_1_269' title='bbox 1197 1884 1371 1941; x_wconf 84' lang='lat' dir='ltr'>integer,</span> <span class='ocrx_word' id='word_1_270' title='bbox 1392 1886 1562 1927; x_wconf 89' lang='lat' dir='ltr'>alterius</span> <span class='ocrx_word' id='word_1_271' title='bbox 1591 1902 1736 1942; x_wconf 85' lang='lat' dir='ltr'>paucae</span> 
     </span>
     <span class='ocr_line' id='line_1_33' title="bbox 289 1939 1736 1999; baseline 0.003 -20"><span class='ocrx_word' id='word_1_272' title='bbox 289 1939 452 1980; x_wconf 78' lang='lat' dir='ltr'>schedae</span> <span class='ocrx_word' id='word_1_273' title='bbox 481 1941 635 1996; x_wconf 91' lang='lat' dir='ltr'>opifici,</span> <span class='ocrx_word' id='word_1_274' title='bbox 657 1941 730 1997; x_wconf 92' lang='lat' dir='ltr'>qui</span> <span class='ocrx_word' id='word_1_275' title='bbox 761 1958 918 1983; x_wconf 86' lang='lat' dir='ltr'>sorores</span> <span class='ocrx_word' id='word_1_276' title='bbox 939 1958 1080 1983; x_wconf 88' lang='lat' dir='ltr'>earum</span> <span class='ocrx_word' id='word_1_277' title='bbox 1105 1944 1193 1999; x_wconf 80' lang='lat' dir='ltr'>jam</span> <span class='ocrx_word' id='word_1_278' title='bbox 1224 1952 1481 1999; x_wconf 84' lang='lat' dir='ltr'>corruperat,</span> <span class='ocrx_word' id='word_1_279' title='bbox 1503 1944 1574 1984; x_wconf 80' lang='lat' dir='ltr'>vix</span> <span class='ocrx_word' id='word_1_280' title='bbox 1602 1943 1736 1999; x_wconf 90' lang='lat' dir='ltr'>pretio</span> 
     </span>
     <span class='ocr_line' id='line_1_34' title="bbox 290 1996 1737 2056; baseline 0.004 -21"><span class='ocrx_word' id='word_1_281' title='bbox 290 1996 520 2038; x_wconf 79' lang='lat' dir='ltr'>subductae.</span> <span class='ocrx_word' id='word_1_282' title='bbox 582 1999 663 2038; x_wconf 89' lang='lat' dir='ltr'>Per</span> <span class='ocrx_word' id='word_1_283' title='bbox 683 1999 874 2039; x_wconf 88' lang='lat' dir='ltr'>eumdem</span> <span class='ocrx_word' id='word_1_284' title='bbox 895 1999 1102 2040; x_wconf 89' lang='lat' dir='ltr'>nonnullis</span> <span class='ocrx_word' id='word_1_285' title='bbox 1123 2016 1145 2040; x_wconf 92' lang='lat' dir='ltr'>e</span> <span class='ocrx_word' id='word_1_286' title='bbox 1167 1999 1503 2040; x_wconf 77' lang='lat' dir='ltr'>Florentium-um</span> <span class='ocrx_word' id='word_1_287' title='bbox 1523 2000 1737 2056; x_wconf 80' lang='lat' dir='ltr'>praecipuo</span> 
     </span>
     <span class='ocr_line' id='line_1_35' title="bbox 291 2051 1735 2113; baseline 0.004 -22"><span class='ocrx_word' id='word_1_288' title='bbox 291 2051 332 2091; x_wconf 90' lang='lat' dir='ltr'>in</span> <span class='ocrx_word' id='word_1_289' title='bbox 354 2053 734 2110; x_wconf 55' lang='lat' dir='ltr'>Addendisahujus</span> <span class='ocrx_word' id='word_1_290' title='bbox 765 2055 864 2096; x_wconf 90' lang='lat' dir='ltr'>tomi</span> <span class='ocrx_word' id='word_1_291' title='bbox 894 2056 1055 2097; x_wconf 87' lang='lat' dir='ltr'>frueris.</span> <span class='ocrx_word' id='word_1_292' title='bbox 1118 2056 1222 2097; x_wconf 85' lang='lat' dir='ltr'>Belli</span> <span class='ocrx_word' id='word_1_293' title='bbox 1255 2056 1514 2097; x_wconf 87' lang='lat' dir='ltr'>Macedonici</span> <span class='ocrx_word' id='word_1_294' title='bbox 1544 2057 1668 2113; x_wconf 88' lang='lat' dir='ltr'>primi</span> <span class='ocrx_word' id='word_1_295' title='bbox 1693 2065 1735 2098; x_wconf 89' lang='lat' dir='ltr'>et</span> 
     </span>
     <span class='ocr_line' id='line_1_36' title="bbox 291 2109 1736 2168; baseline 0.004 -19"><span class='ocrx_word' id='word_1_296' title='bbox 291 2109 465 2151; x_wconf 82' lang='lat' dir='ltr'>Asiatici</span> <span class='ocrx_word' id='word_1_297' title='bbox 486 2126 580 2151; x_wconf 87' lang='lat' dir='ltr'>cum</span> <span class='ocrx_word' id='word_1_298' title='bbox 612 2112 822 2153; x_wconf 89' lang='lat' dir='ltr'>Antiocho</span> <span class='ocrx_word' id='word_1_299' title='bbox 842 2113 1093 2168; x_wconf 80' lang='lat' dir='ltr'>exemplaria</span> <span class='ocrx_word' id='word_1_300' title='bbox 1123 2113 1275 2168; x_wconf 86' lang='lat' dir='ltr'>scripta</span> <span class='ocrx_word' id='word_1_301' title='bbox 1303 2129 1354 2154; x_wconf 85' lang='lat' dir='ltr'>ex</span> <span class='ocrx_word' id='word_1_302' title='bbox 1387 2113 1628 2165; x_wconf 87' lang='lat' dir='ltr'>Barberina,</span> <span class='ocrx_word' id='word_1_303' title='bbox 1652 2114 1736 2155; x_wconf 79' lang='lat' dir='ltr'>Ga-</span> 
     </span>
     <span class='ocr_line' id='line_1_37' title="bbox 290 2166 1737 2221; baseline 0.005 -16"><span class='ocrx_word' id='word_1_304' title='bbox 290 2166 429 2207; x_wconf 86' lang='lat' dir='ltr'>brielis</span> <span class='ocrx_word' id='word_1_305' title='bbox 460 2167 653 2217; x_wconf 80' lang='lat' dir='ltr'>Naudaei,</span> <span class='ocrx_word' id='word_1_306' title='bbox 676 2169 915 2219; x_wconf 86' lang='lat' dir='ltr'>Petaviana,</span> <span class='ocrx_word' id='word_1_307' title='bbox 940 2171 1151 2220; x_wconf 87' lang='lat' dir='ltr'>Vossiana,</span> <span class='ocrx_word' id='word_1_308' title='bbox 1175 2169 1272 2221; x_wconf 91' lang='lat' dir='ltr'>(hoc</span> <span class='ocrx_word' id='word_1_309' title='bbox 1301 2170 1578 2221; x_wconf 85' lang='lat' dir='ltr'>chartaceum,</span> <span class='ocrx_word' id='word_1_310' title='bbox 1601 2178 1737 2212; x_wconf 87' lang='lat' dir='ltr'>cetera</span> 
     </span>
     <span class='ocr_line' id='line_1_38' title="bbox 291 2223 1734 2283; baseline 0.004 -21"><span class='ocrx_word' id='word_1_311' title='bbox 291 2223 429 2263; x_wconf 83' lang='lat' dir='ltr'>onmia</span> <span class='ocrx_word' id='word_1_312' title='bbox 459 2240 638 2280; x_wconf 87' lang='lat' dir='ltr'>quorum</span> <span class='ocrx_word' id='word_1_313' title='bbox 668 2226 850 2276; x_wconf 91' lang='lat' dir='ltr'>memini,</span> <span class='ocrx_word' id='word_1_314' title='bbox 872 2227 914 2267; x_wconf 91' lang='lat' dir='ltr'>in</span> <span class='ocrx_word' id='word_1_315' title='bbox 945 2226 1192 2268; x_wconf 86' lang='lat' dir='ltr'>membranis</span> <span class='ocrx_word' id='word_1_316' title='bbox 1221 2230 1357 2281; x_wconf 87' lang='lat' dir='ltr'>erant)</span> <span class='ocrx_word' id='word_1_317' title='bbox 1390 2227 1553 2283; x_wconf 86' lang='lat' dir='ltr'>singula</span> <span class='ocrx_word' id='word_1_318' title='bbox 1581 2227 1734 2283; x_wconf 89' lang='lat' dir='ltr'>accepi,</span> 
     </span>
     <span class='ocr_line' id='line_1_39' title="bbox 292 2280 1736 2339; baseline 0.003 -20"><span class='ocrx_word' id='word_1_319' title='bbox 292 2287 333 2321; x_wconf 85' lang='lat' dir='ltr'>ct</span> <span class='ocrx_word' id='word_1_320' title='bbox 365 2280 527 2336; x_wconf 90' lang='lat' dir='ltr'>integra</span> <span class='ocrx_word' id='word_1_321' title='bbox 565 2297 660 2322; x_wconf 90' lang='lat' dir='ltr'>cum</span> <span class='ocrx_word' id='word_1_322' title='bbox 694 2283 877 2338; x_wconf 87' lang='lat' dir='ltr'>vulgatis</span> <span class='ocrx_word' id='word_1_323' title='bbox 916 2283 1060 2339; x_wconf 86' lang='lat' dir='ltr'>relegi:</span> <span class='ocrx_word' id='word_1_324' title='bbox 1113 2283 1371 2334; x_wconf 82' lang='lat' dir='ltr'>OxoniensiS,</span> <span class='ocrx_word' id='word_1_325' title='bbox 1409 2284 1654 2334; x_wconf 88' lang='lat' dir='ltr'>Florentini,</span> <span class='ocrx_word' id='word_1_326' title='bbox 1694 2291 1736 2325; x_wconf 90' lang='lat' dir='ltr'>et</span> 
     </span>
     <span class='ocr_line' id='line_1_40' title="bbox 295 2337 1740 2396; baseline 0.003 -20"><span class='ocrx_word' id='word_1_327' title='bbox 295 2337 477 2378; x_wconf 88' lang='lat' dir='ltr'>Venetus</span> <span class='ocrx_word' id='word_1_328' title='bbox 523 2338 699 2379; x_wconf 85' lang='lat' dir='ltr'>coenobii</span> <span class='ocrx_word' id='word_1_329' title='bbox 736 2340 790 2379; x_wconf 92' lang='lat' dir='ltr'>D.</span> <span class='ocrx_word' id='word_1_330' title='bbox 824 2340 998 2381; x_wconf 88' lang='lat' dir='ltr'>Antonii</span> <span class='ocrx_word' id='word_1_331' title='bbox 1031 2339 1171 2396; x_wconf 86' lang='lat' dir='ltr'>(cujus</span> <span class='ocrx_word' id='word_1_332' title='bbox 1201 2340 1362 2381; x_wconf 87' lang='lat' dir='ltr'>aditum</span> <span class='ocrx_word' id='word_1_333' title='bbox 1393 2341 1482 2381; x_wconf 86' lang='lat' dir='ltr'>Jac.</span> <span class='ocrx_word' id='word_1_334' title='bbox 1515 2339 1740 2396; x_wconf 87' lang='lat' dir='ltr'>Philippus</span> 
     </span>
     <span class='ocr_line' id='line_1_41' title="bbox 296 2393 1735 2452; baseline 0.004 -20"><span class='ocrx_word' id='word_1_335' title='bbox 296 2394 336 2433; x_wconf 84' lang='lat' dir='ltr'>T</span> <span class='ocrx_word' id='word_1_336' title='bbox 340 2393 577 2435; x_wconf 85' lang='lat' dir='ltr'>homasinus</span> <span class='ocrx_word' id='word_1_337' title='bbox 607 2395 707 2436; x_wconf 87' lang='lat' dir='ltr'>mihi</span> <span class='ocrx_word' id='word_1_338' title='bbox 728 2396 901 2450; x_wconf 83' lang='lat' dir='ltr'>fecerat)</span> <span class='ocrx_word' id='word_1_339' title='bbox 923 2396 1134 2452; x_wconf 86' lang='lat' dir='ltr'>aliquibus</span> <span class='ocrx_word' id='word_1_340' title='bbox 1155 2397 1253 2438; x_wconf 92' lang='lat' dir='ltr'>locis</span> <span class='ocrx_word' id='word_1_341' title='bbox 1282 2396 1458 2438; x_wconf 86' lang='lat' dir='ltr'>consulti</span> <span class='ocrx_word' id='word_1_342' title='bbox 1486 2396 1735 2438; x_wconf 88' lang='lat' dir='ltr'>servierunt:</span> 
     </span>
     <span class='ocr_line' id='line_1_42' title="bbox 296 2449 1738 2508; baseline 0.004 -20"><span class='ocrx_word' id='word_1_343' title='bbox 296 2449 429 2490; x_wconf 77' lang='lat' dir='ltr'>sedin</span> <span class='ocrx_word' id='word_1_344' title='bbox 460 2451 574 2491; x_wconf 90' lang='lat' dir='ltr'>nullo</span> <span class='ocrx_word' id='word_1_345' title='bbox 603 2452 698 2506; x_wconf 90' lang='lat' dir='ltr'>plus</span> <span class='ocrx_word' id='word_1_346' title='bbox 728 2453 974 2503; x_wconf 85' lang='lat' dir='ltr'>habebatur,</span> <span class='ocrx_word' id='word_1_347' title='bbox 996 2469 1121 2508; x_wconf 89' lang='lat' dir='ltr'>quam</span> <span class='ocrx_word' id='word_1_348' title='bbox 1151 2454 1192 2494; x_wconf 91' lang='lat' dir='ltr'>in</span> <span class='ocrx_word' id='word_1_349' title='bbox 1222 2453 1346 2494; x_wconf 84' lang='lat' dir='ltr'>editis</span> <span class='ocrx_word' id='word_1_350' title='bbox 1374 2461 1469 2494; x_wconf 82' lang='lat' dir='ltr'>ante</span> <span class='ocrx_word' id='word_1_351' title='bbox 1501 2453 1738 2508; x_wconf 81' lang='lat' dir='ltr'>Magontia-</span> 
     </span>
     <span class='ocr_line' id='line_1_43' title="bbox 295 2507 1735 2566; baseline 0.004 -21"><span class='ocrx_word' id='word_1_352' title='bbox 295 2522 454 2547; x_wconf 86' lang='lat' dir='ltr'>censem</span> <span class='ocrx_word' id='word_1_353' title='bbox 475 2507 602 2548; x_wconf 83' lang='lat' dir='ltr'>fuisse</span> <span class='ocrx_word' id='word_1_354' title='bbox 632 2508 825 2550; x_wconf 83' lang='lat' dir='ltr'>diximus.</span> <span class='ocrx_word' id='word_1_355' title='bbox 886 2511 953 2550; x_wconf 88' lang='lat' dir='ltr'>Ex</span> <span class='ocrx_word' id='word_1_356' title='bbox 978 2510 1221 2551; x_wconf 86' lang='lat' dir='ltr'>Buslidiano</span> <span class='ocrx_word' id='word_1_357' title='bbox 1240 2525 1408 2566; x_wconf 91' lang='lat' dir='ltr'>quoque</span> <span class='ocrx_word' id='word_1_358' title='bbox 1434 2509 1487 2550; x_wconf 87' lang='lat' dir='ltr'>ad</span> <span class='ocrx_word' id='word_1_359' title='bbox 1508 2516 1735 2566; x_wconf 88' lang='lat' dir='ltr'>utrumque</span> 
     </span>
     <span class='ocr_line' id='line_1_44' title="bbox 295 2564 1736 2623; baseline 0.003 -20"><span class='ocrx_word' id='word_1_360' title='bbox 295 2564 562 2618; x_wconf 82' lang='lat' dir='ltr'>posteriorem</span> <span class='ocrx_word' id='word_1_361' title='bbox 583 2571 742 2606; x_wconf 90' lang='lat' dir='ltr'>tomum</span> <span class='ocrx_word' id='word_1_362' title='bbox 771 2566 1088 2609; x_wconf 87' lang='lat' dir='ltr'>communicavit</span> <span class='ocrx_word' id='word_1_363' title='bbox 1115 2567 1307 2623; x_wconf 82' lang='lat' dir='ltr'>quaedam</span> <span class='ocrx_word' id='word_1_364' title='bbox 1338 2566 1569 2608; x_wconf 89' lang='lat' dir='ltr'>Rubenius.</span> <span class='ocrx_word' id='word_1_365' title='bbox 1630 2567 1736 2617; x_wconf 81' lang='lat' dir='ltr'>Quae</span> 
     </span>
    </p>
   </div>
   <div class='ocr_carea' id='block_1_3' title="bbox 295 2733 1736 2857">
    <p class='ocr_par' dir='ltr' id='par_1_3' title="bbox 295 2733 1736 2857">
     <span class='ocr_line' id='line_1_45' title="bbox 337 2733 1735 2780; baseline 0.006 -18"><span class='ocrx_word' id='word_1_366' title='bbox 337 2735 352 2752; x_wconf 72' lang='lat'>²</span> <span class='ocrx_word' id='word_1_367' title='bbox 373 2733 454 2767; x_wconf 82' lang='lat' dir='ltr'>Quae</span> <span class='ocrx_word' id='word_1_368' title='bbox 477 2736 509 2764; x_wconf 85' lang='lat' dir='ltr'>in</span> <span class='ocrx_word' id='word_1_369' title='bbox 532 2736 634 2773; x_wconf 79' lang='lat' dir='ltr'>prima</span> <span class='ocrx_word' id='word_1_370' title='bbox 655 2737 791 2766; x_wconf 80' lang='lat' dir='ltr'>editione</span> <span class='ocrx_word' id='word_1_371' title='bbox 814 2738 852 2766; x_wconf 80' lang='lat' dir='ltr'>ad</span> <span class='ocrx_word' id='word_1_372' title='bbox 875 2738 991 2767; x_wconf 80' lang='lat' dir='ltr'>calcem</span> <span class='ocrx_word' id='word_1_373' title='bbox 1035 2737 1104 2777; x_wconf 80' lang='lat' dir='ltr'>ejus</span> <span class='ocrx_word' id='word_1_374' title='bbox 1114 2743 1221 2768; x_wconf 78' lang='lat' dir='ltr'>curata</span> <span class='ocrx_word' id='word_1_375' title='bbox 1232 2740 1262 2767; x_wconf 89' lang='lat' dir='ltr'>in</span> <span class='ocrx_word' id='word_1_376' title='bbox 1277 2740 1380 2778; x_wconf 85' lang='lat' dir='ltr'>ipsum</span> <span class='ocrx_word' id='word_1_377' title='bbox 1392 2741 1612 2772; x_wconf 79' lang='lat' dir='ltr'>commentarii</span> <span class='ocrx_word' id='word_1_378' title='bbox 1622 2751 1735 2780; x_wconf 87' lang='lat' dir='ltr'>corpus</span> 
     </span>
     <span class='ocr_line' id='line_1_46' title="bbox 295 2776 1736 2823; baseline 0.009 -22"><span class='ocrx_word' id='word_1_379' title='bbox 295 2776 465 2806; x_wconf 79' lang='lat' dir='ltr'>voluminis</span> <span class='ocrx_word' id='word_1_380' title='bbox 474 2780 601 2808; x_wconf 81' lang='lat' dir='ltr'>dederat</span> <span class='ocrx_word' id='word_1_381' title='bbox 611 2781 764 2809; x_wconf 82' lang='lat' dir='ltr'>Addenda</span> <span class='ocrx_word' id='word_1_382' title='bbox 774 2779 806 2809; x_wconf 85' lang='lat' dir='ltr'>J.</span> <span class='ocrx_word' id='word_1_383' title='bbox 817 2779 899 2808; x_wconf 76' lang='lat' dir='ltr'>Frid.</span> <span class='ocrx_word' id='word_1_384' title='bbox 914 2782 992 2809; x_wconf 88' lang='lat' dir='ltr'>Gro-</span> <span class='ocrx_word' id='word_1_385' title='bbox 1034 2786 1188 2816; x_wconf 80' lang='lat' dir='ltr'>revocata,</span> <span class='ocrx_word' id='word_1_386' title='bbox 1200 2787 1230 2812; x_wconf 84' lang='lat' dir='ltr'>ct</span> <span class='ocrx_word' id='word_1_387' title='bbox 1242 2792 1300 2813; x_wconf 69' lang='lat' dir='ltr'>suo</span> <span class='ocrx_word' id='word_1_388' title='bbox 1311 2792 1445 2823; x_wconf 76' lang='lat' dir='ltr'>quaeque</span> <span class='ocrx_word' id='word_1_389' title='bbox 1458 2785 1565 2815; x_wconf 75' lang='lat' dir='ltr'>ordine</span> <span class='ocrx_word' id='word_1_390' title='bbox 1581 2785 1736 2816; x_wconf 73' lang='lat' dir='ltr'>collocata</span> 
     </span>
     <span class='ocr_line' id='line_1_47' title="bbox 297 2820 1120 2857; baseline 0.005 -8"><span class='ocrx_word' id='word_1_391' title='bbox 297 2820 422 2857; x_wconf 65' lang='lat' dir='ltr'>nevius,</span> <span class='ocrx_word' id='word_1_392' title='bbox 439 2830 475 2850; x_wconf 72' lang='lat' dir='ltr'>ea</span> <span class='ocrx_word' id='word_1_393' title='bbox 490 2821 521 2850; x_wconf 75' lang='lat' dir='ltr'>in</span> <span class='ocrx_word' id='word_1_394' title='bbox 538 2822 675 2852; x_wconf 78' lang='lat' dir='ltr'>editione</span> <span class='ocrx_word' id='word_1_395' title='bbox 691 2824 765 2852; x_wconf 79' lang='lat' dir='ltr'>anni</span> <span class='ocrx_word' id='word_1_396' title='bbox 785 2823 876 2853; x_wconf 75' lang='lat'><strong>1679.</strong></span> <span class='ocrx_word' id='word_1_397' title='bbox 893 2831 910 2853; x_wconf 80' lang='lat' dir='ltr'>a</span> <span class='ocrx_word' id='word_1_398' title='bbox 928 2824 991 2853; x_wconf 84' lang='lat' dir='ltr'>filio</span> <span class='ocrx_word' id='word_1_399' title='bbox 1035 2829 1120 2854; x_wconf 75' lang='lat' dir='ltr'>sunt.</span> 
     </span>
    </p>
   </div>
  </div>
 </body>
</html>
