1826 3149
340 73 415 107 250
886 72 1199 110 EPITOMAE

876 271 1207 325 LXXXIX.

397 380 431 405 2⁸
444 380 510 420 M.
533 381 682 420 Brutus
700 393 724 419 a
740 381 816 421 Cn.
833 381 1012 433 Papirio
1032 381 1225 431 Carbone,
1248 384 1319 437 qui
1339 383 1546 424 cossuram
1575 385 1741 438 adpule-

341 444 420 488 rat,
451 439 586 478 missus
620 452 720 478 nave
745 438 967 489 piscatoria
998 438 1219 492 Lilybaeum,
1254 446 1297 480 ut
1329 440 1570 493 exploraret,
1603 455 1655 482 an
1687 442 1741 483 ibi

344 495 557 548 Pompeius
569 501 679 542 esset,
696 501 734 534 et
753 494 785 518 ‘²⁹
798 495 1078 535 circumventus
1093 510 1119 535 α
1134 496 1313 548 navibus,
1328 511 1429 551 quas
1448 498 1657 551 Pompeius
1669 499 1740 539 mi-

339 558 462 602 serat,
483 551 518 574 ³⁰
531 552 574 591 in
593 565 634 591 se
650 565 828 591 mucrone
847 565 969 602 verso,
986 553 1043 591 ad
1059 559 1277 593 transtrum
1294 555 1406 595 novis
1420 555 1584 596 obnixus
1602 570 1740 609 corpo-

340 609 399 648 ris
412 610 605 661 pondere,
629 608 812 648 incubuit.
875 609 948 649 Cn.
969 610 1200 662 Pompeius,
1217 611 1258 650 iu
1273 611 1456 651 Siciliam
1471 627 1555 652 cum
1576 613 1742 665 imperio

341 679 366 704 a
384 673 525 706 senatu
541 665 689 713 missus,
711 666 782 706 Cn.
804 665 1034 713 Carbonem,
1053 667 1232 722 quiflens
1248 668 1486 709 muliebriter
1502 676 1660 709 mortem
1676 675 1741 709 tu-

339 722 402 770 lit,
419 728 572 775 captum
588 723 744 762 occidit.
775 721 806 745 ³¹
820 722 946 771 Sulla,
969 723 1140 763 dictator
1142 724 1297 778 factus,
1316 726 1420 778 quod
1433 740 1543 765 nemo
1560 740 1741 779 umquam

328 776 503 829 fecerat,
524 793 607 819 cum
617 777 797 830 fascibus
816 779 965 833 viginti
984 786 1157 833 quatuor
1170 783 1376 833 processit.
1431 781 1465 805 ³²
1481 782 1610 823 Rebus
1630 783 1743 823 novis

340 836 567 888 reipublicae
578 842 721 876 statum
744 837 1006 889 confirmavit,
1026 836 1268 877 tribunorum
1273 839 1406 890 plebis
1422 845 1653 890 potestatem
1670 839 1742 879 mi-

339 895 440 941 nuit,
463 899 500 932 et
520 907 631 932 omne
636 893 709 946 jus
729 894 862 947 legum
871 891 1129 944 ferendarum
1150 895 1313 935 ademit.
1358 895 1595 946 Pontificum
1615 910 1741 950 augu-

337 963 497 1003 rumque
515 951 718 1003 collegium
747 951 975 1002 ampliavit,
998 957 1040 989 ut
1061 957 1185 991 essent
1206 952 1453 1004 quindecim5
1487 959 1663 993 senatum
1693 968 1742 993 ex·

337 1008 510 1058 equestri
522 1008 664 1047 ordine
684 1007 879 1062 subplepit
893 1024 904 1046 :
930 1009 1246 1059 proscriptorum
1264 1008 1397 1048 liberis
1398 1007 1473 1061 jus
1485 1010 1742 1061 petendorum

337 1063 529 1103 honorum
549 1063 709 1116 eripuit,
732 1070 770 1103 et
790 1063 893 1103 hona
914 1077 1045 1104 eorum
1065 1065 1240 1104 vendidit
1250 1081 1267 1113 ,·
1296 1064 1331 1088 ³³
1343 1080 1391 1105 ex
1410 1066 1550 1118 quibus
1564 1066 1743 1119 plurima

330 1121 472 1172 primo
488 1122 642 1172 rapuit.
673 1120 706 1144 ³4
719 1122 917 1160 redactum
933 1127 989 1160 est
1006 1123 1226 1161 sestertium
1239 1128 1301 1161 ter
1315 1123 1460 1163 millies
1476 1123 1740 1177 quingenties.

342 1175 395 1224 Q.
418 1177 644 1217 Lucretium
669 1175 853 1228 Ofellam,
876 1178 1118 1217 consulatum
1151 1179 1340 1219 adversus
1369 1180 1611 1220 voluntatem
1631 1194 1741 1221 suam

330 1239 470 1285 petere
490 1247 637 1281 ausum,
646 1233 772 1286 jussit
791 1235 918 1274 occidi
937 1234 976 1273 in
987 1232 1086 1284 foro
1100 1252 1112 1273 .-
1144 1241 1192 1282 εἰ,
1211 1249 1325 1288 quum
1345 1236 1417 1275 hoc
1434 1236 1599 1289 indigne
1607 1235 1742 1288 ferret

334 1291 505 1341 populus
534 1291 757 1338 Romanus,
780 1292 966 1330 concione
995 1291 1205 1339 advocata,
1233 1306 1273 1332 se
1288 1291 1459 1345 jussisse
1487 1293 1600 1333 dixit.
1662 1294 1739 1335 Cn.

340 1347 551 1398 Pompeius
568 1348 609 1387 in
626 1346 768 1398 Africa
789 1348 863 1387 Cn.
885 1347 1099 1387 Domitium
1107 1349 1366 1400 proscriptum
1384 1355 1420 1388 et
1441 1349 1659 1399 Hiar-ham,
1678 1365 1742 1391 re-

334 1417 428 1456 gem
452 1403 670 1452 Numidiae,
692 1403 832 1443 bellum
854 1405 1068 1454 molientes,
1090 1404 1207 1444 victos
1227 1405 1374 1445 occidit
1386 1427 1402 1451 ;
1439 1412 1490 1454 et,
1513 1415 1684 1459 quatuor
1703 1413 1741 1448 et

339 1460 489 1513 viginti
509 1474 633 1501 annos
653 1466 785 1510 natus,
800 1461 930 1500 adhuc
950 1474 1066 1514 eques
1085 1461 1305 1509 Romanus,
1323 1463 1430 1516 quod
1447 1464 1550 1503 nulli
1568 1465 1742 1519 contige-

342 1523 423 1564 rat,
453 1532 501 1556 εχ
531 1517 675 1571 Africa
707 1518 979 1570 triumphavit.
1027 1516 1060 1540 ³⁵
1077 1518 1149 1558 Cn,
1181 1518 1393 1560 Norbanus
1412 1522 1631 1561 consularis
1650 1536 1744 1573 pro-

339 1575 525 1626 scriptus,
545 1575 587 1614 in
608 1574 704 1614 urbe
724 1574 864 1614 Rhodo
879 1589 993 1628 quum
1014 1575 1415 1627 comprehenderetur,
1433 1577 1518 1630 ipse
1531 1591 1573 1617 se
1587 1578 1741 1619 occidit.

342 1630 529 1679 Mutilus,
547 1645 645 1671 unus
663 1646 710 1670 ex
718 1632 974 1684 proscriptis,
987 1632 1087 1671 clam
1101 1633 1234 1683 capite
1247 1634 1443 1685 adoperto
1457 1632 1491 1657 ³⁶
1502 1635 1560 1673 ad
1561 1635 1742 1687 posticas

340 1688 443 1727 a’des
473 1687 630 1728 Bastioe
658 1688 797 1727 uxoris
826 1702 939 1740 quum
970 1688 1205 1737 accessisset,
1229 1690 1423 1729 admissus
1452 1704 1531 1730 non
1552 1697 1620 1740 est,
1642 1693 1740 1745 quia

340 1744 451 1784 illum
465 1744 726 1797 proscriptum
748 1745 910 1796 diceret,
931 1745 1067 1798 itaque
1085 1758 1125 1784 se
1144 1746 1378 1800 transfodit,
1400 1752 1440 1786 et
1458 1749 1654 1801 sanguine
1672 1762 1740 1789 suo

381 1879 422 1909 28
455 1878 492 1909 L.
517 1878 644 1919 Brutus]
669 1879 720 1910 Sic
742 1879 815 1910 olim
846 1878 1018 1919 legebatur.
1061 1878 1209 1910 sentimur
1240 1878 1396 1910 Gronovio
1426 1879 1602 1911 emendanti
1633 1881 1740 1922 legibus

340 1920 483 1961 Sigonius
505 1921 591 1952 dedit
607 1923 652 1952 M.
677 1922 800 1958 Brutus,
816 1920 906 1962 eique
930 1920 1016 1950 obse·
1061 1923 1147 1951 novis.

339 1963 403 1993 euti
426 1969 496 1994 sunt
511 1963 653 1995 editores.
698 1964 759 1995 Sed
781 1964 863 1994 hunc
888 1964 1018 1993 Brutum

339 2005 493 2036 credimus
517 2017 587 2036 cum
604 2007 715 2047 Pighio
738 2017 798 2037 non
822 2005 917 2037 alium
940 2015 1018 2040 esse,

338 2059 432 2089 quam
449 2049 485 2078 L.
501 2049 633 2079 Brutum
656 2049 884 2090 Damasippum
904 2053 1015 2089 praeto-

338 2102 402 2121 rem
424 2090 515 2132 hujus
537 2092 620 2127 anni,
637 2091 690 2132 qui
713 2091 845 2122 Carboni
869 2090 1015 2132 conjunc-

337 2139 387 2163 tus
414 2140 597 2165 memoratur
624 2134 701 2165 libro
727 2145 795 2176 sup.
818 2145 908 2176 capp.
932 2135 961 2164 3.
986 2138 1017 2164 et

381 2220 422 2249 29
453 2221 673 2250 Circumventus
688 2232 706 2249 a
721 2219 855 2260 navibus]
895 2218 1017 2249 Vocula

339 2274 356 2290 α
392 2261 423 2291 in
462 2261 666 2293 Gronovianis
709 2261 896 2292 editionibus
936 2260 1016 2291 male

339 2304 451 2334 omissa
487 2305 607 2335 fuerat:
653 2304 707 2335 sed
743 2304 775 2334 in
802 2303 1017 2334 vetustioribus

339 2346 481 2377 omnibus
495 2347 657 2389 reperitur.

381 2390 422 2418 30
458 2390 494 2419 In
510 2401 537 2419 se
559 2400 693 2419 mucrone
708 2400 784 2419 verso
801 2411 808 2418 .
836 2411 843 2418 .
868 2388 1014 2428 incubuit]

340 2431 445 2470 Magis
473 2432 609 2472 placeret
631 2442 701 2461 cum
731 2430 886 2462 Gronovio
914 2430 1016 2470 legere

339 2484 478 2503 mucrfflll.

381 2516 419 2545 31
445 2516 527 2544 Sulla
552 2538 560 2545 .
586 2538 593 2544 .
619 2518 692 2554 quod
714 2527 793 2545 nemo
815 2527 942 2554 unquam
961 2515 1012 2556 se-

339 2564 428 2593 cerat,
471 2569 536 2587 cum
576 2557 708 2597 fascibus
747 2560 850 2598 *viginti
893 2564 1016 2596 quatuor

338 2601 483 2641 processit]
515 2599 643 2629 Solitum
668 2600 724 2629 hoc
747 2600 957 2632 dictatoribus,
981 2606 1014 2630 ut

340 2647 490 2673 testantur
506 2643 589 2672 Plut.
612 2642 643 2671 in
661 2642 766 2676 Fabio,
784 2642 892 2682 Polyb.
910 2642 930 2671 l.
948 2643 1012 2672 ΠΙ.

340 2695 366 2714 c.
384 2686 435 2717 87.
492 2685 604 2725 Itaque
640 2685 688 2715 vel
725 2684 836 2714 erravit
866 2684 1012 2724 epitomes

340 2733 456 2763 auctor,
473 2728 522 2757 vel
538 2727 661 2768 aliquod
677 2726 726 2756 hic
742 2726 849 2756 vitium
865 2732 921 2756 est.

382 2771 422 2799 32
458 2770 551 2800 Rebus
586 2771 663 2799 *tronis
695 2769 860 2808 reipublicoe
908 2775 1013 2798 statum

338 2813 533 2853 rmfirmur‘it]
571 2813 643 2844 Sine
665 2812 729 2843 ulla
750 2810 941 2842 dubitatione
964 2822 1010 2842 as-

1105 1965 1146 1994 33
1177 1964 1221 1994 Er
1242 1965 1342 2004 quibus
1361 1965 1490 2003 plurima
1508 1966 1601 2004 primo
1622 1966 1738 2007 rapuit]

1064 2006 1203 2037 Offendit
1240 2007 1274 2038 τὸ
1306 2009 1408 2046 primo.
1468 2007 1536 2037 Nec
1572 2006 1740 2049 opitulatur

1061 2049 1246 2085 Gronovius,
1262 2049 1335 2079 dum
1351 2060 1389 2080 ex
1404 2049 1522 2090 aliquot
1545 2049 1633 2080 codd.
1650 2050 1738 2081 affert

1057 2092 1186 2130 plurima
1206 2093 1339 2130 praemia,
1362 2091 1638 2133 interpretaturque
1659 2104 1737 2132 pra--

1059 2136 1120 2164 das.
1179 2135 1318 2165 Fortasse
1354 2134 1472 2175 aliquid
1508 2134 1673 2171 intercidit,
1703 2140 1739 2166 ut

1060 2177 1148 2207 Sulla
1170 2177 1271 2207 dictus
1294 2176 1384 2207 fuerit
1405 2176 1538 2218 plurima
1566 2177 1663 2218 primo
1687 2188 1735 2208 ra-

1059 2219 1173 2260 puisse,
1186 2219 1298 2250 deinde
1314 2224 1417 2250 cetera
1431 2219 1462 2250 in
1476 2219 1633 2261 publicum
1649 2219 1735 2251 rede-

1081 2272 1150 2292 isse.

1059 2273 1079 2302 g
1103 2305 1144 2334 34
1168 2305 1329 2334 Redacmm
1354 2310 1392 2334 est
1406 2305 1564 2334 sestertium
1579 2309 1622 2333 ter
1635 2305 1737 2335 millies

1060 2348 1252 2388 quingenties]
1284 2348 1403 2377 Marcae
1430 2345 1548 2387 argenti
1580 2347 1736 2378 1367187.

1060 2389 1162 2419 unciae
1179 2390 1209 2420 4.

1102 2433 1143 2461 35
1168 2433 1204 2462 C.
1222 2427 1389 2471 Norbanus]
1410 2430 1513 2470 Vulgo
1536 2431 1595 2461 C'n.
1618 2431 1677 2461 Sed
1698 2442 1736 2462 ex

1062 2474 1160 2504 Fastis
1184 2472 1377 2514 Capitolinis,
1394 2472 1579 2512 reliquisque
1595 2474 1736 2504 omnibus

1059 2522 1196 2546 veterum
1224 2514 1428 2545 monumentis
1460 2516 1497 2545 C.
1526 2516 1735 2556 reponendum

1058 2569 1122 2589 esse
1160 2557 1301 2597 Sigonius
1337 2562 1450 2591 monet,
1486 2557 1535 2587 cui
1573 2559 1744 2592 assentitur,

1059 2600 1138 2641 apud
1156 2600 1326 2630 Hearnium
1343 2599 1494 2629 Pithoeus.

1100 2643 1140 2672 36
1164 2644 1209 2671 Ad
1223 2644 1341 2680 posticas
1358 2643 1445 2682 redes]
1470 2642 1552 2672 Ante
1575 2643 1733 2682 Sigonium

1055 2686 1215 2724 legebatur
1251 2686 1287 2713 ad
1322 2685 1457 2722 posticum
1488 2686 1567 2716 cedis.
1613 2685 1671 2715 Ille
1701 2685 1732 2714 in

1055 2732 1115 2757 vet.
1132 2726 1186 2756 lib.
1203 2726 1314 2767 reperit
1328 2728 1365 2756 ad
1388 2728 1515 2764 posticias
1536 2729 1618 2758 oecles.
1664 2728 1733 2757 Nec

1057 2769 1145 2799 aliter
1168 2769 1319 2798 Pithoeus.
1365 2770 1479 2799 Notum
1503 2775 1548 2799 est
1569 2771 1657 2800 cedem
1672 2780 1732 2800 non

1056 2811 1117 2842 dici
1134 2811 1171 2842 de
1187 2811 1305 2853 privata
1320 2817 1349 2842 et
1365 2812 1492 2854 profana
1505 2811 1606 2843 domo.
