1826 3149
268 71 340 105 100
782 70 923 109 TITI
974 70 1152 109 LIVII

56 183 96 214 U.
111 185 147 215 c.
160 184 233 216 582.
266 174 322 216 lio
355 184 458 228 erat,
493 178 676 234 querelae
707 179 761 221 ad
792 188 980 221 senatum
1014 179 1163 223 delatae
1198 185 1310 230 sunt,
1343 186 1385 219 et
1417 176 1544 242 legati
1574 177 1683 233 regis

58 226 233 258 A.c.170,
268 232 486 276 Gallorum
515 235 707 278 Cincibili
737 244 952 278 venerunt.
1013 237 1162 278 Frater
1191 237 1282 293 ejus
1310 235 1437 277 verba
1465 249 1509 276 m
1538 242 1684 276 senatu

55 269 199 305 Querelae
216 269 255 301 de

56 313 81 341 (J
86 312 174 343 assio.

266 289 379 341 fecit,
410 300 598 347 questus,
630 293 883 349 Alpinorum
913 293 1169 349 populorum
1199 308 1322 349 agros
1352 292 1555 334 sociorum
1591 306 1685 332 suo-

267 361 360 387 rum
382 347 683 406 depopulatum
708 351 754 391 C.
779 349 969 391 Cassium
990 365 1091 400 esse,
1112 359 1153 392 ct
1177 350 1274 391 inde
1300 349 1435 391 multa
1456 348 1586 390 millia
1611 348 1685 388 ho-

267 403 426 451 minum
446 405 488 447 in
510 406 752 448 servitutem
771 406 1012 465 abripuisse.
1076 407 1164 449 Sub
1184 406 1227 448 id
1253 415 1420 463 tempus
1451 407 1684 448 Carnorum

269 460 558 518 Istrorumque
592 471 633 505 et
671 463 883 520 Iapydum
917 463 1043 519 legati
1074 471 1304 505 venerunt:
1367 464 1501 505 Duces
1528 463 1609 504 sibi
1637 461 1689 502 ab

265 520 422 559 consule
444 521 584 561 Cassio
600 523 778 573 primum
799 521 1030 575 imperatos,
1053 522 1124 576 qui
1149 522 1193 562 in
1216 521 1504 562 Macedoniam
1525 519 1688 560 ducenti

266 576 474 617 exercitum
497 578 575 617 iter
595 584 885 619 monstrarent:
910 585 1102 632 pacatum
1124 579 1176 619 ab
1195 593 1248 628 se,
1270 585 1472 632 tamquam
1494 578 1550 617 ad
1569 577 1687 617 aliud

264 631 405 673 bellum
420 635 653 688 gerendum,
675 635 804 676 abisse
818 653 830 676 .-
852 636 955 676 »inde
974 651 1023 676 er
1043 637 1173 677 medio
1189 650 1405 690 regressum
1427 636 1574 676 itinere
1593 635 1683 674 lios-

263 690 392 730 tiliter
417 705 658 745 peragrasse
669 693 783 745 fines
813 707 931 734 suos:
961 695 1115 747 passim
1142 695 1391 747 rapinasque
1422 698 1460 733 et
1495 692 1685 733 incendia

247 746 375 800 facta
391 765 403 787 :
425 762 496 788 nec
515 763 557 789 se
575 750 685 790 adid
698 751 869 791 locorum
890 751 1006 802 scire,
1015 757 1186 804 propter
1202 765 1318 805 quam
1339 764 1516 791 caussam
1537 749 1688 790 consuli

256 818 339 856 pro
372 804 548 846 hostibus
565 807 748 860 fuerint.
810 808 869 848 Et
901 807 1048 863 regulo
1085 807 1304 849 Gallorum
1337 806 1512 857 absenti,
1545 814 1587 847 et
1619 805 1684 847 his

262 861 429 916 populis
461 877 703 919 responsum
738 872 814 914 est,
847 865 1036 906 Senatum
1071 880 1133 913 ea,
1169 879 1259 919 quce
1289 865 1417 919 facta
1449 869 1683 918 querantur,

262 931 389 972 neque
408 920 527 961 scisse
539 921 712 974 sutura,
733 935 858 975 neque
877 922 914 963 si
933 922 1016 962 sint
1019 922 1161 976 facta,
1176 922 1370 975 probare.
1429 922 1510 963 Sed
1528 921 1686 961 indicta

262 986 403 1017 caussa
438 977 632 1018 damnari
663 978 862 1020 absentem
896 980 1140 1020 consularem
1175 980 1317 1028 virum,
1356 978 1549 1033 injurium
1588 991 1682 1028 csse,

263 1046 380 1086 quum
402 1034 437 1074 is
455 1035 689 1087 reipublicae
706 1049 846 1076 caussa
866 1035 987 1078 absit.
1053 1036 1136 1077 Ubi
1163 1051 1213 1077 ex
1239 1036 1489 1077 Macedonia
1513 1035 1685 1076 redisset

266 1090 313 1131 C.
347 1091 524 1139 Cassius,
556 1097 652 1142 tum,
686 1092 722 1133 si
758 1107 891 1133 coram
927 1107 1011 1134 eum
1051 1108 1222 1148 arguere
1260 1095 1418 1142 vellent,
1449 1093 1612 1146 cognita
1638 1106 1684 1133 re

263 1153 443 1189 senatum
464 1149 652 1189 daturum
682 1163 860 1202 operam,
881 1151 946 1190 uti
968 1152 1156 1204 satisfiat.
1218 1151 1305 1191 Nec
1330 1149 1569 1206 responderi
1594 1157 1684 1190 tan-

263 1211 354 1245 tum
375 1204 424 1245 iis
443 1205 655 1261 gentibus,
678 1205 750 1247 sed
771 1206 930 1262 legatos
955 1207 1081 1257 mitti,
1110 1207 1216 1248 duos
1248 1207 1301 1248 ad
1335 1207 1527 1262 regulum
1562 1214 1678 1247 trans

263 1260 411 1316 Alpes,
443 1270 526 1303 tres
555 1262 663 1303 circa
692 1278 760 1304 eos
790 1263 968 1319 populos
997 1264 1170 1320 placuit,
1201 1264 1275 1319 qui
1310 1263 1554 1312 indicarent,
1585 1277 1683 1318 quae

265 1318 439 1359 Patrum
481 1319 684 1360 sententia
722 1328 839 1360 esset.
906 1321 1088 1362 Munera
1122 1320 1232 1362 mitti
1268 1320 1414 1377 legatis
1448 1336 1499 1361 ex
1534 1319 1683 1361 ²⁰binis

262 1374 446 1415 millibus
486 1375 578 1416 aeris
613 1385 874 1418 censuerunt.
926 1377 1092 1418 duobus
1140 1376 1341 1418 fratribus
1389 1377 1544 1433 regulis
1592 1376 1683 1417 haec

260 1430 487 1510 praecipua,
521 1440 691 1488 torques
731 1433 816 1474 duo
850 1432 942 1474 ²‘lex
974 1434 1162 1490 quinque
1196 1434 1336 1489 pondo
1368 1434 1458 1475 auri
1491 1433 1606 1484 facti,
1639 1442 1681 1475 et

278 1487 398 1529 2vasa
418 1497 614 1544 argentea
627 1489 814 1545 quinque
835 1506 885 1531 ex
911 1490 1061 1546 viginti
1086 1490 1241 1547 pond0‚
1270 1498 1311 1532 et
1339 1491 1425 1532 duo
1455 1490 1552 1547 equi
1579 1489 1682 1546 pha-

261 1544 379 1587 lerati
411 1560 506 1586 cum
534 1546 797 1601 agasonibus,
825 1555 866 1588 et
894 1547 1103 1602 equestria
1127 1563 1242 1588 arma
1270 1563 1317 1589 ac
1348 1547 1521 1604 sagula;
1554 1555 1595 1589 et
1616 1563 1682 1589 co-

260 1601 432 1643 mitibus
463 1617 607 1643 eorum
647 1602 892 1644 vestimenta
923 1604 1062 1645 liberis
1102 1604 1324 1660 servisque.
1387 1606 1493 1645 Haec
1532 1605 1678 1646 missa:

260 1658 330 1699 illa
359 1659 598 1714 petentibus
623 1659 736 1709 data,
765 1667 812 1701 ut
844 1659 1045 1701 denorum
1076 1676 1280 1717 equorum
1311 1661 1359 1702 iis
1389 1662 1679 1703 commercium

258 1723 379 1765 esset,
415 1715 703 1771 educendique
742 1731 793 1757 ex
836 1717 960 1758 Italia
993 1725 1176 1773 potestas
1223 1718 1352 1759 fieret.
1403 1717 1530 1774 legati
1583 1734 1679 1759 cum

261 1771 395 1814 Gallis
424 1772 535 1813 missi
565 1781 679 1813 trans
709 1773 854 1829 Alpes,
881 1775 927 1814 C.
952 1774 1124 1825 Laelius,
1148 1775 1211 1814 M.
1239 1774 1438 1816 AEmilius
1465 1775 1681 1831 Lepidus:

259 1829 314 1870 ad
358 1836 515 1870 ceteros
558 1829 737 1886 populos
784 1832 830 1871 C.
871 1830 1061 1881 Sicinius,
1100 1833 1147 1873 P.
1186 1831 1405 1872 Cornelius
1439 1832 1593 1883 Blasio,
1624 1833 1678 1874 T.

262 1885 501 1926 Memmius.

318 1943 394 1982 VI.
428 1943 666 1985 Multarum
698 1943 820 1984 simul
853 1944 1031 1986 Graeciae
1060 1945 1260 2001 Asiaeque
1286 1944 1520 1987 civitatium
1550 1945 1678 2002 legati

262 1998 440 2039 Romam
461 2009 754 2041 convenerunt.
817 2001 947 2042 Primi
968 2002 1245 2043 Athenienses
1270 2002 1497 2044 introducti
1515 2019 1524 2044 ε
1559 2003 1602 2053 ii,
1622 2018 1677 2053 se,

259 2057 366 2108 quod
390 2057 550 2097 navium
581 2057 795 2098 habuerint
825 2059 1083 2113 militumque,
1106 2061 1160 2100 P.
1185 2060 1350 2100 Licinio
1378 2061 1533 2101 consuli
1560 2067 1599 2101 et
1631 2063 1679 2103 C.

258 2113 450 2153 Lucretio
476 2115 654 2167 prcetori
687 2116 839 2156 misisse
872 2124 1169 2172 exposuerunt,
1204 2117 1344 2171 quibus
1378 2131 1443 2158 eos
1477 2131 1556 2157 non
1591 2132 1680 2160 usos

257 2168 500 2224 ²³fi·umentz'
532 2172 612 2212 sibi
641 2178 792 2213 centum
828 2174 959 2213 millia
996 2175 1238 2226 imperasse:
1286 2175 1403 2228 quod,
1439 2188 1677 2229 quamquam

256 2228 430 2267 sterilem
451 2234 602 2276 terram
629 2235 759 2278 arent,
783 2231 965 2284 ipsosque
994 2232 1115 2271 etiam
1145 2238 1320 2285 agrestes
1342 2232 1563 2285 peregrino
1574 2233 1679 2286 fru-

257 2290 387 2324 mento
419 2286 588 2334 alerent,
610 2292 756 2335 tamen,
781 2301 828 2326 ne
860 2289 1036 2328 deessent
1062 2289 1204 2345 officiO,
1226 2303 1297 2329 con
1321 2289 1440 2329 ecisse
1455 2310 1470 2334 ,·
1508 2295 1547 2329 et
1573 2291 1677 2341 alia,

257 2354 347 2394 quae
368 2342 677 2394 imperarentur,
693 2350 897 2396 proestare
909 2351 1082 2397 paratos
1102 2360 1194 2387 esse.
1255 2344 1424 2395 Milesii,
1446 2345 1549 2385 nihil
1569 2361 1678 2402 prae-

257 2396 407 2438 stitisse
442 2408 729 2450 memorantes,
766 2400 798 2440 si
838 2400 941 2455 quid
981 2401 1183 2457 imperare
1222 2401 1275 2442 ad
1315 2401 1471 2442 bellum
1508 2411 1675 2444 senatus

256 2453 394 2504 vellet,
416 2463 613 2510 praestare
635 2472 676 2496 se
696 2464 863 2511 paratos
883 2472 982 2507 esse,
1005 2458 1177 2513 polliciti
1200 2466 1308 2500 sunt.
1360 2458 1674 2500 Alabandenses

297 2609 340 2639 20
363 2608 449 2640 Binis
475 2611 602 2640 millibus
629 2610 708 2650 aris]
741 2611 861 2642 Marcis
890 2622 937 2643 ar·
986 2614 1009 2642 ti
1041 2614 1148 2654 pondo]
1187 2613 1235 2644 Ex
1264 2613 1376 2645 marcis
1404 2614 1592 2646 nostratibus
1619 2615 1672 2647 31.

254 2652 339 2691 genti
354 2652 539 2683 nostratibus
554 2654 585 2683 3.
600 2653 694 2683 uncia
710 2654 739 2684 1.
982 2655 1082 2685 unciis
1097 2656 1126 2685 2.

297 2695 335 2723 21
363 2695 407 2725 Er
434 2697 558 2735 quinque
578 2698 670 2735 pondo
698 2697 782 2737 auri]
814 2697 938 2738 Septem
1026 2699 1065 2728 23
1091 2698 1244 2729 Frumenti
1268 2721 1276 2729 .
1302 2721 1310 2729 .
1326 2705 1440 2729 eentum
1455 2700 1566 2741 millia]
1588 2701 1668 2742 Sup-

255 2737 366 2767 marcis
396 2738 592 2775 nostratibus,
623 2738 722 2769 unciis
750 2739 779 2769 6.
814 2750 937 2770 semun-
980 2739 1042 2780 ple,
1059 2740 1207 2772 modifim.
1252 2741 1377 2773 Modios
1393 2742 1583 2774 Parisienses
1605 2743 1667 2774 fere

255 2778 303 2808 cia
322 2780 349 2810 l.
982 2784 1096 2814 77084.

297 2822 336 2851 22
366 2822 436 2852 Vasa
465 2831 602 2864 argentea
631 2826 754 2865 quinque
781 2836 813 2855 ea¹
844 2826 936 2865 vigin-
