1826 3149
120 189 162 219 U.
172 189 210 219 C.
225 189 263 218 58

118 231 158 261 A.
174 231 210 261 C.
228 232 265 261 17

266 189 287 261 100

119 356 274 386 Eumenes

119 397 197 428 redit
213 399 287 429 Per-

118 450 254 481 gainum.

117 1591 290 1625 Ariarathis

118 1636 199 1667 filius
215 1637 280 1668 Ro-

119 1689 189 1710 mae.

331 74 380 106 50
790 78 797 85 ‘
853 71 1212 109 T1T1L1V11

330 181 439 234 pore*
465 179 731 235 Apolloniam
771 181 813 221 in
844 181 1023 236 Epirum
1058 180 1346 236 trajicerentur
1386 177 1439 218 ad
1478 174 1740 232 occupandas

331 235 557 277 maritimas
578 237 716 287 urbes,
739 237 811 278 ubi
840 237 997 287 consul,
1020 237 1086 277 cui
1107 235 1319 292 provincia
1344 233 1594 275 Macedonia
1618 233 1744 273 obve-

331 292 470 343 nisset,
493 293 661 334 classem
690 293 896 349 adpellere
927 301 1035 343 tuto,
1058 302 1099 334 et
1129 292 1267 348 copias
1292 307 1366 347 per
1387 289 1650 332 commodum
1671 304 1741 329 ex-

329 364 480 405 ponere
500 358 650 405 posset.
710 351 935 399 Eumenes,
957 349 1215 404 aliquamdiu
1237 348 1403 404 AEginae
1428 354 1615 388 retentus
1634 344 1742 401 peri-

330 406 470 449 culosa
489 414 530 447 et
552 406 707 447 difficili
728 406 954 456 curatione,
977 421 1109 461 quum
1140 406 1321 461 primum
1352 412 1446 445 tuto
1475 402 1629 459 potuit,
1650 417 1748 464 pro-

329 462 464 503 fectus
504 464 770 518 Pergamum,
801 470 953 518 praeter
987 462 1210 518 pristinum
1245 461 1388 502 odium
1428 459 1582 500 recenti
1617 466 1743 499 etlam

332 519 480 559 scelere
514 518 653 559 Persei
684 519 937 569 stimulante,
969 534 1130 560 summa
1158 518 1200 558 vi
1228 518 1403 574 parabat
1432 517 1601 558 bellum.
1663 514 1746 555 Le-

330 576 418 631 gati
438 591 486 615 eo
507 576 559 616 ab
588 576 737 625 Roma,
759 575 1017 631 gratulantes
1049 575 1163 631 quod
1194 591 1216 615 e
1240 582 1358 615 tanto
1385 572 1570 630 periculo
1597 570 1747 612 evasis-

332 640 408 682 set,
438 640 653 672 venerunt.
716 633 856 682 Quum
889 632 1206 673 Macedonicum
1242 631 1399 672 bellum
1426 630 1468 670 in
1504 643 1659 670 annum
1686 627 1748 668 di-

330 688 462 729 latum
493 696 613 738 esset,
635 689 780 730 ceteris
809 689 1058 745 praetoribus
1083 690 1170 744 jam
1206 688 1248 728 in
1269 686 1500 743 provincias
1532 684 1745 741 pross'ectis,

332 746 395 784 M.
428 746 456 785 J
462 744 583 785 unius
623 753 663 786 et
697 747 766 801 Sp.
810 745 1048 795 Lucretius,
1079 745 1234 801 quibus
1275 743 1490 800 Hispaniae
1521 741 1745 798 provinciae

331 802 598 851 obvenerant,
638 802 815 857 fatigato
856 817 963 857 saepe
1006 802 1115 842 idem
1153 801 1333 857 petendo
1374 808 1534 849 senatu,
1577 798 1745 839 tandem

331 858 610 913 pervicerunt,
637 867 684 899 ut
725 859 1060 914 supplementum
1102 858 1178 899 sibi
1219 859 1272 899 ad
1311 857 1539 898 exercitum
1575 855 1746 896 daretur

332 914 412 955 tria
446 914 575 955 millia
609 915 814 970 peditum,
847 915 881 942 ⁵⁷
895 923 1061 955 centum
1101 923 1142 955 et
1178 914 1483 970 quinquaginta
1513 911 1673 967 equites
1702 911 1745 951 in

332 971 542 1011 Romanas
577 971 783 1027 legiones:
817 971 858 1012 in
901 971 1089 1011 socialem
1126 971 1354 1011 exercitum
1392 969 1578 1025 quinque
1618 967 1748 1008 millia

331 1027 537 1082 peditum,
559 1027 641 1068 58et
675 1036 879 1069 trecentos
912 1027 1087 1083 equites,
1110 1028 1312 1083 imperare
1337 1027 1455 1067 sociis
1470 1025 1588 1081 jussi.
1650 1025 1746 1065 Hoc

331 1083 543 1139 copiarum
565 1084 607 1124 in
624 1084 848 1140 Hispanias
869 1100 964 1126 cum
980 1084 1229 1139 praetoribus
1249 1083 1365 1124 novis
1385 1090 1600 1139 portatum
1617 1090 1690 1122 est.

390 1142 526 1181 XIX.
564 1141 728 1181 Eodem
772 1157 894 1191 anno,
929 1141 1029 1196 quia
1068 1156 1141 1196 per
1181 1140 1502 1196 recognitionem
1540 1138 1746 1179 Postumii

331 1197 510 1238 consulis
539 1213 691 1253 magna
722 1214 818 1253 pars
853 1198 941 1253 agri
977 1198 1193 1253 Campani,
1215 1212 1340 1252 quem
1372 1195 1525 1252 privati
1554 1194 1638 1235 sine
1666 1195 1748 1235 dis-

331 1253 500 1294 crimine
535 1255 687 1309 passim
720 1255 1002 1310 possederant,
1025 1263 1267 1310 recuperata
1300 1253 1342 1293 in
1382 1252 1598 1308 publicum
1642 1259 1745 1302 erat,

331 1311 398 1350 M.
436 1311 660 1352 Lucretius
690 1312 884 1352 tribunus
905 1311 1036 1366 plebis
1057 1310 1354 1366 promulgavit,
1375 1317 1424 1350 ut
1455 1323 1603 1364 agrum
1626 1309 1749 1349 Cam-

332 1381 488 1421 panum
518 1382 704 1408 censores
733 1368 959 1408 fruendum
988 1367 1169 1408 locarent
1189 1384 1196 1407 :
1230 1367 1345 1422 quod
1365 1366 1524 1406 factum
1546 1373 1608 1406 tot
1629 1364 1746 1405 annis

331 1431 426 1477 post
456 1432 619 1479 captam
653 1425 841 1479 Capuam
871 1439 953 1464 non
983 1424 1135 1472 fuerat,
1165 1424 1198 1447 ⁵9
1212 1432 1259 1464 ut
1290 1423 1332 1463 in
1362 1438 1494 1462 vacuo
1523 1430 1749 1477 vagaretur

332 1479 540 1534 cupiditas
560 1480 831 1536 privatorum.
894 1481 1035 1530 Quum
1057 1480 1098 1520 in
1112 1479 1417 1536 exspectatione
1439 1486 1605 1519 senatus
1626 1486 1746 1528 esset,

329 1536 439 1576 bello
465 1536 540 1578 etsi
567 1552 649 1577 non
677 1536 848 1586 indicto,
871 1546 1009 1577 tamen
1031 1537 1119 1592 jam
1145 1537 1326 1585 decreto,
1349 1535 1422 1591 qui
1442 1550 1589 1591 regum
1612 1550 1744 1585 suam,

332 1593 471 1633 Persei
513 1592 587 1648 qui
630 1594 811 1634 secuturi
845 1593 1066 1633 amicitiam
1099 1601 1248 1642 essent,
1291 1592 1324 1616 ‘⁵⁰
1339 1592 1465 1647 legati
1495 1591 1747 1643 Ariarathis,

329 1664 508 1705 puerum
538 1649 670 1690 filium
701 1650 809 1705 regis
839 1664 977 1690 secum
1013 1649 1280 1699 adducentes,
1313 1650 1492 1689 Romam
1531 1657 1748 1690 venerunt.

331 1721 511 1760 quorum
533 1706 665 1747 oratio
684 1706 782 1755 fuit,
805 1721 933 1760 regem
964 1707 1210 1745 educandum
1222 1706 1367 1757 filium
1390 1705 1558 1745 Romam
1579 1706 1746 1757 misisse,

330 1761 468 1815 utjam
484 1764 578 1802 inde
593 1777 616 1802 a
630 1777 760 1815 puero
776 1765 1023 1804 adsuesceret
1039 1763 1210 1803 moribus
1226 1763 1424 1803 Romanis
1435 1761 1746 1816 hominibusque.

336 1821 493 1867 Petere,
517 1826 561 1859 ut
591 1834 676 1860 eum
708 1834 788 1860 non
817 1821 886 1860 sub
915 1821 1113 1873 hospitum
1134 1821 1248 1860 modo
1269 1821 1527 1872 privatorum
1547 1821 1745 1868 custodia,

331 1878 401 1916 sed
426 1876 603 1928 puhlicae
624 1878 744 1916 etiam
767 1892 873 1917 curce
893 1892 942 1916 ac
962 1879 1067 1917 velut
1088 1879 1223 1917 tutelae
1243 1878 1388 1917 vellent
1408 1891 1501 1917 esse.
1561 1876 1628 1916 Ea
1642 1877 1751 1932 regis

331 1932 483 1987 legatio
525 1941 647 1988 grata
681 1934 841 1974 senatui
875 1933 968 1974 fuit.
1042 1935 1344 1983 Decreverunt,
1375 1941 1423 1973 ut
1461 1934 1536 1973 Cn.
1572 1932 1747 1974 Sicinius

331 1997 487 2044 praetor
508 1989 618 2029 aedes
639 1989 861 2031 instructas
882 1990 1050 2040 locaret,
1072 1989 1103 2013 ⁶¹
1119 1990 1191 2031 ubi
1221 1990 1332 2030 filius
1360 1989 1470 2045 regis
1494 1989 1748 2046 comitesque

332 2045 422 2100 ejus
441 2045 630 2086 habitare
650 2054 829 2101 possent.
891 2047 950 2088 Et
974 2047 1189 2087 Thracum
1209 2046 1371 2102 legatis,
1393 2046 1508 2102 apud
1530 2062 1571 2087 se
1591 2046 1750 2102 discep-

331 2101 533 2152 tantibus,
566 2110 607 2142 et
642 2102 879 2143 societatem
911 2102 1219 2158 amicitiamque
1250 2102 1504 2159 petentibus,
1538 2110 1594 2153 et,
1630 2103 1747 2158 quod

331 2158 545 2212 petebant,
567 2158 712 2199 datum
740 2168 816 2209 est,
838 2168 879 2200 et
900 2175 1073 2200 munera
1103 2159 1291 2201 &binam
1317 2159 1494 2200 millium
1523 2159 1616 2200 aeris
1636 2175 1746 2201 sum-

372 2272 412 2301 57
438 2271 562 2301 Centum
594 2278 621 2302 et
649 2274 862 2314 quinquaginta
895 2274 1015 2315 equites]
1060 2273 1113 2304 diu
1136 2274 1232 2304 sterili
1249 2286 1261 2304 ι’
1292 2284 1363 2315 quae
1393 2278 1501 2314 postea
1530 2283 1625 2314 quum
1648 2272 1744 2303 filium

331 2313 392 2344 Vel
408 2316 528 2355 supple,
545 2314 595 2345 vel
611 2314 690 2345 adde
706 2317 836 2345 scribere.
1060 2317 1240 2357 peperisset,
1267 2326 1331 2346 rem
1368 2321 1465 2346 totam
1502 2315 1566 2346 viro
1603 2316 1722 2356 aperuit
1738 2328 1745 2346 ε

374 2358 415 2386 58
442 2357 479 2386 Et
505 2363 643 2386 trecentos
673 2359 777 2396 equites
800 2359 950 2396 *imperare
972 2370 1014 2387 so·
1060 2365 1154 2399 atque
1176 2359 1241 2394 ille,
1257 2369 1296 2389 ne
1318 2358 1369 2388 hie
1401 2358 1578 2388 subdititius
1608 2357 1746 2398 legitimo

331 2400 382 2428 ciis
407 2399 502 2438 jussi]
548 2399 632 2429 Hinc
661 2400 840 2429 sustulimus
869 2400 1015 2430 manifes-
1058 2401 1174 2432 haeredi
1196 2401 1355 2442 negotium
1376 2400 1450 2431 olim
1473 2401 1649 2436 facesseret,
1674 2411 1745 2431 eum

331 2446 398 2473 tum
432 2440 652 2477 soloecismum,
676 2442 730 2482 qui
762 2442 926 2483 plerasque
959 2453 1014 2472 nu-
1059 2444 1165 2484 procul
1210 2445 1248 2474 ab
1301 2443 1503 2484 Cappadocia
1545 2442 1746 2474 amandabat.

330 2493 472 2525 peratum
489 2483 657 2514 editionum
672 2484 839 2520 insederat,
856 2487 989 2515 trecenti.-
1061 2487 1140 2516 Haec
1163 2486 1243 2516 infra
1266 2491 1389 2516 narrata
1404 2485 1501 2516 fusius
1518 2485 1709 2526 reperientur
1723 2485 1746 2517 l.

374 2527 415 2557 59
431 2526 450 2544 ‘¹‘
472 2526 511 2555 Ut
534 2527 567 2556 in
589 2528 694 2567 vacuo]
719 2527 770 2557 Ita
798 2533 832 2557 ut
862 2527 1016 2568 cupiditas
1060 2528 1202 2559 XLVII.
1224 2539 1251 2558 c-
1278 2528 1327 2559 14.
1349 2538 1388 2558 ex
1417 2527 1546 2559 Diodori
1570 2529 1592 2559 1.
1615 2528 1739 2559 XXXI.

328 2568 538 2610 privatorum„
551 2568 636 2599 nullo
663 2569 819 2600 retardata
849 2569 945 2605 freno,
967 2570 1015 2599 in·
1059 2570 1249 2612 deprompta.

329 2611 457 2642 vaderet
487 2622 574 2652 agros
605 2621 720 2641 vacuos
751 2618 782 2642 et
804 2611 884 2642 nulli
907 2612 1015 2643 colono
1102 2614 1140 2643 61
1170 2613 1242 2653 Ubi]
1267 2612 1330 2642 Hic
1353 2623 1475 2653 quoque
1490 2618 1622 2654 peccant
1637 2623 1745 2644 recen-

329 2654 503 2684 attributos.
1058 2655 1150 2685 tiores
1188 2655 1275 2691 editi,
1312 2655 1490 2696 habentque
1526 2663 1560 2686 ut
1595 2667 1649 2698 pro
1682 2657 1745 2692 uln',

371 2696 411 2726 60
442 2697 548 2738 Legati
590 2697 767 2731 Ariarathis,
802 2707 927 2734 puerum
965 2696 1009 2735 fi·
1055 2697 1137 2738 quod
1159 2703 1262 2728 exstat
1281 2697 1314 2727 in
1337 2697 1572 2738 antiquioribus.

327 2739 400 2768 liam
449 2741 526 2780 regis
572 2749 666 2769 secum
714 2740 902 2780 adducentes]
948 2738 1011 2769 Hic
1097 2740 1138 2769 62
1162 2740 1274 2770 Βίηύηι
1303 2740 1428 2770 millium
1450 2741 1740 2782 ceris]Ma1-carum

326 2791 402 2821 puer
431 2791 491 2812 non
520 2787 586 2812 erat
614 2780 766 2822 genuinus
802 2781 883 2821 regis
919 2780 1010 2817 filius,
1056 2782 1173 2824 argenti
1190 2782 1286 2814 Paris.
1303 2783 1335 2814 3.
1350 2782 1451 2814 unciae
1469 2784 1498 2814 1.

327 2823 381 2853 sed
408 2822 452 2853 illi
476 2824 616 2855 subditus
632 2825 670 2854 ab
695 2823 881 2855 Antiochide
906 2834 1010 2859 uxore,
