1831 3194
463 106 714 145 LIBROR.
746 106 1018 145 DEPERD.
1377 115 1452 149 ‘233

45 218 219 269 vetabat,
250 231 479 271 quemquam
510 217 652 256 iterum
683 218 876 257 consulem
887 218 1008 270 fieri,
1040 231 1119 257 non
1149 218 1303 270 liceret,
1335 220 1455 261 sicuti

37 276 178 330 priori
193 275 413 323 consulatu,
426 273 579 327 legibus
597 274 743 314 solutus
763 280 834 314 est.
894 274 1056 315 Bellum
1076 277 1235 324 servile,
1253 276 1292 315 z'n
1309 277 1454 317 Sicilia

45 340 186 382 ortum,
214 347 330 387 quum
360 331 528 384 obprimi
555 345 582 371 a
604 331 851 384 praetoribus
880 346 960 372 non
983 333 1195 385 potuisset,
1231 333 1276 374 C.
1309 334 1457 374 Fulvio

43 391 196 431 consuli
223 390 454 430 mandatum
484 395 555 430 est.
575 387 691 442 hujus
719 389 816 429 belli
841 390 1003 429 initium
1017 391 1115 444 suit
1134 392 1277 431 Eunus
1305 405 1452 439 servus,

43 448 202 488 natione
233 447 356 501 Syrus
371 468 386 493 ,·
420 447 502 500 qui,
535 452 742 486 contracta
774 447 994 500 agrestium
1021 462 1219 488 servorum
1248 461 1382 495 manu,
1415 455 1458 488 et

42 506 182 546 solutis
213 503 438 557 ergastulis,
461 502 565 557 justi
599 504 790 544 exercitus
824 518 1024 544 numerum
1065 506 1248 558 inplevit.
1330 505 1455 546 Cleon

43 577 208 617 quoque,
221 563 327 602 alter
340 575 486 608 servus,
504 562 561 601 ad
573 562 831 615 septuaginta
849 562 981 602 millia
1002 576 1200 603 servorum
1217 563 1423 603 contraxit
1435 585 1451 609 ,-

43 626 93 668 et,
123 620 250 673 copiis
264 618 436 672 junctis,
466 617 502 642 ⁵⁸
515 625 657 658 contra
682 618 867 672 populum
903 619 1130 660 Romanum
1164 621 1458 675 exercitumque

41 676 124 730 ejus
143 677 283 718 bellum
302 690 408 730 sa’pe
421 681 643 731 gesserunt.

647 851 832 904 LVII.

100 953 238 1007 Scipio
258 954 483 1009 Africanus
503 954 769 996 Numantiam
792 955 956 1005 obsedit,
975 963 1011 996 et
1031 964 1264 1010 conruptum
1285 959 1455 999 licentia

39 1013 280 1066 luxuriaque
308 1013 520 1053 exercitum
550 1014 606 1053 ad
621 1013 907 1054 severissimam
936 1015 1097 1054 militiae
1116 1015 1360 1067 disciplinam
1391 1030 1455 1056 re—

41 1070 210 1110 vocavit.
260 1070 394 1110 omnia
429 1071 666 1110 deliciarum
701 1071 966 1111 instrumenta
1000 1072 1147 1112 recidit
1160 1095 1175 1118 ‚·
1209 1074 1287 1112 duo
1320 1073 1455 1113 millia

39 1133 257 1167 scortorum
276 1142 303 1167 a
323 1128 469 1168 castris
484 1126 600 1181 ejecit
612 1150 627 1174 ;
658 1128 825 1168 militem
847 1129 1028 1182 quotidie
1048 1129 1092 1168 in
1112 1143 1227 1181 opere
1247 1129 1397 1179 habuit,
1419 1135 1457 1169 et

39 1184 208 1238 triginta
229 1185 383 1225 dierum
394 1184 651 1238 frumentum
673 1183 708 1209 ⁵9
717 1186 771 1225 ad
789 1192 972 1238 septenos
991 1187 1118 1227 vallos
1135 1184 1250 1238 serre
1276 1186 1458 1241 cogebat.

40 1255 149 1295 oegre
162 1247 334 1294 propter
353 1256 451 1283 onus
473 1243 675 1283 incedenti
703 1242 876 1294 dicebat,
899 1241 1044 1292 Quum
1066 1242 1211 1299 gladio
1239 1251 1279 1284 te
1300 1242 1456 1285 vallare

42 1299 194 1348 scieris,
218 1297 370 1339 vallum
393 1298 500 1340 ferre
520 1299 708 1340 desinito.
768 1298 801 1323 ⁶⁰
813 1301 915 1350 Alii,
938 1307 1087 1342 scutum
1111 1315 1284 1354 parvum
1304 1301 1458 1345 habiti-

39 1362 104 1397 ter
105 1357 283 1411 ferenti,
300 1363 447 1397 scutum
469 1358 644 1411 amplius
648 1356 765 1411 justo
768 1357 892 1412 serre
899 1356 1025 1413 jussit
1038 1375 1051 1398 ,·
1083 1357 1115 1382 ⁶¹
1129 1372 1254 1412 neque
1276 1359 1321 1399 id
1337 1373 1378 1399 se
1393 1373 1458 1399 re-

32 1415 299 1466 prehendere,
318 1415 480 1469 quando
500 1415 639 1455 melius
656 1421 775 1465 scuto,
792 1429 910 1468 quam
926 1417 1083 1469 gladio,
1102 1421 1298 1457 uteretur.
1330 1417 1458 1463 Quem

41 1471 207 1512 mititem
229 1478 345 1512 extra
365 1473 547 1512 ordinem
577 1473 843 1524 deprehendit,
863 1473 897 1513 si
916 1474 1125 1513 Romanus
1144 1479 1256 1523 esset,
1277 1472 1425 1514 vitibus
1436 1495 1452 1519 ,-

40 1529 78 1569 si
97 1535 323 1576 extraneus,
354 1527 389 1551 ⁶²
390 1528 578 1583 fustibus
596 1530 754 1570 cecidit.
813 1529 1005 1571 Jumenta
1032 1530 1178 1578 omnia,
1201 1544 1250 1569 ne
1270 1544 1460 1571 exonera-

42 1663 211 1693 qnemquam
246 1655 326 1682 intra
361 1654 456 1682 decem
493 1663 582 1682 annos
619 1655 725 1683 iterum
758 1653 892 1694 ferenti]
918 1654 996 1684 Haec
1020 1653 1112 1684 lectio
1137 1664 1155 1684 a
1179 1654 1315 1684 Grutero
1334 1653 1460 1695 prodita.

41 1697 195 1727 consulem.
260 1695 387 1736 Trigam
430 1694 511 1725 hanc
552 1696 725 1731 verborum,
770 1701 825 1726 est.
888 1696 989 1726 Nobis
1018 1696 1093 1727 satis
1122 1697 1261 1738 placeret
1282 1702 1334 1727 'ea
1364 1707 1459 1737 quam

41 1739 124 1768 intra
151 1740 246 1769 decem
274 1749 374 1774 annos,
398 1737 498 1768 omitti
519 1738 612 1779 jussit
639 1738 725 1779 Sigo—
770 1743 920 1769 monstrat
956 1739 1039 1780 apud
1083 1739 1256 1770 Hearnium
1294 1739 1458 1777 Pithoeus;

42 1780 122 1818 nius,
139 1787 264 1812 auctore
279 1786 381 1811 vetere
404 1781 493 1816 libro,
516 1780 566 1811 cui
589 1781 727 1823 adstipu-
771 1782 825 1811 alii
860 1788 975 1811 scutum
1016 1793 1122 1820 parum
1165 1783 1300 1812 habiliter
1331 1781 1459 1823 ferenti.

42 1824 124 1855 latur
166 1824 310 1855 Pithoeus
351 1823 433 1866 apud
474 1823 657 1860 Hearnium,
697 1829 727 1855 et
772 1824 842 1855 Nec
866 1835 921 1855 nos
944 1824 1073 1855 offendit
1095 1825 1178 1866 apud
1201 1825 1284 1854 huuc
1308 1825 1458 1866 epitoma-

44 1866 234 1909 Campanus.
279 1868 360 1898 Sane
376 1867 555 1897 decennalis
573 1867 729 1898 intervalli
771 1872 867 1897 torem
900 1868 953 1897 alii
972 1892 977 1897 .
997 1869 1125 1905 „fussz’tt
1149 1878 1242 1908 quam
1270 1867 1458 1898 locutionem

44 1911 160 1941 mentio
188 1910 266 1941 nihil
294 1910 355 1940 huc
384 1909 507 1947 attinet,
529 1921 626 1951 quum
649 1910 729 1940 inter
771 1909 916 1940 Sanctius
937 1910 970 1940 in
993 1910 1140 1941 Minerva
1162 1911 1182 1940 l.
1201 1911 1248 1941 II.
1265 1921 1291 1940 c.
1309 1911 1339 1941 4.
1363 1916 1393 1941 et
1415 1910 1458 1940 ibi

43 1958 208 1994 utrumque
224 1953 376 1994 Scipionis
400 1953 562 1983 AEmiliani
586 1953 728 1984 consula-

43 2000 110 2026 tum
146 1996 202 2027 toti
238 1996 401 2026 duodecim
439 1995 510 2026 anni
546 1996 729 2026 effluxerint.

45 2038 162 2080 Legem
198 2049 267 2080 quae
296 2039 422 2070 vetabat
457 2049 646 2080 quemquam
682 2039 730 2070 bis

44 2081 202 2112 consulem
217 2081 295 2117 fieri,
311 2081 440 2123 Pighius
462 2081 618 2112 existimat
633 2081 730 2112 latam

44 2134 111 2154 esse
146 2124 244 2166 primo
279 2135 360 2155 anno
388 2123 470 2154 tertii
494 2124 605 2155 Punici
641 2124 726 2154 belli.

46 2166 138 2198 Certe
162 2168 271 2198 Festus
292 2167 324 2197 in
344 2177 419 2198 voce
443 2166 615 2197 Pavimenta
637 2167 729 2197 refert

44 2210 140 2241 Verba„
154 2210 298 2251 quaedam
314 2221 351 2240 ex
366 2208 502 2240 oratione
522 2210 572 2241 Μ.
588 2209 727 2246 Catonis,

45 2252 96 2284 Ne
126 2254 195 2294 quis
221 2253 327 2284 consul
356 2253 404 2283 bis
432 2252 528 2284 fieret.
576 2252 729 2284 Eamdem

43 2296 213 2327 orationem
241 2296 349 2326 laudat
379 2306 502 2337 quoque
537 2295 724 2326 Priscianus.

46 2337 124 2373 Haec
154 2339 216 2370 fere
247 2338 390 2380 Sigonius
419 2338 450 2368 in
475 2344 548 2368 nota
578 2338 617 2369 ad
643 2338 725 2369 hunc

44 2380 157 2453 &ocum-
201 2381 279 2413 Vid.
308 2387 339 2412 et
368 2381 514 2422 Pighium
546 2381 586 2412 ad
612 2392 727 2412 aunum

88 2467 129 2498 58
168 2467 276 2498 Contra
297 2468 436 2507 populum
460 2466 625 2497 Romanum
648 2477 725 2497 eier-

45 2511 189 2550 cz'tumqne
214 2511 288 2550 ejus]
330 2508 462 2540 Brevius
485 2515 515 2540 et
538 2509 640 2552 aptius
668 2511 730 2539 duo

45 2551 151 2593 scripti
168 2553 303 2584 Grutero
325 2552 468 2594 inspecti,
485 2552 629 2583 Pithoeus
646 2551 729 2594 apud

47 2593 231 2632 Hem-nium,
247 2601 279 2626 et
302 2596 498 2638 Campanus:
527 2597 663 2626 adversus
683 2606 728 2625 er-

45 2638 168 2667 ercitum
184 2638 357 2668 Romanum.

90 2680 132 2710 59
176 2681 224 2711 Ad
251 2687 374 2720 septenos
399 2679 504 2720 valloS]
540 2680 650 2721 Super,
679 2679 730 2710 vel

46 2727 157 2763 praeter
185 2728 326 2764 septenos
347 2723 456 2754 vallos.
499 2722 642 2764 Sigonius
671 2722 732 2763 legi

41 2765 177 2806 jusserat
191 2777 234 2795 uc.
279 2765 341 2796 Sed
351 2772 487 2797 veterem
508 2765 674 2797 lectionem
690 2775 727 2796 ex

48 2807 111 2838 suis
124 2807 210 2839 libris
227 2807 401 2839 Gronovius
415 2809 553 2840 asseruit.

90 2850 134 2881 60
179 2848 242 2881 Alii
284 2856 398 2881 scutum
439 2862 563 2890 parvum
599 2851 732 2881 habiliter

773 1952 951 1983 Perizonius
974 1963 1096 1983 summa
1110 1953 1140 1983 vi
1164 1959 1299 1989 tuentur,
1317 1958 1348 1984 et
1372 1953 1458 1984 Lati-

773 2005 845 2026 nam
874 2006 941 2026 esse
970 1995 1172 2027 contendunt.
1220 1996 1314 2033 Quod
1336 1996 1458 2027 etiamsi

772 2038 810 2068 iis
833 2049 896 2070 non
911 2039 1099 2070 concedatur
1121 2039 1153 2069 in
1173 2039 1258 2069 aurei
1281 2039 1339 2069 aevi
1362 2039 1459 2080 scrip-

773 2081 900 2117 toribus,
917 2082 1000 2123 apud
1021 2082 1219 2123 posteriorem
1235 2088 1318 2113 certe
1333 2084 1459 2112 aetate'm

770 2123 937 2154 invaluisse
953 2125 1059 2165 negari
1075 2135 1136 2155 non
1151 2130 1261 2166 potest.

815 2167 852 2196 61
888 2167 988 2206 Neque
1014 2169 1044 2197 id.
1071 2178 1099 2197 se
1123 2167 1344 2207 reprehendere]
1384 2167 1459 2197 Sus-

772 2208 892 2251 picatus
921 2220 983 2239 non
1012 2209 1165 2240 immerito
1196 2209 1371 2240 Gronovius
1401 2209 1459 2240 ali-

773 2251 848 2293 quid
874 2252 924 2282 hic
954 2251 1117 2288 excidisse,
1147 2252 1229 2293 quod
1259 2258 1340 2283 esset
1368 2253 1459 2283 affine

769 2295 797 2325 ei
827 2295 1066 2325 narratiunculae
1105 2305 1200 2336 quam
1236 2306 1273 2325 ex
1312 2295 1459 2325 Frontino

769 2337 864 2368 habet
888 2338 1117 2368 Freinshemius
1139 2338 1221 2368 infra
1236 2348 1264 2368 c.
1281 2338 1310 2368 6.
1335 2337 1373 2368 de
1398 2337 1456 2367 mi-

769 2381 824 2411 lite
860 2387 1003 2412 ornatum
1039 2380 1213 2422 elegantius
1243 2385 1366 2411 scutum
1402 2379 1459 2411 ha-

769 2424 863 2454 bente
879 2436 886 2454 z
911 2423 994 2465 quod
1009 2434 1041 2454 se
1058 2434 1121 2455 non
1143 2422 1368 2465 reprehendere
1391 2423 1458 2453 Sci-

771 2466 822 2508 pio
845 2466 967 2503 dixerit,
992 2467 1139 2508 quoniam
1161 2466 1215 2498 ille
1237 2466 1350 2497 melius
1372 2471 1461 2497 scuto

772 2519 866 2551 quam
881 2509 987 2550 gladio
1001 2515 1147 2541 uteretur.

816 2552 856 2583 62
897 2553 994 2594 Virgis
1021 2552 1139 2592 cecidit]
1173 2551 1279 2593 Virgae
1305 2549 1389 2582 enim
1411 2550 1458 2580 in-

773 2594 932 2625 honestius
955 2594 1154 2637 supplicium,
1171 2600 1202 2625 et
1224 2594 1294 2625 ideo
1311 2605 1330 2625 a
1343 2593 1459 2624 civium

773 2642 859 2678 tergo
874 2644 1037 2668 remotum.
1082 2637 1257 2669 Gronovius
1278 2648 1316 2668 ex
1331 2636 1460 2677 quibus-

773 2679 846 2711 dam
867 2679 955 2711 libris
977 2679 1075 2712 edidit
1087 2680 1221 2721 fustibus
1240 2681 1354 2710 cecidit.
1398 2676 1460 2724 Sed

766 2723 968 2764 fustuarium,
997 2723 1131 2754 militare
1167 2721 1366 2764 supplicium,
1397 2730 1459 2766 usr-

772 2772 871 2796 tatum
887 2765 945 2797 suit
967 2767 1061 2797 etiam
1080 2765 1114 2796 in
1136 2765 1231 2799 cives,
1247 2764 1342 2794 etiam
1367 2761 1460 2793 Cice-

772 2809 855 2840 ronis
870 2820 948 2845 aevo,
964 2815 1000 2840 ut
1013 2814 1101 2851 patet
1115 2819 1153 2839 ex
1169 2806 1250 2838 Phil.
1268 2805 1335 2836 III.
1349 2815 1377 2836 c.
1392 2805 1423 2835 6.
