1831 3194
500 73 614 110 LIB.
646 72 789 110 XLIV.
833 74 964 111 CAP.
996 74 1079 110 XV.
1426 83 1496 116 135

85 182 192 222 inter
224 182 472 223 Macedonas
504 182 781 235 Romanosque
810 188 920 233 esset,
941 182 1020 223 sibi
1039 184 1260 223 amicitiam
1290 199 1373 225 cum
1405 201 1497 240 rege
1512 198 1551 229 U.
1565 198 1601 227 c.
1616 197 1687 227 583.

82 240 233 280 Perseo
247 247 426 293 captam.
448 253 533 279 eam
553 254 594 280 se
615 240 776 290 invitos,
794 241 903 279 mallo
918 239 1000 293 ejus
1016 241 1059 280 in
1079 255 1118 281 se
1138 242 1291 289 merito,
1310 245 1495 295 quoniam
1511 240 1550 271 Α·
1563 240 1601 271 C·
1619 240 1687 271 169.

82 297 143 336 ita
160 298 358 337 Romanis
372 298 495 337 visum
510 297 564 337 sit
581 297 624 336 in
637 297 861 337 societatem
874 311 914 337 se
926 298 1021 338 belli
1032 298 1205 348 trahere,
1222 299 1497 352 interrupisse.

88 353 269 394 Tertium
289 369 329 395 se
348 368 496 393 annum
529 355 653 393 multa
685 352 767 406 ejus
799 355 1044 394 incommoda
1075 355 1170 395 belli
1199 357 1361 396 sentire.
1393 359 1499 397 mori

82 411 307 460 intercluso,
331 412 472 463 inopia
494 412 666 452 insulam
681 412 825 463 premi,
842 426 998 452 amesszs
1019 411 1273 453 8311ιανίίὶ11113
1289 415 1497 467 vectigali—

81 468 150 508 bus
169 474 290 522 atque
308 468 595 509 commeatibus.
660 467 789 517 Quum
806 470 852 508 zd
865 469 974 508 ultra
977 471 1083 534 poti
1097 484 1175 510 non
1191 478 1367 523 possent,
1391 472 1497 525 lega-

80 531 141 565 tos
160 526 263 565 alios
282 527 339 565 ad
358 527 509 566 Persea
536 526 583 566 in
613 526 897 566 Macedoniam
929 527 1089 574 misisse,
1113 528 1184 581 qui
1211 528 1250 568 ei
1279 529 1496 569 denuncia-

81 588 183 631 rent,
201 583 379 622 Rhodiis
390 584 535 635 placer
536 598 569 632 e,
586 597 727 636 pacem
748 597 831 623 eum
852 597 1084 636 componere
1103 599 1186 624 cum
1204 585 1427 626 Romanis.-
1458 601 1498 627 se

80 639 250 679 Romam
285 641 421 680 eadem
462 641 691 680 nunciatum
731 641 880 681 missos.
951 642 1037 681 Per
1071 656 1166 694 quos
1202 643 1384 691 stetisset,
1422 658 1499 697 quo

79 697 209 737 minus
228 697 323 737 belli
337 698 441 750 finis
457 698 595 751 fieret,
618 699 808 738 adversus
828 712 892 738 eos
914 698 1013 752 quid
1030 699 1109 738 sibi
1121 700 1361 752 jaciendum
1383 707 1496 751 esset,

80 754 264 794 Rhodios
294 755 616 796 consideraturos
646 769 738 795 esse.
800 755 864 795 Ne
886 770 995 796 nunc
1020 755 1189 810 quidem
1223 757 1312 797 haec
1333 757 1417 798 sine
1439 757 1498 798 in-

79 810 319 865 dignatione
353 811 433 867 legi
469 811 656 853 audirive
688 827 821 875 posse,
858 820 1017 854 certum
1050 813 1193 853 habeo.
1228 813 1323 854 inde
1359 814 1497 855 existi-

80 883 181 908 inari
210 876 361 924 potest,
384 868 456 924 qui
490 869 660 910 habitus
680 884 910 910 animorum
944 869 1211 911 audientibus
1231 885 1279 912 ea
1301 871 1498 912 Patribus

81 924 220 966 fuerit.

139 982 236 1022 XV.
271 982 488 1033 Claudius,
512 983 613 1023 nihil
649 998 905 1039 responsum,
932 992 1077 1025 auctor
1109 993 1194 1026 est:
1239 993 1400 1026 tantum
1439 1002 1498 1027 se-

82 1039 440 1080 natusconsultum
472 1040 706 1090 recitatum,
729 1055 813 1095 quo
836 1042 963 1081 Caras
984 1049 1024 1081 et
1048 1041 1200 1097 Lycios
1232 1041 1381 1082 liberos
1413 1058 1498 1083 esse
1513 1054 1682 1094 Castigauo

75 1095 244 1150 juberet
271 1096 452 1176 populus
475 1097 704 1146 Romanus,
727 1096 834 1137 litei
823 1112 950 1152 ‘isque
970 1097 1180 1153 extemplo
1201 1098 1254 1139 ad
1277 1106 1498 1162 utramque
1511 1096 1626 1128 ferociae

80 1154 280 1207 gentem*
309 1152 325 1176 ⁸
350 1161 498 1194 scirent
528 1152 757 1194 indicatum
788 1153 910 1194 mitti
972 1155 1065 1204 Qua
1094 1155 1239 1196 audita
1269 1139 1649 1252 ΥΕ,11111161-ωηῗᾱἰο

80 1223 174 1264 pem
218 1209 447 1264 legationis,
490 1210 611 1265 cujus
653 1210 1048 1266 magniloquentiam
1094 1210 1163 1252 vix
1200 1211 1316 1252 curia
1356 1212 1499 1268 paullo

79 1272 176 1306 ante
208 1275 387 1322 ceperat,
418 1282 638 1308 conruisse
699 1267 787 1308 Alii
815 1282 1057 1323 responsum
1090 1284 1176 1309 esse
1207 1269 1395 1319 tradunt,
1419 1271 1499 1311 Po-

70 1324 212 1376 pulum
233 1324 459 1364 Romanum
479 1330 518 1364 et
532 1325 742 1378 principio
763 1324 878 1379 liujus
897 1325 993 1365 belli
1011 1326 1123 1366 haud
1136 1327 1252 1367 vanis
1271 1327 1501 1368 auctoribus

78 1387 316 1434 compertum
347 1381 541 1430 hahuisse,
567 1382 747 1423 Rhodios
766 1397 850 1422 cum
885 1383 1032 1422 Perseo
1058 1397 1152 1437 rege
1181 1385 1369 1424 adversus
1398 1399 1499 1424 rem-

72 1438 277 1490 publicam
298 1452 408 1479 suam
438 1440 591 1480 occulta
620 1440 791 1480 consilia
822 1440 971 1479 ini.sse
1001 1447 1054 1488 et,
1074 1441 1113 1480 si
1142 1441 1187 1480 id
1214 1447 1311 1481 ante
1339 1441 1499 1481 dubium

68 1493 231 1547 suisset,
253 1497 473 1550 legatorum
497 1497 643 1549 paullo
673 1502 771 1536 ante
800 1496 920 1537 verba
953 1497 1010 1535 ad
1027 1502 1173 1537 certum
1205 1499 1430 1551 verlegisse:
1462 1505 1501 1539 et

71 1553 344 1606 plerumque
328 1567 455 1605 zpsam
475 1567 517 1593 se
530 1553 744 1606 fraudem,
766 1553 926 1593 etiamsi
946 1554 1065 1593 initio
1084 1555 1244 1594 caulzor
1253 1556 1408 1608 fuerit,
1432 1557 1500 1596 (Ie-

81 1616 229 1663 teger-,e
286 1610 470 1651 Rhodios
490 1609 675 1650 ⁸⁵mmeio
696 1612 739 1650 in
760 1625 806 1650 01
808 1610 853 1650 he
879 1616 964 1650 teri
965 1625 1078 1650 arum
1099 1612 1277 1652 arbitria
1299 1612 1394 1653 belli
1418 1627 1500 1666 pa-

79 1667 212 1721 cisque
230 1681 280 1721 ab
262 1681 378 1707 σ·.·ε1ε
409 1667 443 1691 ⁸⁶
453 1668 632 1708 Deorum
654 1673 752 1708 metu
771 1681 887 1707 arma
907 1674 1058 1708 sumtu>
1059 1682 1100 1708 os
1112 1670 1395 1723 positurosque
1417 1671 1501 1710 120-

79 1737 217 1765 manos
237 1738 327 1765 esse.
319 1723 429 1778 jam
450 1739 530 1764 non
551 1725 664 1765 Deos
666 1724 874 1779 soederum
894 1730 1023 1773 testes,
1045 1726 1115 1766 sed
1132 1726 1317 1767 Rhodios
1339 1727 1499 1768 habitu-

79 1795 157 1823 ros.
215 1780 377 1823 8’ῙΙίαηε
397 1783 560 1823 tandem
582 1782 634 1824 iis
647 1789 864 1836 pareatur,
886 1783 1159 1837 exercitusque
1179 1784 1228 1824 de
1248 1783 1500 1826 Macedonia

123 1896 164 1927 83
179 1896 197 1915 *
212 1896 373 1927 Maritimis
388 1898 576 1944 vectigalibus
595 1908 671 1938 aeqiie
693 1909 766 1928 com-

82 1940 236 1980 meatibus]
260 1940 421 1971 Maritima
435 1939 597 1982 vectigalia
610 1945 682 1971 sunt
700 1952 767 1983 por-

83 1981 170 2017 toria,
185 1987 216 2012 et
230 1981 298 2013 aliae
312 1983 467 2014 mercedes
481 1994 560 2030 quae
565 1994 597 2014 in
612 1983 769 2025 publicum

83 2023 299 2064 iedigebantur
320 2036 357 2057 ex
381 2026 532 2057 mercibus
554 2025 724 2067 importatis
739 2028 770 2058 in

80 2066 225 2098 insulam.
280 2068 432 2099 Maritimi
461 2075 659 2105 commeatus,
686 2080 770 2110 quae-

81 2119 203 2150 cunque
226 2110 302 2141 mari
324 2111 510 2143 invehuntur
529 2111 570 2143 ad
584 2122 673 2143 usum
688 2123 769 2144 com-

83 2152 324 2195 moditatemque
339 2154 420 2185 vitae.

808 1898 917 1938 purilio
949 1905 1070 1937 praetore
1115 1898 1219 1928 Fulvio
1254 1905 1281 1929 et
1317 1905 1498 1930 senatuscon-

810 1942 923 1971 sultum
938 1942 1073 1972 tradidit.

855 1985 896 2014 85
920 1984 1053 2025 Nunnio]
1083 1984 1154 2015 Uno
1177 1983 1288 2014 nuncio
1308 1993 1362 2026 pei·
1385 1982 1500 2014 Orbem

814 2031 961 2058 terrarum
997 2028 1098 2058 misso.
1156 2026 1206 2058 Sic
1244 2026 1309 2058 Cic.
1337 2036 1391 2068 pro
1419 2027 1500 2067 Lege

814 2069 929 2100 Manil.
952 2071 1057 2101 11.·11.
1089 2076 1129 2100 tot
1161 2071 1270 2100 civium
1306 2070 1502 2100 Romanorum

814 2113 942 2143 millibus
965 2124 1022 2143 uno
1044 2114 1151 2143 nuncio
1177 2119 1263 2154 atque
1292 2123 1351 2143 uno
1381 2119 1503 2152 tempore

814 2158 933 2186 necatis.

137 2196 178 2226 84
216 2197 329 2227 Scir-ent
365 2197 544 2237 indicatum]
590 2197 668 2229 Haec
704 2208 769 2228 cor-

83 2243 173 2280 rupta
197 2249 264 2271 esse
299 2240 395 2270 cuivis
432 2245 570 2289 apparet.
628 2240 771 2282 Sigonius

82 2280 247 2321 legendum
272 2288 360 2323 putat
382 2289 416 2313 ut
442 2285 567 2314 scirent:
602 2283 633 2314 id
655 2290 710 2319 est,
736 2290 770 2314 ut

84 2323 201 2354 Rhodii
225 2325 336 2356 scirent
357 2336 420 2357 rem
444 2325 612 2357 indicatam
625 2336 691 2358 esse
708 2328 768 2369 Ly-

83 2365 138 2397 ciis
158 2371 189 2396 et
213 2367 353 2398 Caribus.
408 2369 470 2399 Sed
495 2368 552 2399 hoc
576 2368 663 2400 nobis
687 2369 768 2410 frigi-

83 2408 159 2439 dum
180 2414 212 2440 et
236 2410 399 2442 obscurum
422 2411 550 2442 videtur.
595 2412 729 2454 Magis
722 2423 769 2442 in-

83 2450 179 2482 clinat
192 2453 344 2484 sententia
365 2460 400 2485 ut
419 2454 579 2485 credamus
603 2455 645 2485 «τὰ
664 2457 769 2486 scirent

85 2495 248 2525 indicatum
270 2496 310 2527 ab
334 2497 437 2538 aliquo
466 2496 664 2528 emendatore
692 2508 768 2533 esse,

84 2536 137 2576 qui
173 2537 372 2580 deprvaiatam
409 2539 604 2580 aliquatenus
639 2546 770 2572 veterem

85 2578 265 2620 scripturam
301 2588 410 2612 nactus
448 2583 546 2624 magis
589 2582 770 2620 soedaverit3

88 2620 269 2664 Liviumque
303 2625 475 2666 scripsisse:
514 2626 697 2666 Litterasque
724 2637 770 2656 er-

87 2666 189 2703 templo
210 2668 249 2697 ad
277 2673 430 2708 utramque
456 2674 571 2709 gentem
593 2676 620 2699 et
641 2675 770 2699 senatus-

85 2708 248 2739 consultum
271 2712 359 2741 mitti.
404 2711 526 2752 Nempe
548 2721 614 2741 mos
632 2717 678 2742 est
691 2722 772 2754 saepe

87 2753 215 2780 testatus
241 2751 338 2788 Livio,
360 2758 395 2783 ut
418 2753 526 2784 litterae
553 2754 683 2795 aiicujus
703 2765 769 2786 ma·

87 2790 232 2831 gistratus
255 2804 325 2824 cum
352 2800 617 2828 senatusconsulto
644 2797 770 2828 mittan-

88 2838 148 2866 tui·
192 2835 521 2872 Sicl.Xxvl.c.15.
544 2840 685 2872 litterasa
702 2840 770 2872 Cal-

857 2199 898 2229 86
931 2198 1059 2228 Deorum
1093 2199 1187 2240 nutu]
1227 2198 1332 2240 Magis
1368 2198 1503 2239 placeret

814 2252 922 2276 eorum,
952 2250 1062 2282 nempe
1099 2240 1308 2272 Rhodiomm:
1352 2239 1502 2281 siquidem

812 2284 843 2314 in
875 2284 998 2314 duobus
1023 2283 1168 2314 orationis
1203 2283 1358 2319 membris,
1388 2293 1501 2325 praece-

813 2326 897 2357 denti
925 2332 956 2358 et
993 2326 1143 2366 sequenti,
1181 2337 1287 2357 amara
1323 2331 1502 2368 punguntur

812 2369 909 2400 ironia
937 2369 1063 2403 Rhodii,
1093 2379 1161 2410 quae
1198 2369 1286 2417 perit,
1315 2369 1340 2400 si
1375 2369 1504 2410 legimus

813 2414 950 2449 deorum3
998 2411 1154 2447 retinetur,
1188 2423 1214 2443 si
1249 2412 1424 2454 reponimus
1458 2423 1503 2441 eo-

814 2466 892 2486 rnm.
950 2454 1020 2485 Nisi
1048 2455 1156 2485 melius
1178 2460 1224 2487 est
1245 2455 1348 2502 legere
1375 2455 1502 2484 Rhodio-

813 2509 891 2529 rum.
952 2498 991 2528 In
1019 2496 1086 2539 ipsa
1113 2497 1195 2529 enim
1219 2497 1398 2540 repetitione
1425 2497 1504 2527 inest

815 2539 952 2581 aliquid
946 2539 1100 2571 irrisionis.

859 2585 897 2614 87
923 2582 1008 2613 Itane
1035 2584 1167 2624 tandem]
1207 2585 1301 2614 Hunc
1328 2582 1430 2613 locum
1458 2581 1501 2610 sic

815 2625 864 2667 leg
866 2635 914 2656 ere
939 2631 969 2656 et
990 2625 1205 2668 interpungere
1229 2627 1379 2673 placeret:
1418 2623 1504 2653 Itane

815 2669 952 2699 tandem?
1010 2668 1052 2699 Ni
1076 2676 1230 2708 pareatur,
1253 2669 1445 2705 ewercitzisque
1468 2667 1504 2696 de

818 2711 991 2741 Macedonia
1013 2713 1211 2751 deportentur,
1226 2713 1335 2741 visuros
1356 2719 1411 2739 esse
1432 2710 1503 2748 quid

813 2756 867 2785 sibi
879 2753 1057 2794 faciendum
1077 2756 1136 2785 sit?
1178 2755 1255 2784 Haec
1279 2751 1387 2782 ultima
1409 2751 1503 2798 verba

813 2807 851 2828 ex
876 2797 1012 2828 oratione
1038 2796 1230 2827 Rhodiorum
1255 2795 1426 2836 desumpta,
1453 2793 1502 2825 hic

815 2850 870 2882 per
883 2839 1049 2883 irrisionem
1065 2843 1252 2882 repetuntur.

883 2888 961 2923 1<4
