<?xml version="1.0" encoding="UTF-8"?>
<!DOCTYPE html PUBLIC "-//W3C//DTD XHTML 1.0 Transitional//EN"
    "http://www.w3.org/TR/xhtml1/DTD/xhtml1-transitional.dtd">
<html xmlns="http://www.w3.org/1999/xhtml" xml:lang="en" lang="en">
 <head>
  <title>
</title>
<meta http-equiv="Content-Type" content="text/html;charset=utf-8" />
  <meta name='ocr-system' content='tesseract 3.04.00' />
  <meta name='ocr-capabilities' content='ocr_page ocr_carea ocr_par ocr_line ocrx_word'/>
</head>
<body>
  <div class='ocr_page' id='page_1' title='image "./historiarumaburb04livyuoft_0585.png"; bbox 0 0 1841 3179; ppageno 0'>
   <div class='ocr_carea' id='block_1_1' title="bbox 428 75 1520 120">
    <p class='ocr_par' dir='ltr' id='par_1_1' title="bbox 428 75 1520 120">
     <span class='ocr_line' id='line_1_1' title="bbox 428 75 1520 120; baseline 0.004 -5"><span class='ocrx_word' id='word_1_1' title='bbox 428 75 817 116; x_wconf 81' lang='lat' dir='ltr'>HISTORIARUM</span> <span class='ocrx_word' id='word_1_2' title='bbox 850 77 966 115; x_wconf 88' lang='lat' dir='ltr'>TITI</span> <span class='ocrx_word' id='word_1_3' title='bbox 997 78 1150 118; x_wconf 83' lang='lat' dir='ltr'>LIVII.</span> <span class='ocrx_word' id='word_1_4' title='bbox 1359 81 1520 120; x_wconf 85' lang='lat' dir='ltr'>cxxxvii</span> 
     </span>
    </p>
   </div>
   <div class='ocr_carea' id='block_1_2' title="bbox 2 186 1526 872">
    <p class='ocr_par' dir='ltr' id='par_1_2' title="bbox 2 186 1526 872">
     <span class='ocr_line' id='line_1_2' title="bbox 63 186 1526 244; baseline 0.003 -17"><span class='ocrx_word' id='word_1_5' title='bbox 63 187 250 229; x_wconf 76' lang='lat' dir='ltr'>subrutis</span> <span class='ocrx_word' id='word_1_6' title='bbox 290 186 573 229; x_wconf 81' lang='lat' dir='ltr'>fundamentis</span> <span class='ocrx_word' id='word_1_7' title='bbox 626 186 836 228; x_wconf 79' lang='lat' dir='ltr'>dehiscere</span> <span class='ocrx_word' id='word_1_8' title='bbox 877 187 1117 244; x_wconf 82' lang='lat' dir='ltr'>ingentibus</span> <span class='ocrx_word' id='word_1_9' title='bbox 1158 187 1285 237; x_wconf 87' lang='lat' dir='ltr'>rimis,</span> <span class='ocrx_word' id='word_1_10' title='bbox 1327 199 1367 231; x_wconf 81' lang='lat' dir='ltr'>et</span> <span class='ocrx_word' id='word_1_11' title='bbox 1409 189 1526 232; x_wconf 77' lang='lat' dir='ltr'>³tum</span> 
     </span>
     <span class='ocr_line' id='line_1_3' title="bbox 61 243 1522 301; baseline 0.003 -16"><span class='ocrx_word' id='word_1_12' title='bbox 61 250 305 299; x_wconf 70' lang='lat' dir='ltr'>erumpente</span> <span class='ocrx_word' id='word_1_13' title='bbox 326 246 506 286; x_wconf 76' lang='lat' dir='ltr'>validius</span> <span class='ocrx_word' id='word_1_14' title='bbox 528 245 740 285; x_wconf 72' lang='lat' dir='ltr'>ardescere</span> <span class='ocrx_word' id='word_1_15' title='bbox 755 243 840 299; x_wconf 81' lang='lat' dir='ltr'>igni</span> <span class='ocrx_word' id='word_1_16' title='bbox 862 245 1015 301; x_wconf 85' lang='lat' dir='ltr'>coepit:</span> <span class='ocrx_word' id='word_1_17' title='bbox 1048 245 1312 301; x_wconf 90' lang='lat' dir='ltr'>incendiique</span> <span class='ocrx_word' id='word_1_18' title='bbox 1335 247 1457 287; x_wconf 82' lang='lat' dir='ltr'>simul</span> <span class='ocrx_word' id='word_1_19' title='bbox 1479 256 1522 289; x_wconf 86' lang='lat' dir='ltr'>et</span> 
     </span>
     <span class='ocr_line' id='line_1_4' title="bbox 62 301 1521 358; baseline 0.002 -16"><span class='ocrx_word' id='word_1_20' title='bbox 62 302 195 344; x_wconf 80' lang='lat' dir='ltr'>ruinae</span> <span class='ocrx_word' id='word_1_21' title='bbox 216 310 329 343; x_wconf 89' lang='lat' dir='ltr'>metu</span> <span class='ocrx_word' id='word_1_22' title='bbox 352 301 485 343; x_wconf 89' lang='lat' dir='ltr'>territi</span> <span class='ocrx_word' id='word_1_23' title='bbox 508 301 849 342; x_wconf 66' lang='lat' dir='ltr'>“Contrebienses</span> <span class='ocrx_word' id='word_1_24' title='bbox 870 301 922 343; x_wconf 92' lang='lat' dir='ltr'>de</span> <span class='ocrx_word' id='word_1_25' title='bbox 944 317 1064 343; x_wconf 87' lang='lat' dir='ltr'>muro</span> <span class='ocrx_word' id='word_1_26' title='bbox 1086 302 1237 358; x_wconf 81' lang='lat' dir='ltr'>trepidi</span> <span class='ocrx_word' id='word_1_27' title='bbox 1260 303 1521 357; x_wconf 75' lang='lat' dir='ltr'>effugerunt;</span> 
     </span>
     <span class='ocr_line' id='line_1_5' title="bbox 4 352 1524 415; baseline 0.001 -15"><span class='ocrx_word' id='word_1_28' title='bbox 4 352 5 361; x_wconf 38' lang='lat'>¹</span> <span class='ocrx_word' id='word_1_29' title='bbox 60 367 117 408; x_wconf 87' lang='lat' dir='ltr'>et,</span> <span class='ocrx_word' id='word_1_30' title='bbox 135 367 184 400; x_wconf 85' lang='lat' dir='ltr'>ut</span> <span class='ocrx_word' id='word_1_31' title='bbox 205 359 331 415; x_wconf 85' lang='lat' dir='ltr'>legati</span> <span class='ocrx_word' id='word_1_32' title='bbox 354 359 619 400; x_wconf 83' lang='lat' dir='ltr'>mitterentur</span> <span class='ocrx_word' id='word_1_33' title='bbox 636 358 688 399; x_wconf 88' lang='lat' dir='ltr'>ad</span> <span class='ocrx_word' id='word_1_34' title='bbox 706 359 938 400; x_wconf 80' lang='lat' dir='ltr'>dedendam</span> <span class='ocrx_word' id='word_1_35' title='bbox 962 360 1108 400; x_wconf 90' lang='lat' dir='ltr'>urbem</span> <span class='ocrx_word' id='word_1_36' title='bbox 1130 361 1183 401; x_wconf 88' lang='lat' dir='ltr'>ab</span> <span class='ocrx_word' id='word_1_37' title='bbox 1206 359 1398 401; x_wconf 83' lang='lat' dir='ltr'>universa</span> <span class='ocrx_word' id='word_1_38' title='bbox 1418 362 1524 402; x_wconf 87' lang='lat' dir='ltr'>mul-</span> 
     </span>
     <span class='ocr_line' id='line_1_6' title="bbox 62 415 1523 473; baseline 0.001 -16"><span class='ocrx_word' id='word_1_39' title='bbox 62 416 243 457; x_wconf 87' lang='lat' dir='ltr'>titudine</span> <span class='ocrx_word' id='word_1_40' title='bbox 274 417 576 457; x_wconf 86' lang='lat' dir='ltr'>conclamatum</span> <span class='ocrx_word' id='word_1_41' title='bbox 598 424 671 457; x_wconf 85' lang='lat' dir='ltr'>est.</span> <span class='ocrx_word' id='word_1_42' title='bbox 736 416 895 457; x_wconf 89' lang='lat' dir='ltr'>Eadem</span> <span class='ocrx_word' id='word_1_43' title='bbox 919 415 1067 467; x_wconf 82' lang='lat' dir='ltr'>virtus,</span> <span class='ocrx_word' id='word_1_44' title='bbox 1090 433 1186 472; x_wconf 81' lang='lat' dir='ltr'>quae</span> <span class='ocrx_word' id='word_1_45' title='bbox 1212 416 1429 458; x_wconf 80' lang='lat' dir='ltr'>inritantes</span> <span class='ocrx_word' id='word_1_46' title='bbox 1450 434 1523 473; x_wconf 89' lang='lat' dir='ltr'>op-</span> 
     </span>
     <span class='ocr_line' id='line_1_7' title="bbox 60 473 1523 530; baseline 0.001 -17"><span class='ocrx_word' id='word_1_47' title='bbox 60 482 336 528; x_wconf 71' lang='lat' dir='ltr'>pugnaverat,</span> <span class='ocrx_word' id='word_1_48' title='bbox 354 473 550 514; x_wconf 87' lang='lat' dir='ltr'>victorem</span> <span class='ocrx_word' id='word_1_49' title='bbox 574 473 881 529; x_wconf 81' lang='lat' dir='ltr'>placabiliorem</span> <span class='ocrx_word' id='word_1_50' title='bbox 904 473 1013 514; x_wconf 89' lang='lat' dir='ltr'>fecit.</span> <span class='ocrx_word' id='word_1_51' title='bbox 1077 474 1308 515; x_wconf 82' lang='lat' dir='ltr'>Obsidibus</span> <span class='ocrx_word' id='word_1_52' title='bbox 1327 474 1523 530; x_wconf 84' lang='lat' dir='ltr'>acceptis,</span> 
     </span>
     <span class='ocr_line' id='line_1_8' title="bbox 58 530 1521 587; baseline 0.001 -16"><span class='ocrx_word' id='word_1_53' title='bbox 58 530 247 584; x_wconf 79' lang='lat' dir='ltr'>pecuniae</span> <span class='ocrx_word' id='word_1_54' title='bbox 278 530 480 571; x_wconf 85' lang='lat' dir='ltr'>modicam</span> <span class='ocrx_word' id='word_1_55' title='bbox 517 531 655 585; x_wconf 69' lang='lat' dir='ltr'>exegit</span> <span class='ocrx_word' id='word_1_56' title='bbox 693 545 913 579; x_wconf 82' lang='lat' dir='ltr'>summam,</span> <span class='ocrx_word' id='word_1_57' title='bbox 946 546 1145 587; x_wconf 86' lang='lat' dir='ltr'>armaque</span> <span class='ocrx_word' id='word_1_58' title='bbox 1180 531 1319 572; x_wconf 89' lang='lat' dir='ltr'>omnia</span> <span class='ocrx_word' id='word_1_59' title='bbox 1352 531 1521 573; x_wconf 82' lang='lat' dir='ltr'>ademit.</span> 
     </span>
     <span class='ocr_line' id='line_1_9' title="bbox 60 587 1522 644; baseline 0.001 -17"><span class='ocrx_word' id='word_1_60' title='bbox 60 587 323 643; x_wconf 83' lang='lat' dir='ltr'>Transfugas</span> <span class='ocrx_word' id='word_1_61' title='bbox 356 587 506 628; x_wconf 83' lang='lat' dir='ltr'>liberos</span> <span class='ocrx_word' id='word_1_62' title='bbox 539 588 655 629; x_wconf 87' lang='lat' dir='ltr'>vivos</span> <span class='ocrx_word' id='word_1_63' title='bbox 691 588 743 628; x_wconf 83' lang='lat' dir='ltr'>ad</span> <span class='ocrx_word' id='word_1_64' title='bbox 779 603 820 628; x_wconf 86' lang='lat' dir='ltr'>se</span> <span class='ocrx_word' id='word_1_65' title='bbox 853 587 1005 629; x_wconf 82' lang='lat' dir='ltr'>adduci</span> <span class='ocrx_word' id='word_1_66' title='bbox 1034 588 1182 644; x_wconf 78' lang='lat' dir='ltr'>jussit3</span> <span class='ocrx_word' id='word_1_67' title='bbox 1229 597 1271 629; x_wconf 86' lang='lat' dir='ltr'>et</span> <span class='ocrx_word' id='word_1_68' title='bbox 1305 588 1522 643; x_wconf 79' lang='lat' dir='ltr'>fugitivos,</span> 
     </span>
     <span class='ocr_line' id='line_1_10' title="bbox 57 645 1521 702; baseline 0.001 -18"><span class='ocrx_word' id='word_1_69' title='bbox 57 658 238 699; x_wconf 89' lang='lat' dir='ltr'>quorum</span> <span class='ocrx_word' id='word_1_70' title='bbox 261 645 394 700; x_wconf 83' lang='lat' dir='ltr'>major</span> <span class='ocrx_word' id='word_1_71' title='bbox 415 645 646 686; x_wconf 89' lang='lat' dir='ltr'>multitudo</span> <span class='ocrx_word' id='word_1_72' title='bbox 666 654 754 687; x_wconf 86' lang='lat' dir='ltr'>crat</span> <span class='ocrx_word' id='word_1_73' title='bbox 776 645 890 701; x_wconf 87' lang='lat' dir='ltr'>ipsis,</span> <span class='ocrx_word' id='word_1_74' title='bbox 913 645 1133 702; x_wconf 84' lang='lat' dir='ltr'>imperavit</span> <span class='ocrx_word' id='word_1_75' title='bbox 1159 653 1208 687; x_wconf 85' lang='lat' dir='ltr'>ut</span> <span class='ocrx_word' id='word_1_76' title='bbox 1228 645 1521 687; x_wconf 85' lang='lat' dir='ltr'>interficerent.</span> 
     </span>
     <span class='ocr_line' id='line_1_11' title="bbox 57 701 1521 759; baseline 0.001 -18"><span class='ocrx_word' id='word_1_77' title='bbox 57 701 87 740; x_wconf 84' lang='lat' dir='ltr'><strong>J</strong></span> <span class='ocrx_word' id='word_1_78' title='bbox 91 701 288 756; x_wconf 78' lang='lat' dir='ltr'>ugulatos</span> <span class='ocrx_word' id='word_1_79' title='bbox 309 701 361 742; x_wconf 86' lang='lat' dir='ltr'>de</span> <span class='ocrx_word' id='word_1_80' title='bbox 383 717 503 743; x_wconf 87' lang='lat' dir='ltr'>muro</span> <span class='ocrx_word' id='word_1_81' title='bbox 520 702 772 758; x_wconf 82' lang='lat' dir='ltr'>dejecerunt.</span> <span class='ocrx_word' id='word_1_82' title='bbox 836 704 944 743; x_wconf 89' lang='lat' dir='ltr'>Cum</span> <span class='ocrx_word' id='word_1_83' title='bbox 969 718 1120 758; x_wconf 72' lang='lat' dir='ltr'>magna</span> <span class='ocrx_word' id='word_1_84' title='bbox 1135 703 1303 759; x_wconf 82' lang='lat' dir='ltr'>jactura</span> <span class='ocrx_word' id='word_1_85' title='bbox 1324 702 1521 754; x_wconf 88' lang='lat' dir='ltr'>militum,</span> 
     </span>
     <span class='ocr_line' id='line_1_12' title="bbox 56 758 1523 815; baseline 0.001 -17"><span class='ocrx_word' id='word_1_86' title='bbox 56 766 240 812; x_wconf 86' lang='lat' dir='ltr'>quatuor</span> <span class='ocrx_word' id='word_1_87' title='bbox 253 767 294 800; x_wconf 86' lang='lat' dir='ltr'>et</span> <span class='ocrx_word' id='word_1_88' title='bbox 308 759 589 815; x_wconf 75' lang='lat' dir='ltr'>quadraginta</span> <span class='ocrx_word' id='word_1_89' title='bbox 602 759 750 800; x_wconf 89' lang='lat' dir='ltr'>diebus</span> <span class='ocrx_word' id='word_1_90' title='bbox 766 760 992 801; x_wconf 85' lang='lat' dir='ltr'>Contrebia</span> <span class='ocrx_word' id='word_1_91' title='bbox 1005 768 1267 815; x_wconf 83' lang='lat' dir='ltr'>expugnata;</span> <span class='ocrx_word' id='word_1_92' title='bbox 1293 758 1523 815; x_wconf 89' lang='lat' dir='ltr'>relictoque</span> 
     </span>
     <span class='ocr_line' id='line_1_13' title="bbox 2 813 1524 872; baseline 0.001 -17"><span class='ocrx_word' id='word_1_93' title='bbox 2 815 3 847; x_wconf 72' lang='grc' dir='ltr'>ἶ</span> <span class='ocrx_word' id='word_1_94' title='bbox 54 813 111 855; x_wconf 89' lang='lat' dir='ltr'>ibi</span> <span class='ocrx_word' id='word_1_95' title='bbox 131 814 205 856; x_wconf 90' lang='lat' dir='ltr'>⁵L.</span> <span class='ocrx_word' id='word_1_96' title='bbox 232 815 367 871; x_wconf 77' lang='lat' dir='ltr'>(forte</span> <span class='ocrx_word' id='word_1_97' title='bbox 383 819 527 870; x_wconf 73' lang='lat' dir='ltr'>potius</span> <span class='ocrx_word' id='word_1_98' title='bbox 549 816 670 871; x_wconf 86' lang='lat' dir='ltr'>Caio)</span> <span class='ocrx_word' id='word_1_99' title='bbox 697 816 869 865; x_wconf 75' lang='lat' dir='ltr'>Insteio,</span> <span class='ocrx_word' id='word_1_100' title='bbox 884 819 1086 872; x_wconf 73' lang='lat' dir='ltr'>prcefecto</span> <span class='ocrx_word' id='word_1_101' title='bbox 1117 819 1321 870; x_wconf 76' lang='lat' dir='ltr'>equitum,</span> <span class='ocrx_word' id='word_1_102' title='bbox 1344 816 1398 858; x_wconf 86' lang='lat' dir='ltr'>ad</span> <span class='ocrx_word' id='word_1_103' title='bbox 1419 816 1524 857; x_wconf 72' lang='grc' dir='ltr'>6Ηί-</span> 
     </span>
    </p>
   </div>
   <div class='ocr_carea' id='block_1_3' title="bbox 43 936 767 2862">
    <p class='ocr_par' dir='ltr' id='par_1_3' title="bbox 43 936 767 2862">
     <span class='ocr_line' id='line_1_14' title="bbox 54 936 767 974; baseline 0.007 -13"><span class='ocrx_word' id='word_1_104' title='bbox 54 937 120 968; x_wconf 87' lang='lat' dir='ltr'>tur,</span> <span class='ocrx_word' id='word_1_105' title='bbox 147 943 222 964; x_wconf 86' lang='lat' dir='ltr'>cum</span> <span class='ocrx_word' id='word_1_106' title='bbox 250 936 370 965; x_wconf 78' lang='lat' dir='ltr'>feratur</span> <span class='ocrx_word' id='word_1_107' title='bbox 396 937 499 974; x_wconf 84' lang='lat' dir='ltr'>priore</span> <span class='ocrx_word' id='word_1_108' title='bbox 523 938 641 966; x_wconf 79' lang='lat' dir='ltr'>saeculo</span> <span class='ocrx_word' id='word_1_109' title='bbox 670 937 767 966; x_wconf 83' lang='lat' dir='ltr'>fuisse</span> 
     </span>
     <span class='ocr_line' id='line_1_15' title="bbox 53 978 767 1016; baseline 0.01 -13"><span class='ocrx_word' id='word_1_110' title='bbox 53 984 153 1005; x_wconf 85' lang='lat' dir='ltr'>manu</span> <span class='ocrx_word' id='word_1_111' title='bbox 169 978 303 1016; x_wconf 85' lang='lat' dir='ltr'>scriptos</span> <span class='ocrx_word' id='word_1_112' title='bbox 316 979 356 1009; x_wconf 90' lang='lat' dir='ltr'>T.</span> <span class='ocrx_word' id='word_1_113' title='bbox 372 979 455 1009; x_wconf 87' lang='lat' dir='ltr'>Livii</span> <span class='ocrx_word' id='word_1_114' title='bbox 472 981 595 1009; x_wconf 84' lang='lat' dir='ltr'>codices</span> <span class='ocrx_word' id='word_1_115' title='bbox 611 981 642 1008; x_wconf 89' lang='lat' dir='ltr'>in</span> <span class='ocrx_word' id='word_1_116' title='bbox 660 981 767 1010; x_wconf 85' lang='lat' dir='ltr'>Abba-</span> 
     </span>
     <span class='ocr_line' id='line_1_16' title="bbox 54 1018 766 1062; baseline 0.008 -16"><span class='ocrx_word' id='word_1_117' title='bbox 54 1018 99 1046; x_wconf 88' lang='lat' dir='ltr'>tia</span> <span class='ocrx_word' id='word_1_118' title='bbox 116 1019 390 1059; x_wconf 84' lang='lat' dir='ltr'>Fontis—Evraldi,</span> <span class='ocrx_word' id='word_1_119' title='bbox 402 1023 615 1058; x_wconf 69' lang='lat' dir='ltr'>Fontem-auh,</span> <span class='ocrx_word' id='word_1_120' title='bbox 626 1025 682 1062; x_wconf 87' lang='lat' dir='ltr'>qui</span> <span class='ocrx_word' id='word_1_121' title='bbox 695 1032 766 1061; x_wconf 85' lang='lat' dir='ltr'>pro-</span> 
     </span>
     <span class='ocr_line' id='line_1_17' title="bbox 54 1062 766 1104; baseline 0.011 -14"><span class='ocrx_word' id='word_1_122' title='bbox 54 1062 137 1099; x_wconf 84' lang='lat' dir='ltr'>polae</span> <span class='ocrx_word' id='word_1_123' title='bbox 154 1064 289 1101; x_wconf 80' lang='lat' dir='ltr'>turpiter</span> <span class='ocrx_word' id='word_1_124' title='bbox 305 1069 379 1094; x_wconf 85' lang='lat' dir='ltr'>sunt</span> <span class='ocrx_word' id='word_1_125' title='bbox 396 1067 591 1095; x_wconf 86' lang='lat' dir='ltr'>venumdati.</span> <span class='ocrx_word' id='word_1_126' title='bbox 626 1067 670 1103; x_wconf 80' lang='lat' dir='ltr'>Is,</span> <span class='ocrx_word' id='word_1_127' title='bbox 682 1070 766 1104; x_wconf 84' lang='lat' dir='ltr'>quod</span> 
     </span>
     <span class='ocr_line' id='line_1_18' title="bbox 55 1105 765 1146; baseline 0.01 -14"><span class='ocrx_word' id='word_1_128' title='bbox 55 1105 180 1142; x_wconf 83' lang='lat' dir='ltr'>turpius</span> <span class='ocrx_word' id='word_1_129' title='bbox 197 1106 418 1146; x_wconf 78' lang='lat' dir='ltr'>funestiusque</span> <span class='ocrx_word' id='word_1_130' title='bbox 442 1109 515 1143; x_wconf 89' lang='lat' dir='ltr'>fuit,</span> <span class='ocrx_word' id='word_1_131' title='bbox 533 1118 643 1138; x_wconf 88' lang='lat' dir='ltr'>eorum</span> <span class='ocrx_word' id='word_1_132' title='bbox 665 1119 765 1139; x_wconf 89' lang='lat' dir='ltr'>mem-</span> 
     </span>
     <span class='ocr_line' id='line_1_19' title="bbox 52 1147 767 1189; baseline 0.013 -15"><span class='ocrx_word' id='word_1_133' title='bbox 52 1147 160 1176; x_wconf 82' lang='lat' dir='ltr'>branis</span> <span class='ocrx_word' id='word_1_134' title='bbox 177 1157 253 1178; x_wconf 85' lang='lat' dir='ltr'>usus</span> <span class='ocrx_word' id='word_1_135' title='bbox 269 1155 316 1179; x_wconf 85' lang='lat' dir='ltr'>est</span> <span class='ocrx_word' id='word_1_136' title='bbox 334 1151 365 1179; x_wconf 92' lang='lat' dir='ltr'>in</span> <span class='ocrx_word' id='word_1_137' title='bbox 384 1152 512 1180; x_wconf 80' lang='lat' dir='ltr'>ludicris</span> <span class='ocrx_word' id='word_1_138' title='bbox 537 1152 699 1189; x_wconf 78' lang='lat' dir='ltr'>palmulis,</span> <span class='ocrx_word' id='word_1_139' title='bbox 717 1153 767 1182; x_wconf 72' lang='lat' dir='ltr'>des</span> 
     </span>
     <span class='ocr_line' id='line_1_20' title="bbox 52 1188 764 1232; baseline 0.008 -15"><span class='ocrx_word' id='word_1_140' title='bbox 52 1188 194 1228; x_wconf 77' lang='lat' dir='ltr'>baltoirs,</span> <span class='ocrx_word' id='word_1_141' title='bbox 211 1193 417 1231; x_wconf 86' lang='lat' dir='ltr'>obtegendis;</span> <span class='ocrx_word' id='word_1_142' title='bbox 443 1195 558 1232; x_wconf 85' lang='lat' dir='ltr'>quibus</span> <span class='ocrx_word' id='word_1_143' title='bbox 582 1195 699 1232; x_wconf 88' lang='lat' dir='ltr'>passim</span> <span class='ocrx_word' id='word_1_144' title='bbox 717 1196 764 1224; x_wconf 88' lang='lat' dir='ltr'>di-</span> 
     </span>
     <span class='ocr_line' id='line_1_21' title="bbox 52 1233 763 1269; baseline 0.01 -9"><span class='ocrx_word' id='word_1_145' title='bbox 52 1233 203 1269; x_wconf 83' lang='lat' dir='ltr'>venditis,</span> <span class='ocrx_word' id='word_1_146' title='bbox 220 1244 295 1264; x_wconf 91' lang='lat' dir='ltr'>cum</span> <span class='ocrx_word' id='word_1_147' title='bbox 319 1240 388 1264; x_wconf 88' lang='lat' dir='ltr'>tum</span> <span class='ocrx_word' id='word_1_148' title='bbox 409 1237 550 1266; x_wconf 79' lang='lat' dir='ltr'>maxime</span> <span class='ocrx_word' id='word_1_149' title='bbox 572 1238 763 1267; x_wconf 86' lang='lat' dir='ltr'>lusoriarum</span> 
     </span>
     <span class='ocr_line' id='line_1_22' title="bbox 51 1275 765 1318; baseline 0.007 -14"><span class='ocrx_word' id='word_1_150' title='bbox 51 1275 189 1312; x_wconf 86' lang='lat' dir='ltr'>pilarum</span> <span class='ocrx_word' id='word_1_151' title='bbox 221 1279 464 1309; x_wconf 81' lang='lat' dir='ltr'>exercitationes</span> <span class='ocrx_word' id='word_1_152' title='bbox 496 1280 651 1318; x_wconf 81' lang='lat' dir='ltr'>vigerent,</span> <span class='ocrx_word' id='word_1_153' title='bbox 677 1290 765 1309; x_wconf 90' lang='lat' dir='ltr'>com-</span> 
     </span>
     <span class='ocr_line' id='line_1_23' title="bbox 50 1320 764 1354; baseline 0.006 -7"><span class='ocrx_word' id='word_1_154' title='bbox 50 1323 179 1354; x_wconf 85' lang='lat' dir='ltr'>pertum</span> <span class='ocrx_word' id='word_1_155' title='bbox 203 1320 264 1349; x_wconf 81' lang='lat' dir='ltr'>fuit</span> <span class='ocrx_word' id='word_1_156' title='bbox 288 1322 320 1349; x_wconf 88' lang='lat' dir='ltr'>in</span> <span class='ocrx_word' id='word_1_157' title='bbox 345 1322 383 1350; x_wconf 86' lang='lat' dir='ltr'>iis</span> <span class='ocrx_word' id='word_1_158' title='bbox 406 1323 567 1351; x_wconf 87' lang='lat' dir='ltr'>codicibus</span> <span class='ocrx_word' id='word_1_159' title='bbox 597 1327 764 1351; x_wconf 86' lang='lat' dir='ltr'>contentos</span> 
     </span>
     <span class='ocr_line' id='line_1_24' title="bbox 51 1360 763 1403; baseline 0.007 -14"><span class='ocrx_word' id='word_1_160' title='bbox 51 1360 149 1391; x_wconf 89' lang='lat' dir='ltr'>fuisse</span> <span class='ocrx_word' id='word_1_161' title='bbox 164 1362 200 1392; x_wconf 86' lang='lat' dir='ltr'>T.</span> <span class='ocrx_word' id='word_1_162' title='bbox 221 1363 306 1392; x_wconf 87' lang='lat' dir='ltr'>Livii</span> <span class='ocrx_word' id='word_1_163' title='bbox 330 1364 439 1401; x_wconf 89' lang='lat' dir='ltr'>libros,</span> <span class='ocrx_word' id='word_1_164' title='bbox 455 1365 509 1403; x_wconf 90' lang='lat' dir='ltr'>qui</span> <span class='ocrx_word' id='word_1_165' title='bbox 527 1366 661 1394; x_wconf 80' lang='lat' dir='ltr'>decades</span> <span class='ocrx_word' id='word_1_166' title='bbox 677 1370 763 1394; x_wconf 81' lang='lat' dir='ltr'>octa-</span> 
     </span>
     <span class='ocr_line' id='line_1_25' title="bbox 50 1406 765 1441; baseline 0.008 -10"><span class='ocrx_word' id='word_1_167' title='bbox 50 1412 139 1441; x_wconf 81' lang='lat' dir='ltr'>vam,</span> <span class='ocrx_word' id='word_1_168' title='bbox 155 1406 313 1435; x_wconf 79' lang='lat' dir='ltr'>decimam</span> <span class='ocrx_word' id='word_1_169' title='bbox 337 1411 368 1436; x_wconf 86' lang='lat' dir='ltr'>et</span> <span class='ocrx_word' id='word_1_170' title='bbox 392 1408 594 1437; x_wconf 83' lang='lat' dir='ltr'>undecimam</span> <span class='ocrx_word' id='word_1_171' title='bbox 619 1408 765 1437; x_wconf 84' lang='lat' dir='ltr'>conficie-</span> 
     </span>
     <span class='ocr_line' id='line_1_26' title="bbox 51 1447 764 1488; baseline 0.008 -14"><span class='ocrx_word' id='word_1_172' title='bbox 51 1447 148 1481; x_wconf 54' lang='lat' dir='ltr'>baum</span> <span class='ocrx_word' id='word_1_173' title='bbox 174 1454 209 1477; x_wconf 82' lang='lat' dir='ltr'>ut</span> <span class='ocrx_word' id='word_1_174' title='bbox 226 1449 332 1478; x_wconf 88' lang='lat' dir='ltr'>videre</span> <span class='ocrx_word' id='word_1_175' title='bbox 348 1455 396 1478; x_wconf 88' lang='lat' dir='ltr'>est</span> <span class='ocrx_word' id='word_1_176' title='bbox 409 1451 492 1488; x_wconf 89' lang='lat' dir='ltr'>apud</span> <span class='ocrx_word' id='word_1_177' title='bbox 507 1450 679 1484; x_wconf 53' lang='lat' dir='ltr'>Colomffls,</span> <span class='ocrx_word' id='word_1_178' title='bbox 690 1451 764 1480; x_wconf 78' lang='lat' dir='ltr'>Bib-</span> 
     </span>
     <span class='ocr_line' id='line_1_27' title="bbox 54 1488 763 1532; baseline 0.008 -15"><span class='ocrx_word' id='word_1_179' title='bbox 54 1488 202 1529; x_wconf 66' lang='lat' dir='ltr'>liotheqzce</span> <span class='ocrx_word' id='word_1_180' title='bbox 216 1491 338 1526; x_wconf 64' lang='lat' dir='ltr'>divisio,</span> <span class='ocrx_word' id='word_1_181' title='bbox 350 1501 420 1532; x_wconf 84' lang='lat' dir='ltr'>pag.</span> <span class='ocrx_word' id='word_1_182' title='bbox 434 1493 488 1523; x_wconf 89' lang='grc'>33.</span> <span class='ocrx_word' id='word_1_183' title='bbox 512 1493 667 1523; x_wconf 89' lang='lat' dir='ltr'>Nondum</span> <span class='ocrx_word' id='word_1_184' title='bbox 682 1495 763 1523; x_wconf 86' lang='lat' dir='ltr'>forte</span> 
     </span>
     <span class='ocr_line' id='line_1_28' title="bbox 52 1535 763 1575; baseline 0.007 -15"><span class='ocrx_word' id='word_1_185' title='bbox 52 1535 159 1562; x_wconf 87' lang='lat' dir='ltr'>tamen</span> <span class='ocrx_word' id='word_1_186' title='bbox 191 1535 426 1572; x_wconf 86' lang='lat' dir='ltr'>desperandum</span> <span class='ocrx_word' id='word_1_187' title='bbox 454 1538 493 1565; x_wconf 90' lang='lat' dir='ltr'>de</span> <span class='ocrx_word' id='word_1_188' title='bbox 517 1538 642 1575; x_wconf 86' lang='lat' dir='ltr'>integro</span> <span class='ocrx_word' id='word_1_189' title='bbox 672 1537 763 1566; x_wconf 88' lang='lat' dir='ltr'>Livio</span> 
     </span>
     <span class='ocr_line' id='line_1_29' title="bbox 50 1575 762 1610; baseline 0.008 -7"><span class='ocrx_word' id='word_1_190' title='bbox 50 1575 295 1606; x_wconf 86' lang='lat' dir='ltr'>adinveniendo.</span> <span class='ocrx_word' id='word_1_191' title='bbox 341 1579 439 1608; x_wconf 87' lang='lat' dir='ltr'>Illum</span> <span class='ocrx_word' id='word_1_192' title='bbox 463 1581 550 1609; x_wconf 88' lang='lat' dir='ltr'>enim</span> <span class='ocrx_word' id='word_1_193' title='bbox 573 1584 697 1609; x_wconf 83' lang='lat' dir='ltr'>exstare</span> <span class='ocrx_word' id='word_1_194' title='bbox 729 1581 762 1610; x_wconf 86' lang='lat' dir='ltr'>in</span> 
     </span>
     <span class='ocr_line' id='line_1_30' title="bbox 50 1617 759 1660; baseline 0.008 -14"><span class='ocrx_word' id='word_1_195' title='bbox 50 1617 250 1649; x_wconf 85' lang='lat' dir='ltr'>Bibliotheca</span> <span class='ocrx_word' id='word_1_196' title='bbox 270 1620 447 1651; x_wconf 80' lang='lat' dir='ltr'>Turcarum</span> <span class='ocrx_word' id='word_1_197' title='bbox 473 1623 679 1660; x_wconf 85' lang='lat' dir='ltr'>Imperatoris</span> <span class='ocrx_word' id='word_1_198' title='bbox 706 1625 759 1653; x_wconf 88' lang='lat' dir='ltr'>ad-</span> 
     </span>
     <span class='ocr_line' id='line_1_31' title="bbox 52 1662 762 1696; baseline 0.008 -7"><span class='ocrx_word' id='word_1_199' title='bbox 52 1662 178 1691; x_wconf 88' lang='lat' dir='ltr'>monuit</span> <span class='ocrx_word' id='word_1_200' title='bbox 211 1663 326 1693; x_wconf 86' lang='lat' dir='ltr'>Petrus</span> <span class='ocrx_word' id='word_1_201' title='bbox 356 1666 439 1694; x_wconf 87' lang='lat' dir='ltr'>della</span> <span class='ocrx_word' id='word_1_202' title='bbox 467 1667 568 1695; x_wconf 82' lang='lat' dir='ltr'>Valle.</span> <span class='ocrx_word' id='word_1_203' title='bbox 617 1665 658 1694; x_wconf 90' lang='lat' dir='ltr'>Ut</span> <span class='ocrx_word' id='word_1_204' title='bbox 688 1666 762 1696; x_wconf 89' lang='lat' dir='ltr'>inde</span> 
     </span>
     <span class='ocr_line' id='line_1_32' title="bbox 51 1708 762 1745; baseline 0.01 -13"><span class='ocrx_word' id='word_1_205' title='bbox 51 1709 215 1735; x_wconf 84' lang='lat' dir='ltr'>erueretur</span> <span class='ocrx_word' id='word_1_206' title='bbox 231 1715 316 1745; x_wconf 84' lang='lat' dir='ltr'>saepe</span> <span class='ocrx_word' id='word_1_207' title='bbox 336 1708 557 1738; x_wconf 82' lang='lat' dir='ltr'>adlaboratum</span> <span class='ocrx_word' id='word_1_208' title='bbox 574 1713 622 1737; x_wconf 88' lang='lat' dir='ltr'>est</span> <span class='ocrx_word' id='word_1_209' title='bbox 638 1710 697 1737; x_wconf 90' lang='lat' dir='ltr'>sub</span> <span class='ocrx_word' id='word_1_210' title='bbox 713 1719 762 1739; x_wconf 90' lang='lat' dir='ltr'>re-</span> 
     </span>
     <span class='ocr_line' id='line_1_33' title="bbox 50 1746 762 1783; baseline 0.01 -9"><span class='ocrx_word' id='word_1_211' title='bbox 50 1746 143 1783; x_wconf 89' lang='lat' dir='ltr'>gibus</span> <span class='ocrx_word' id='word_1_212' title='bbox 154 1747 318 1778; x_wconf 88' lang='lat' dir='ltr'>Ludovico</span> <span class='ocrx_word' id='word_1_213' title='bbox 332 1751 430 1781; x_wconf 85' lang='lat' dir='ltr'>XIII.</span> <span class='ocrx_word' id='word_1_214' title='bbox 445 1751 608 1781; x_wconf 85' lang='lat' dir='ltr'>Ludovico</span> <span class='ocrx_word' id='word_1_215' title='bbox 620 1752 712 1781; x_wconf 91' lang='lat' dir='ltr'>XIV.</span> <span class='ocrx_word' id='word_1_216' title='bbox 730 1757 762 1781; x_wconf 85' lang='lat' dir='ltr'>et</span> 
     </span>
     <span class='ocr_line' id='line_1_34' title="bbox 52 1788 761 1834; baseline 0.01 -17"><span class='ocrx_word' id='word_1_217' title='bbox 52 1788 215 1820; x_wconf 89' lang='lat' dir='ltr'>Ludovico</span> <span class='ocrx_word' id='word_1_218' title='bbox 238 1792 317 1822; x_wconf 89' lang='lat' dir='ltr'>XV.</span> <span class='ocrx_word' id='word_1_219' title='bbox 336 1795 497 1823; x_wconf 86' lang='lat' dir='ltr'>munificis</span> <span class='ocrx_word' id='word_1_220' title='bbox 520 1795 683 1824; x_wconf 87' lang='lat' dir='ltr'>literarum</span> <span class='ocrx_word' id='word_1_221' title='bbox 708 1804 761 1834; x_wconf 86' lang='lat' dir='ltr'>pa-</span> 
     </span>
     <span class='ocr_line' id='line_1_35' title="bbox 50 1833 761 1875; baseline 0.011 -15"><span class='ocrx_word' id='word_1_222' title='bbox 50 1833 163 1864; x_wconf 83' lang='lat' dir='ltr'>tronis.</span> <span class='ocrx_word' id='word_1_223' title='bbox 207 1835 252 1863; x_wconf 83' lang='lat' dir='ltr'>At</span> <span class='ocrx_word' id='word_1_224' title='bbox 278 1844 380 1865; x_wconf 86' lang='lat' dir='ltr'>vanus</span> <span class='ocrx_word' id='word_1_225' title='bbox 406 1845 577 1875; x_wconf 84' lang='lat' dir='ltr'>eassusque</span> <span class='ocrx_word' id='word_1_226' title='bbox 607 1839 761 1868; x_wconf 86' lang='lat' dir='ltr'>hactenus</span> 
     </span>
     <span class='ocr_line' id='line_1_36' title="bbox 50 1876 761 1919; baseline 0.01 -16"><span class='ocrx_word' id='word_1_227' title='bbox 50 1876 163 1905; x_wconf 84' lang='lat' dir='ltr'>recidit</span> <span class='ocrx_word' id='word_1_228' title='bbox 180 1877 288 1913; x_wconf 73' lang='lat' dir='ltr'>labor-3</span> <span class='ocrx_word' id='word_1_229' title='bbox 310 1888 564 1919; x_wconf 84' lang='lat' dir='ltr'>responsumque</span> <span class='ocrx_word' id='word_1_230' title='bbox 576 1889 702 1918; x_wconf 86' lang='lat' dir='ltr'>semper</span> <span class='ocrx_word' id='word_1_231' title='bbox 713 1886 761 1910; x_wconf 85' lang='lat' dir='ltr'>est</span> 
     </span>
     <span class='ocr_line' id='line_1_37' title="bbox 51 1918 760 1961; baseline 0.013 -16"><span class='ocrx_word' id='word_1_232' title='bbox 51 1925 70 1945; x_wconf 84' lang='lat' dir='ltr'>a</span> <span class='ocrx_word' id='word_1_233' title='bbox 96 1918 222 1954; x_wconf 53' lang='lat' dir='ltr'>Taren,</span> <span class='ocrx_word' id='word_1_234' title='bbox 246 1921 361 1958; x_wconf 87' lang='lat' dir='ltr'>quibus</span> <span class='ocrx_word' id='word_1_235' title='bbox 388 1932 461 1952; x_wconf 87' lang='lat' dir='ltr'>eum</span> <span class='ocrx_word' id='word_1_236' title='bbox 496 1925 657 1961; x_wconf 84' lang='lat' dir='ltr'>quaerendi</span> <span class='ocrx_word' id='word_1_237' title='bbox 683 1933 760 1953; x_wconf 84' lang='lat' dir='ltr'>cura</span> 
     </span>
     <span class='ocr_line' id='line_1_38' title="bbox 51 1959 758 2003; baseline 0.011 -15"><span class='ocrx_word' id='word_1_238' title='bbox 51 1959 200 1998; x_wconf 87' lang='lat' dir='ltr'>imposita</span> <span class='ocrx_word' id='word_1_239' title='bbox 222 1968 281 1997; x_wconf 86' lang='lat' dir='ltr'>est,</span> <span class='ocrx_word' id='word_1_240' title='bbox 306 1965 404 1995; x_wconf 85' lang='lat' dir='ltr'>talem</span> <span class='ocrx_word' id='word_1_241' title='bbox 426 1966 546 1995; x_wconf 86' lang='lat' dir='ltr'>librum</span> <span class='ocrx_word' id='word_1_242' title='bbox 571 1967 603 1995; x_wconf 90' lang='lat' dir='ltr'>in</span> <span class='ocrx_word' id='word_1_243' title='bbox 632 1966 758 2003; x_wconf 86' lang='lat' dir='ltr'>Palatii,</span> 
     </span>
     <span class='ocr_line' id='line_1_39' title="bbox 48 2001 758 2048; baseline 0.013 -17"><span class='ocrx_word' id='word_1_244' title='bbox 48 2001 76 2031; x_wconf 83' lang='lat' dir='ltr'>Ie</span> <span class='ocrx_word' id='word_1_245' title='bbox 90 2003 222 2042; x_wconf 60' lang='lat' dir='ltr'>Serme,</span> <span class='ocrx_word' id='word_1_246' title='bbox 238 2006 436 2038; x_wconf 89' lang='lat' dir='ltr'>Bibliotheca</span> <span class='ocrx_word' id='word_1_247' title='bbox 451 2018 513 2038; x_wconf 92' lang='lat' dir='ltr'>non</span> <span class='ocrx_word' id='word_1_248' title='bbox 531 2011 671 2048; x_wconf 87' lang='lat' dir='ltr'>reperiri.</span> <span class='ocrx_word' id='word_1_249' title='bbox 693 2011 758 2040; x_wconf 90' lang='lat' dir='ltr'>Do·</span> 
     </span>
     <span class='ocr_line' id='line_1_40' title="bbox 49 2045 758 2091; baseline 0.013 -18"><span class='ocrx_word' id='word_1_250' title='bbox 49 2045 182 2076; x_wconf 89' lang='lat' dir='ltr'>lendum</span> <span class='ocrx_word' id='word_1_251' title='bbox 212 2054 297 2079; x_wconf 87' lang='lat' dir='ltr'>certe</span> <span class='ocrx_word' id='word_1_252' title='bbox 326 2055 374 2079; x_wconf 84' lang='lat' dir='ltr'>est</span> <span class='ocrx_word' id='word_1_253' title='bbox 405 2053 490 2090; x_wconf 88' lang='lat' dir='ltr'>quod</span> <span class='ocrx_word' id='word_1_254' title='bbox 517 2053 571 2081; x_wconf 86' lang='lat' dir='ltr'>illa</span> <span class='ocrx_word' id='word_1_255' title='bbox 594 2054 758 2091; x_wconf 83' lang='lat' dir='ltr'>inquisitio</span> 
     </span>
     <span class='ocr_line' id='line_1_41' title="bbox 47 2087 759 2129; baseline 0.013 -13"><span class='ocrx_word' id='word_1_256' title='bbox 47 2087 159 2118; x_wconf 86' lang='lat' dir='ltr'>Turcis</span> <span class='ocrx_word' id='word_1_257' title='bbox 175 2094 301 2122; x_wconf 85' lang='lat' dir='ltr'>tanturn</span> <span class='ocrx_word' id='word_1_258' title='bbox 318 2092 415 2123; x_wconf 87' lang='lat' dir='ltr'>fuerit</span> <span class='ocrx_word' id='word_1_259' title='bbox 430 2096 612 2129; x_wconf 77' lang='lat' dir='ltr'>commissa,</span> <span class='ocrx_word' id='word_1_260' title='bbox 628 2096 759 2125; x_wconf 87' lang='lat' dir='ltr'>Francis</span> 
     </span>
     <span class='ocr_line' id='line_1_42' title="bbox 47 2138 758 2175; baseline 0.015 -17"><span class='ocrx_word' id='word_1_261' title='bbox 47 2139 122 2160; x_wconf 85' lang='lat' dir='ltr'>vero</span> <span class='ocrx_word' id='word_1_262' title='bbox 137 2140 314 2172; x_wconf 87' lang='lat' dir='ltr'>numquam</span> <span class='ocrx_word' id='word_1_263' title='bbox 331 2138 495 2175; x_wconf 84' lang='lat' dir='ltr'>permissa.</span> <span class='ocrx_word' id='word_1_264' title='bbox 531 2139 687 2168; x_wconf 69' lang='lat' dir='ltr'>Praeterea</span> <span class='ocrx_word' id='word_1_265' title='bbox 702 2149 758 2168; x_wconf 47' lang='lat' dir='ltr'>au‘</span> 
     </span>
     <span class='ocr_line' id='line_1_43' title="bbox 49 2174 756 2217; baseline 0.013 -16"><span class='ocrx_word' id='word_1_266' title='bbox 49 2174 114 2203; x_wconf 88' lang='lat' dir='ltr'>divi</span> <span class='ocrx_word' id='word_1_267' title='bbox 137 2175 177 2206; x_wconf 87' lang='lat' dir='ltr'>T.</span> <span class='ocrx_word' id='word_1_268' title='bbox 193 2176 322 2207; x_wconf 89' lang='lat' dir='ltr'>Livium</span> <span class='ocrx_word' id='word_1_269' title='bbox 347 2189 408 2208; x_wconf 90' lang='lat' dir='ltr'>non</span> <span class='ocrx_word' id='word_1_270' title='bbox 426 2181 459 2209; x_wconf 90' lang='lat' dir='ltr'>in</span> <span class='ocrx_word' id='word_1_271' title='bbox 483 2182 639 2217; x_wconf 82' lang='lat' dir='ltr'>Palatina,</span> <span class='ocrx_word' id='word_1_272' title='bbox 655 2183 708 2211; x_wconf 86' lang='lat' dir='ltr'>sed</span> <span class='ocrx_word' id='word_1_273' title='bbox 725 2182 756 2210; x_wconf 92' lang='lat' dir='ltr'>in</span> 
     </span>
     <span class='ocr_line' id='line_1_44' title="bbox 45 2218 758 2257; baseline 0.013 -13"><span class='ocrx_word' id='word_1_274' title='bbox 45 2221 166 2247; x_wconf 83' lang='lat' dir='ltr'>sanctae</span> <span class='ocrx_word' id='word_1_275' title='bbox 183 2218 309 2257; x_wconf 81' lang='lat' dir='ltr'>Sophiae</span> <span class='ocrx_word' id='word_1_276' title='bbox 333 2223 530 2253; x_wconf 85' lang='lat' dir='ltr'>Bibliotheca</span> <span class='ocrx_word' id='word_1_277' title='bbox 553 2225 758 2254; x_wconf 83' lang='lat' dir='ltr'>delitescere:</span> 
     </span>
     <span class='ocr_line' id='line_1_45' title="bbox 48 2259 756 2302; baseline 0.014 -15"><span class='ocrx_word' id='word_1_278' title='bbox 48 2259 171 2289; x_wconf 88' lang='lat' dir='ltr'>dictum</span> <span class='ocrx_word' id='word_1_279' title='bbox 189 2271 316 2302; x_wconf 89' lang='lat' dir='ltr'>quoque</span> <span class='ocrx_word' id='word_1_280' title='bbox 339 2266 419 2294; x_wconf 89' lang='lat' dir='ltr'>mihi</span> <span class='ocrx_word' id='word_1_281' title='bbox 446 2271 494 2296; x_wconf 89' lang='lat' dir='ltr'>est</span> <span class='ocrx_word' id='word_1_282' title='bbox 516 2276 591 2295; x_wconf 89' lang='lat' dir='ltr'>eum</span> <span class='ocrx_word' id='word_1_283' title='bbox 615 2276 677 2296; x_wconf 90' lang='lat' dir='ltr'>non</span> <span class='ocrx_word' id='word_1_284' title='bbox 703 2277 756 2296; x_wconf 86' lang='lat' dir='ltr'>ex-</span> 
     </span>
     <span class='ocr_line' id='line_1_46' title="bbox 48 2304 755 2348; baseline 0.013 -18"><span class='ocrx_word' id='word_1_285' title='bbox 48 2306 132 2332; x_wconf 88' lang='lat' dir='ltr'>stare</span> <span class='ocrx_word' id='word_1_286' title='bbox 155 2304 281 2340; x_wconf 83' lang='lat' dir='ltr'>Latine,</span> <span class='ocrx_word' id='word_1_287' title='bbox 299 2309 352 2338; x_wconf 88' lang='lat' dir='ltr'>sed</span> <span class='ocrx_word' id='word_1_288' title='bbox 377 2309 500 2340; x_wconf 85' lang='lat' dir='ltr'>Graece.</span> <span class='ocrx_word' id='word_1_289' title='bbox 544 2310 664 2348; x_wconf 82' lang='lat' dir='ltr'>Magna</span> <span class='ocrx_word' id='word_1_290' title='bbox 686 2310 755 2348; x_wconf 88' lang='lat' dir='ltr'>qui-</span> 
     </span>
     <span class='ocr_line' id='line_1_47' title="bbox 48 2344 756 2391; baseline 0.013 -18"><span class='ocrx_word' id='word_1_291' title='bbox 48 2344 122 2374; x_wconf 87' lang='lat' dir='ltr'>dem</span> <span class='ocrx_word' id='word_1_292' title='bbox 145 2348 206 2376; x_wconf 88' lang='lat' dir='ltr'>erit</span> <span class='ocrx_word' id='word_1_293' title='bbox 231 2349 413 2380; x_wconf 86' lang='lat' dir='ltr'>Latinitatis</span> <span class='ocrx_word' id='word_1_294' title='bbox 430 2350 573 2391; x_wconf 84' lang='lat' dir='ltr'>jactura,</span> <span class='ocrx_word' id='word_1_295' title='bbox 595 2353 619 2381; x_wconf 86' lang='lat' dir='ltr'>si</span> <span class='ocrx_word' id='word_1_296' title='bbox 643 2354 756 2382; x_wconf 82' lang='lat' dir='ltr'>Graeca</span> 
     </span>
     <span class='ocr_line' id='line_1_48' title="bbox 48 2391 757 2434; baseline 0.014 -19"><span class='ocrx_word' id='word_1_297' title='bbox 48 2391 176 2434; x_wconf 75' lang='lat' dir='ltr'>tantum</span> <span class='ocrx_word' id='word_1_298' title='bbox 205 2391 290 2421; x_wconf 86' lang='lat' dir='ltr'>Livii</span> <span class='ocrx_word' id='word_1_299' title='bbox 314 2394 532 2432; x_wconf 82' lang='lat' dir='ltr'>interpretatio</span> <span class='ocrx_word' id='word_1_300' title='bbox 561 2400 700 2430; x_wconf 87' lang='lat' dir='ltr'>maneat,</span> <span class='ocrx_word' id='word_1_301' title='bbox 723 2400 757 2425; x_wconf 87' lang='lat' dir='ltr'>at</span> 
     </span>
     <span class='ocr_line' id='line_1_49' title="bbox 46 2435 756 2477; baseline 0.013 -19"><span class='ocrx_word' id='word_1_302' title='bbox 46 2438 160 2477; x_wconf 66' lang='lat' dir='ltr'>ingens</span> <span class='ocrx_word' id='word_1_303' title='bbox 175 2435 281 2465; x_wconf 90' lang='lat' dir='ltr'>adhuc</span> <span class='ocrx_word' id='word_1_304' title='bbox 303 2437 385 2466; x_wconf 88' lang='lat' dir='ltr'>foret</span> <span class='ocrx_word' id='word_1_305' title='bbox 400 2437 499 2475; x_wconf 82' lang='lat' dir='ltr'>ipsius</span> <span class='ocrx_word' id='word_1_306' title='bbox 522 2439 756 2476; x_wconf 79' lang='lat' dir='ltr'>interpretatio-</span> 
     </span>
     <span class='ocr_line' id='line_1_50' title="bbox 47 2476 754 2521; baseline 0.014 -22"><span class='ocrx_word' id='word_1_307' title='bbox 47 2480 98 2521; x_wconf 61' lang='lat' dir='ltr'>nis</span> <span class='ocrx_word' id='word_1_308' title='bbox 113 2476 245 2512; x_wconf 83' lang='lat' dir='ltr'>utilitas,</span> <span class='ocrx_word' id='word_1_309' title='bbox 262 2488 351 2517; x_wconf 86' lang='lat' dir='ltr'>cum,</span> <span class='ocrx_word' id='word_1_310' title='bbox 366 2481 452 2519; x_wconf 90' lang='lat' dir='ltr'>quod</span> <span class='ocrx_word' id='word_1_311' title='bbox 475 2482 675 2519; x_wconf 88' lang='lat' dir='ltr'>potissimum</span> <span class='ocrx_word' id='word_1_312' title='bbox 695 2485 754 2516; x_wconf 89' lang='lat' dir='ltr'>est,</span> 
     </span>
     <span class='ocr_line' id='line_1_51' title="bbox 46 2515 756 2564; baseline 0.017 -20"><span class='ocrx_word' id='word_1_313' title='bbox 46 2515 188 2564; x_wconf 68' lang='lat' dir='ltr'>historiae</span> <span class='ocrx_word' id='word_1_314' title='bbox 216 2523 398 2558; x_wconf 86' lang='lat' dir='ltr'>materiam,</span> <span class='ocrx_word' id='word_1_315' title='bbox 425 2529 590 2562; x_wconf 87' lang='lat' dir='ltr'>gestorum</span> <span class='ocrx_word' id='word_1_316' title='bbox 627 2524 756 2561; x_wconf 85' lang='lat' dir='ltr'>seriem,</span> 
     </span>
     <span class='ocr_line' id='line_1_52' title="bbox 47 2557 755 2600; baseline 0.016 -15"><span class='ocrx_word' id='word_1_317' title='bbox 47 2557 277 2600; x_wconf 86' lang='lat' dir='ltr'>L1v1anamque</span> <span class='ocrx_word' id='word_1_318' title='bbox 302 2568 517 2596; x_wconf 85' lang='lat' dir='ltr'>narrationem</span> <span class='ocrx_word' id='word_1_319' title='bbox 545 2567 586 2596; x_wconf 87' lang='lat' dir='ltr'>sit</span> <span class='ocrx_word' id='word_1_320' title='bbox 608 2567 755 2597; x_wconf 83' lang='lat' dir='ltr'>allatura.</span> 
     </span>
     <span class='ocr_line' id='line_1_53' title="bbox 46 2600 754 2648; baseline 0.014 -19"><span class='ocrx_word' id='word_1_321' title='bbox 46 2600 140 2633; x_wconf 86' lang='lat' dir='ltr'>Quod</span> <span class='ocrx_word' id='word_1_322' title='bbox 156 2606 316 2636; x_wconf 87' lang='lat' dir='ltr'>monitum</span> <span class='ocrx_word' id='word_1_323' title='bbox 333 2610 431 2645; x_wconf 90' lang='lat' dir='ltr'>volui,</span> <span class='ocrx_word' id='word_1_324' title='bbox 449 2614 484 2639; x_wconf 91' lang='lat' dir='ltr'>ut</span> <span class='ocrx_word' id='word_1_325' title='bbox 494 2611 666 2648; x_wconf 80' lang='lat' dir='ltr'>PrincipeS‚</span> <span class='ocrx_word' id='word_1_326' title='bbox 683 2610 754 2648; x_wconf 91' lang='lat' dir='ltr'>qui-</span> 
     </span>
     <span class='ocr_line' id='line_1_54' title="bbox 46 2643 753 2691; baseline 0.017 -21"><span class='ocrx_word' id='word_1_327' title='bbox 46 2643 106 2672; x_wconf 93' lang='lat' dir='ltr'>bus</span> <span class='ocrx_word' id='word_1_328' title='bbox 139 2645 304 2678; x_wconf 84' lang='lat' dir='ltr'>literarum</span> <span class='ocrx_word' id='word_1_329' title='bbox 326 2651 427 2682; x_wconf 81' lang='lat' dir='ltr'>honor</span> <span class='ocrx_word' id='word_1_330' title='bbox 449 2662 485 2682; x_wconf 82' lang='lat' dir='ltr'>ae</span> <span class='ocrx_word' id='word_1_331' title='bbox 504 2654 643 2691; x_wconf 85' lang='lat' dir='ltr'>dignitas</span> <span class='ocrx_word' id='word_1_332' title='bbox 666 2653 753 2682; x_wconf 83' lang='lat' dir='ltr'>cordi</span> 
     </span>
     <span class='ocr_line' id='line_1_55' title="bbox 46 2689 753 2734; baseline 0.016 -20"><span class='ocrx_word' id='word_1_333' title='bbox 46 2691 136 2732; x_wconf 62' lang='lat' dir='ltr'>=sunt,</span> <span class='ocrx_word' id='word_1_334' title='bbox 152 2689 281 2720; x_wconf 86' lang='lat' dir='ltr'>videant</span> <span class='ocrx_word' id='word_1_335' title='bbox 303 2694 379 2730; x_wconf 90' lang='lat' dir='ltr'>quid</span> <span class='ocrx_word' id='word_1_336' title='bbox 396 2704 451 2733; x_wconf 81' lang='lat' dir='ltr'>per</span> <span class='ocrx_word' id='word_1_337' title='bbox 467 2705 541 2725; x_wconf 82' lang='lat' dir='ltr'>suos</span> <span class='ocrx_word' id='word_1_338' title='bbox 557 2698 677 2734; x_wconf 85' lang='lat' dir='ltr'>legatos</span> <span class='ocrx_word' id='word_1_339' title='bbox 693 2696 753 2725; x_wconf 86' lang='lat' dir='ltr'>hac</span> 
     </span>
     <span class='ocr_line' id='line_1_56' title="bbox 45 2736 752 2778; baseline 0.018 -21"><span class='ocrx_word' id='word_1_340' title='bbox 45 2736 78 2756; x_wconf 78' lang='lat' dir='ltr'>ln</span> <span class='ocrx_word' id='word_1_341' title='bbox 109 2739 143 2778; x_wconf 65' lang='lat' dir='ltr'>re</span> <span class='ocrx_word' id='word_1_342' title='bbox 164 2736 287 2763; x_wconf 85' lang='lat' dir='ltr'>tentare</span> <span class='ocrx_word' id='word_1_343' title='bbox 310 2737 447 2769; x_wconf 76' lang='lat' dir='ltr'>valeant.</span> <span class='ocrx_word' id='word_1_344' title='bbox 489 2739 603 2776; x_wconf 86' lang='lat' dir='ltr'>Operae</span> <span class='ocrx_word' id='word_1_345' title='bbox 625 2747 752 2777; x_wconf 81' lang='lat' dir='ltr'>quoque</span> 
     </span>
     <span class='ocr_line' id='line_1_57' title="bbox 43 2775 751 2819; baseline 0.018 -20"><span class='ocrx_word' id='word_1_346' title='bbox 43 2778 182 2806; x_wconf 82' lang='lat' dir='ltr'>pretium</span> <span class='ocrx_word' id='word_1_347' title='bbox 196 2775 292 2807; x_wconf 89' lang='lat' dir='ltr'>simul</span> <span class='ocrx_word' id='word_1_348' title='bbox 306 2779 397 2814; x_wconf 85' lang='lat' dir='ltr'>foret,</span> <span class='ocrx_word' id='word_1_349' title='bbox 408 2781 435 2810; x_wconf 89' lang='lat' dir='ltr'>si</span> <span class='ocrx_word' id='word_1_350' title='bbox 447 2790 500 2819; x_wconf 84' lang='lat' dir='ltr'>per</span> <span class='ocrx_word' id='word_1_351' title='bbox 509 2782 677 2811; x_wconf 85' lang='lat' dir='ltr'>Turcicam</span> <span class='ocrx_word' id='word_1_352' title='bbox 691 2781 751 2811; x_wconf 80' lang='lat' dir='ltr'>dif-</span> 
     </span>
     <span class='ocr_line' id='line_1_58' title="bbox 45 2811 749 2862; baseline 0.017 -20"><span class='ocrx_word' id='word_1_353' title='bbox 45 2811 207 2847; x_wconf 76' lang='lat' dir='ltr'>fidentiam</span> <span class='ocrx_word' id='word_1_354' title='bbox 236 2819 321 2858; x_wconf 79' lang='lat' dir='ltr'>ilcet,</span> <span class='ocrx_word' id='word_1_355' title='bbox 352 2822 584 2862; x_wconf 74' lang='lat' dir='ltr'>Imperatorem</span> <span class='ocrx_word' id='word_1_356' title='bbox 607 2833 749 2860; x_wconf 80' lang='lat' dir='ltr'>exorare,</span> 
     </span>
    </p>
   </div>
   <div class='ocr_carea' id='block_1_4' title="bbox 802 936 1526 1872">
    <p class='ocr_par' dir='ltr' id='par_1_4' title="bbox 808 936 1526 1358">
     <span class='ocr_line' id='line_1_59' title="bbox 814 936 1526 966; baseline 0.001 -2"><span class='ocrx_word' id='word_1_357' title='bbox 814 940 849 964; x_wconf 89' lang='lat' dir='ltr'>ut</span> <span class='ocrx_word' id='word_1_358' title='bbox 864 937 973 965; x_wconf 89' lang='lat' dir='ltr'>titulos</span> <span class='ocrx_word' id='word_1_359' title='bbox 989 940 1133 966; x_wconf 86' lang='lat' dir='ltr'>veterum</span> <span class='ocrx_word' id='word_1_360' title='bbox 1147 944 1276 966; x_wconf 83' lang='lat' dir='ltr'>suorum</span> <span class='ocrx_word' id='word_1_361' title='bbox 1294 936 1449 965; x_wconf 89' lang='lat' dir='ltr'>librorum</span> <span class='ocrx_word' id='word_1_362' title='bbox 1462 936 1526 965; x_wconf 79' lang='lat' dir='ltr'>La·</span> 
     </span>
     <span class='ocr_line' id='line_1_60' title="bbox 814 979 1525 1016; baseline 0.001 -9"><span class='ocrx_word' id='word_1_363' title='bbox 814 980 954 1007; x_wconf 87' lang='lat' dir='ltr'>tinorum</span> <span class='ocrx_word' id='word_1_364' title='bbox 971 989 1007 1008; x_wconf 88' lang='lat' dir='ltr'>ac</span> <span class='ocrx_word' id='word_1_365' title='bbox 1024 979 1227 1016; x_wconf 78' lang='lat' dir='ltr'>Graecorum,</span> <span class='ocrx_word' id='word_1_366' title='bbox 1244 979 1452 1008; x_wconf 71' lang='lat' dir='ltr'>Arabicarum</span> <span class='ocrx_word' id='word_1_367' title='bbox 1477 984 1525 1008; x_wconf 86' lang='lat' dir='ltr'>et-</span> 
     </span>
     <span class='ocr_line' id='line_1_61' title="bbox 813 1021 1524 1060; baseline 0.001 -10"><span class='ocrx_word' id='word_1_368' title='bbox 813 1022 877 1050; x_wconf 88' lang='lat' dir='ltr'>iam</span> <span class='ocrx_word' id='word_1_369' title='bbox 917 1021 1230 1060; x_wconf 83' lang='lat' dir='ltr'>interpretationum,</span> <span class='ocrx_word' id='word_1_370' title='bbox 1268 1022 1524 1051; x_wconf 81' lang='lat' dir='ltr'>communicatos</span> 
     </span>
     <span class='ocr_line' id='line_1_62' title="bbox 813 1065 1524 1102; baseline 0.003 -10"><span class='ocrx_word' id='word_1_371' title='bbox 813 1065 921 1093; x_wconf 81' lang='lat' dir='ltr'>vellet.</span> <span class='ocrx_word' id='word_1_372' title='bbox 963 1065 1073 1102; x_wconf 84' lang='lat' dir='ltr'>quue</span> <span class='ocrx_word' id='word_1_373' title='bbox 1097 1066 1200 1102; x_wconf 81' lang='lat' dir='ltr'>magis</span> <span class='ocrx_word' id='word_1_374' title='bbox 1223 1065 1422 1100; x_wconf 76' lang='lat' dir='ltr'>instandum,</span> <span class='ocrx_word' id='word_1_375' title='bbox 1440 1066 1524 1102; x_wconf 86' lang='lat' dir='ltr'>quod</span> 
     </span>
     <span class='ocr_line' id='line_1_63' title="bbox 810 1104 1525 1146; baseline 0.003 -12"><span class='ocrx_word' id='word_1_376' title='bbox 810 1104 878 1145; x_wconf 86' lang='lat' dir='ltr'>ejus</span> <span class='ocrx_word' id='word_1_377' title='bbox 896 1107 1107 1143; x_wconf 85' lang='lat' dir='ltr'>Bibliotheca,</span> <span class='ocrx_word' id='word_1_378' title='bbox 1120 1105 1189 1146; x_wconf 83' lang='lat' dir='ltr'>jam</span> <span class='ocrx_word' id='word_1_379' title='bbox 1208 1116 1299 1144; x_wconf 83' lang='lat' dir='ltr'>passa</span> <span class='ocrx_word' id='word_1_380' title='bbox 1314 1107 1472 1144; x_wconf 85' lang='lat' dir='ltr'>incendia,</span> <span class='ocrx_word' id='word_1_381' title='bbox 1486 1108 1525 1136; x_wconf 87' lang='lat' dir='ltr'>iis</span> 
     </span>
     <span class='ocr_line' id='line_1_64' title="bbox 810 1149 1525 1188; baseline 0.003 -11"><span class='ocrx_word' id='word_1_382' title='bbox 810 1150 848 1177; x_wconf 86' lang='lat' dir='ltr'>sit</span> <span class='ocrx_word' id='word_1_383' title='bbox 867 1150 1013 1178; x_wconf 80' lang='lat' dir='ltr'>obnoxia.</span> <span class='ocrx_word' id='word_1_384' title='bbox 1043 1150 1124 1179; x_wconf 83' lang='lat' dir='ltr'>Haec</span> <span class='ocrx_word' id='word_1_385' title='bbox 1139 1151 1233 1187; x_wconf 85' lang='lat' dir='ltr'>paulo</span> <span class='ocrx_word' id='word_1_386' title='bbox 1249 1149 1352 1177; x_wconf 65' lang='lat' dir='ltr'>fusius</span> <span class='ocrx_word' id='word_1_387' title='bbox 1366 1158 1438 1178; x_wconf 78' lang='lat' dir='ltr'>sum</span> <span class='ocrx_word' id='word_1_388' title='bbox 1453 1159 1525 1188; x_wconf 84' lang='lat' dir='ltr'>pro-</span> 
     </span>
     <span class='ocr_line' id='line_1_65' title="bbox 809 1192 1524 1230; baseline 0.006 -12"><span class='ocrx_word' id='word_1_389' title='bbox 809 1196 950 1228; x_wconf 64' lang='lat' dir='ltr'>sennam,</span> <span class='ocrx_word' id='word_1_390' title='bbox 973 1194 1013 1221; x_wconf 88' lang='lat' dir='ltr'>ob</span> <span class='ocrx_word' id='word_1_391' title='bbox 1037 1193 1197 1230; x_wconf 86' lang='lat' dir='ltr'>publicam</span> <span class='ocrx_word' id='word_1_392' title='bbox 1221 1192 1408 1229; x_wconf 79' lang='lat' dir='ltr'>utilitatem,</span> <span class='ocrx_word' id='word_1_393' title='bbox 1431 1198 1463 1221; x_wconf 90' lang='lat' dir='ltr'>et</span> <span class='ocrx_word' id='word_1_394' title='bbox 1486 1198 1524 1223; x_wconf 86' lang='lat' dir='ltr'>ut</span> 
     </span>
     <span class='ocr_line' id='line_1_66' title="bbox 809 1234 1523 1273; baseline 0.004 -11"><span class='ocrx_word' id='word_1_395' title='bbox 809 1234 848 1262; x_wconf 89' lang='lat' dir='ltr'>T.</span> <span class='ocrx_word' id='word_1_396' title='bbox 864 1234 946 1264; x_wconf 88' lang='lat' dir='ltr'>Livii</span> <span class='ocrx_word' id='word_1_397' title='bbox 959 1236 1024 1264; x_wconf 84' lang='lat' dir='ltr'>fata</span> <span class='ocrx_word' id='word_1_398' title='bbox 1041 1244 1176 1273; x_wconf 86' lang='lat' dir='ltr'>spesque</span> <span class='ocrx_word' id='word_1_399' title='bbox 1190 1240 1400 1264; x_wconf 86' lang='lat' dir='ltr'>notescerent.</span> <span class='ocrx_word' id='word_1_400' title='bbox 1425 1234 1523 1265; x_wconf 92' lang='lat' dir='ltr'>Nunc</span> 
     </span>
     <span class='ocr_line' id='line_1_67' title="bbox 808 1277 1522 1316; baseline 0.003 -10"><span class='ocrx_word' id='word_1_401' title='bbox 808 1279 848 1306; x_wconf 88' lang='lat' dir='ltr'>ad</span> <span class='ocrx_word' id='word_1_402' title='bbox 867 1277 1097 1316; x_wconf 84' lang='lat' dir='ltr'>Fragmentum</span> <span class='ocrx_word' id='word_1_403' title='bbox 1116 1278 1187 1306; x_wconf 89' lang='lat' dir='ltr'>libri</span> <span class='ocrx_word' id='word_1_404' title='bbox 1204 1286 1279 1308; x_wconf 75' lang='lat' dir='ltr'>xcx.</span> <span class='ocrx_word' id='word_1_405' title='bbox 1294 1277 1522 1308; x_wconf 87' lang='lat' dir='ltr'>illustrandum</span> 
     </span>
     <span class='ocr_line' id='line_1_68' title="bbox 809 1329 954 1358; baseline 0.007 -10"><span class='ocrx_word' id='word_1_406' title='bbox 809 1329 954 1358; x_wconf 89' lang='lat' dir='ltr'>propero.</span> 
     </span>
    </p>

    <p class='ocr_par' dir='ltr' id='par_1_5' title="bbox 802 1362 1523 1572">
     <span class='ocr_line' id='line_1_69' title="bbox 855 1362 1521 1401; baseline 0.003 -10"><span class='ocrx_word' id='word_1_407' title='bbox 855 1362 869 1391; x_wconf 92' lang='lat'>1</span> <span class='ocrx_word' id='word_1_408' title='bbox 896 1362 998 1392; x_wconf 80' lang='lat' dir='ltr'>IVocte</span> <span class='ocrx_word' id='word_1_409' title='bbox 1015 1364 1195 1401; x_wconf 78' lang='lat' dir='ltr'>insequenti.</span> <span class='ocrx_word' id='word_1_410' title='bbox 1240 1363 1392 1401; x_wconf 89' lang='lat' dir='ltr'>Supplevi</span> <span class='ocrx_word' id='word_1_411' title='bbox 1415 1366 1521 1399; x_wconf 73' lang='lat' dir='ltr'>nocte,-</span> 
     </span>
     <span class='ocr_line' id='line_1_70' title="bbox 809 1406 1523 1445; baseline 0.001 -11"><span class='ocrx_word' id='word_1_412' title='bbox 809 1406 904 1443; x_wconf 88' lang='lat' dir='ltr'>idque</span> <span class='ocrx_word' id='word_1_413' title='bbox 932 1406 1127 1444; x_wconf 85' lang='lat' dir='ltr'>postulabat,</span> <span class='ocrx_word' id='word_1_414' title='bbox 1154 1408 1238 1444; x_wconf 88' lang='lat' dir='ltr'>quod</span> <span class='ocrx_word' id='word_1_415' title='bbox 1271 1415 1346 1435; x_wconf 83' lang='lat' dir='ltr'>mox</span> <span class='ocrx_word' id='word_1_416' title='bbox 1378 1407 1523 1445; x_wconf 86' lang='lat' dir='ltr'>sequitur</span> 
     </span>
     <span class='ocr_line' id='line_1_71' title="bbox 802 1449 1522 1488; baseline 0.003 -13"><span class='ocrx_word' id='word_1_417' title='bbox 802 1449 908 1486; x_wconf 77' lang='lat' dir='ltr'>prima</span> <span class='ocrx_word' id='word_1_418' title='bbox 925 1449 988 1478; x_wconf 79' lang='lat' dir='ltr'>luce</span> <span class='ocrx_word' id='word_1_419' title='bbox 1004 1450 1154 1478; x_wconf 70' lang='lat' dir='ltr'>miraculo</span> <span class='ocrx_word' id='word_1_420' title='bbox 1169 1449 1392 1488; x_wconf 72' lang='lat' dir='ltr'>lzoslibnsfnit.</span> <span class='ocrx_word' id='word_1_421' title='bbox 1436 1449 1522 1478; x_wconf 70' lang='lat' dir='ltr'>IVoe-</span> 
     </span>
     <span class='ocr_line' id='line_1_72' title="bbox 808 1493 1522 1530; baseline 0.004 -11"><span class='ocrx_word' id='word_1_422' title='bbox 808 1494 836 1519; x_wconf 69' lang='grc' dir='ltr'>τε</span> <span class='ocrx_word' id='word_1_423' title='bbox 860 1496 927 1520; x_wconf 86' lang='lat' dir='ltr'>erat</span> <span class='ocrx_word' id='word_1_424' title='bbox 949 1501 1025 1521; x_wconf 89' lang='lat' dir='ltr'>sane</span> <span class='ocrx_word' id='word_1_425' title='bbox 1047 1494 1200 1530; x_wconf 86' lang='lat' dir='ltr'>scriptum</span> <span class='ocrx_word' id='word_1_426' title='bbox 1226 1493 1259 1521; x_wconf 92' lang='lat' dir='ltr'>in</span> <span class='ocrx_word' id='word_1_427' title='bbox 1283 1493 1443 1530; x_wconf 87' lang='lat' dir='ltr'>superiore</span> <span class='ocrx_word' id='word_1_428' title='bbox 1467 1502 1522 1530; x_wconf 83' lang='lat' dir='ltr'>pa-</span> 
     </span>
     <span class='ocr_line' id='line_1_73' title="bbox 806 1534 893 1572; baseline 0 -10"><span class='ocrx_word' id='word_1_429' title='bbox 806 1534 893 1572; x_wconf 86' lang='lat' dir='ltr'>gina.</span> 
     </span>
    </p>

    <p class='ocr_par' dir='ltr' id='par_1_6' title="bbox 806 1577 1214 1658">
     <span class='ocr_line' id='line_1_74' title="bbox 851 1577 1214 1618; baseline 0.003 -11"><span class='ocrx_word' id='word_1_430' title='bbox 851 1578 869 1607; x_wconf 76' lang='grc'>2</span> <span class='ocrx_word' id='word_1_431' title='bbox 895 1577 966 1616; x_wconf 66' lang='lat' dir='ltr'>Ipso</span> <span class='ocrx_word' id='word_1_432' title='bbox 1000 1578 1214 1618; x_wconf 73' lang='lat' dir='ltr'>pervigilante.</span> 
     </span>
     <span class='ocr_line' id='line_1_75' title="bbox 806 1621 1028 1658; baseline 0.014 -10"><span class='ocrx_word' id='word_1_433' title='bbox 806 1621 1028 1658; x_wconf 81' lang='lat' dir='ltr'>pervigilante.</span> 
     </span>
    </p>

    <p class='ocr_par' dir='ltr' id='par_1_7' title="bbox 807 1663 1519 1823">
     <span class='ocr_line' id='line_1_76' title="bbox 849 1663 1518 1702; baseline 0 -9"><span class='ocrx_word' id='word_1_434' title='bbox 849 1663 871 1693; x_wconf 80' lang='lat'>3</span> <span class='ocrx_word' id='word_1_435' title='bbox 898 1663 978 1692; x_wconf 81' lang='lat' dir='ltr'>Tum</span> <span class='ocrx_word' id='word_1_436' title='bbox 1004 1666 1178 1702; x_wconf 79' lang='lat' dir='ltr'>erumpente</span> <span class='ocrx_word' id='word_1_437' title='bbox 1200 1664 1333 1693; x_wconf 68' lang='lat' dir='ltr'>validius</span> <span class='ocrx_word' id='word_1_438' title='bbox 1363 1663 1518 1693; x_wconf 79' lang='lat' dir='ltr'>ardescere</span> 
     </span>
     <span class='ocr_line' id='line_1_77' title="bbox 808 1707 1518 1746; baseline 0.003 -12"><span class='ocrx_word' id='word_1_439' title='bbox 808 1707 885 1745; x_wconf 76' lang='lat' dir='ltr'>igni.</span> <span class='ocrx_word' id='word_1_440' title='bbox 932 1707 964 1736; x_wconf 87' lang='lat' dir='ltr'>Si</span> <span class='ocrx_word' id='word_1_441' title='bbox 987 1708 1058 1746; x_wconf 86' lang='lat' dir='ltr'>quis</span> <span class='ocrx_word' id='word_1_442' title='bbox 1076 1708 1247 1736; x_wconf 84' lang='lat' dir='ltr'>attenderit</span> <span class='ocrx_word' id='word_1_443' title='bbox 1271 1716 1340 1745; x_wconf 87' lang='lat' dir='ltr'>quae</span> <span class='ocrx_word' id='word_1_444' title='bbox 1357 1707 1518 1744; x_wconf 87' lang='lat' dir='ltr'>supersint</span> 
     </span>
     <span class='ocr_line' id='line_1_78' title="bbox 807 1750 1519 1787; baseline 0.001 -9"><span class='ocrx_word' id='word_1_445' title='bbox 807 1750 920 1784; x_wconf 64' lang='lat' dir='ltr'>literae,</span> <span class='ocrx_word' id='word_1_446' title='bbox 938 1758 1139 1787; x_wconf 80' lang='lat' dir='ltr'>vacuumque</span> <span class='ocrx_word' id='word_1_447' title='bbox 1149 1751 1305 1787; x_wconf 70' lang='lat' dir='ltr'>spatium,</span> <span class='ocrx_word' id='word_1_448' title='bbox 1318 1751 1345 1779; x_wconf 90' lang='lat' dir='ltr'>is</span> <span class='ocrx_word' id='word_1_449' title='bbox 1362 1751 1447 1779; x_wconf 85' lang='lat' dir='ltr'>haud</span> <span class='ocrx_word' id='word_1_450' title='bbox 1457 1751 1519 1779; x_wconf 86' lang='lat' dir='ltr'>dif-</span> 
     </span>
     <span class='ocr_line' id='line_1_79' title="bbox 807 1793 1393 1823; baseline 0.002 -2"><span class='ocrx_word' id='word_1_451' title='bbox 807 1793 948 1821; x_wconf 87' lang='lat' dir='ltr'>fitebitur</span> <span class='ocrx_word' id='word_1_452' title='bbox 963 1794 1049 1823; x_wconf 89' lang='lat' dir='ltr'>hunc</span> <span class='ocrx_word' id='word_1_453' title='bbox 1065 1802 1133 1822; x_wconf 85' lang='lat' dir='ltr'>esse</span> <span class='ocrx_word' id='word_1_454' title='bbox 1150 1793 1234 1821; x_wconf 91' lang='lat' dir='ltr'>Livii</span> <span class='ocrx_word' id='word_1_455' title='bbox 1251 1801 1393 1822; x_wconf 87' lang='lat' dir='ltr'>sensum.</span> 
     </span>
    </p>

    <p class='ocr_par' dir='ltr' id='par_1_8' title="bbox 847 1834 1517 1872">
     <span class='ocr_line' id='line_1_80' title="bbox 847 1834 1517 1872; baseline 0 -8"><span class='ocrx_word' id='word_1_456' title='bbox 847 1834 869 1864; x_wconf 76' lang='lat'>4</span> <span class='ocrx_word' id='word_1_457' title='bbox 892 1835 1128 1866; x_wconf 77' lang='lat' dir='ltr'>Contrebienses.</span> <span class='ocrx_word' id='word_1_458' title='bbox 1175 1835 1360 1872; x_wconf 86' lang='lat' dir='ltr'>Contrebia,</span> <span class='ocrx_word' id='word_1_459' title='bbox 1378 1836 1454 1865; x_wconf 88' lang='lat' dir='ltr'>urbs</span> <span class='ocrx_word' id='word_1_460' title='bbox 1473 1836 1517 1864; x_wconf 90' lang='lat' dir='ltr'>ei-</span> 
     </span>
    </p>
   </div>
   <div class='ocr_carea' id='block_1_5' title="bbox 1267 1577 1519 1616">
    <p class='ocr_par' dir='ltr' id='par_1_9' title="bbox 1267 1577 1519 1616">
     <span class='ocr_line' id='line_1_81' title="bbox 1267 1577 1519 1616; baseline 0 -9"><span class='ocrx_word' id='word_1_461' title='bbox 1267 1578 1282 1607; x_wconf 94' lang='lat'>1</span> <span class='ocrx_word' id='word_1_462' title='bbox 1285 1587 1342 1616; x_wconf 87' lang='lat' dir='ltr'>pso</span> <span class='ocrx_word' id='word_1_463' title='bbox 1376 1577 1519 1608; x_wconf 83' lang='lat' dir='ltr'>Sertorio</span> 
     </span>
    </p>
   </div>
   <div class='ocr_carea' id='block_1_6' title="bbox 793 1878 1515 2860">
    <p class='ocr_par' dir='ltr' id='par_1_10' title="bbox 804 1878 1515 1958">
     <span class='ocr_line' id='line_1_82' title="bbox 804 1878 1515 1917; baseline 0 -10"><span class='ocrx_word' id='word_1_464' title='bbox 804 1878 929 1908; x_wconf 86' lang='lat' dir='ltr'>terioris</span> <span class='ocrx_word' id='word_1_465' title='bbox 953 1880 1133 1917; x_wconf 65' lang='lat' dir='ltr'>Hispanum,</span> <span class='ocrx_word' id='word_1_466' title='bbox 1165 1887 1220 1908; x_wconf 87' lang='lat' dir='ltr'>seu</span> <span class='ocrx_word' id='word_1_467' title='bbox 1257 1878 1515 1916; x_wconf 85' lang='lat' dir='ltr'>Tarraconensis,</span> 
     </span>
     <span class='ocr_line' id='line_1_83' title="bbox 804 1921 1421 1958; baseline 0 -8"><span class='ocrx_word' id='word_1_468' title='bbox 804 1930 890 1950; x_wconf 88' lang='lat' dir='ltr'>nunc</span> <span class='ocrx_word' id='word_1_469' title='bbox 906 1921 1020 1952; x_wconf 83' lang='lat' dir='ltr'>Santa-</span> <span class='ocrx_word' id='word_1_470' title='bbox 1030 1923 1116 1958; x_wconf 83' lang='lat' dir='ltr'>Vert,</span> <span class='ocrx_word' id='word_1_471' title='bbox 1132 1922 1208 1951; x_wconf 73' lang='lat' dir='ltr'>(lans</span> <span class='ocrx_word' id='word_1_472' title='bbox 1223 1921 1256 1951; x_wconf 85' lang='lat' dir='ltr'>la</span> <span class='ocrx_word' id='word_1_473' title='bbox 1271 1921 1421 1950; x_wconf 73' lang='lat' dir='ltr'>Mancha-</span> 
     </span>
    </p>

    <p class='ocr_par' dir='ltr' id='par_1_11' title="bbox 793 1964 1515 2303">
     <span class='ocr_line' id='line_1_84' title="bbox 846 1964 1515 2004; baseline 0 -11"><span class='ocrx_word' id='word_1_474' title='bbox 846 1964 866 1993; x_wconf 86' lang='lat'><em>5</em></span> <span class='ocrx_word' id='word_1_475' title='bbox 889 1964 928 1993; x_wconf 91' lang='lat' dir='ltr'>L.</span> <span class='ocrx_word' id='word_1_476' title='bbox 950 1965 1050 2004; x_wconf 82' lang='lat' dir='ltr'>(forte</span> <span class='ocrx_word' id='word_1_477' title='bbox 1060 1966 1165 2004; x_wconf 79' lang='lat' dir='ltr'>potius</span> <span class='ocrx_word' id='word_1_478' title='bbox 1183 1965 1269 2000; x_wconf 75' lang='lat' dir='ltr'>Caio)</span> <span class='ocrx_word' id='word_1_479' title='bbox 1290 1964 1419 2001; x_wconf 80' lang='lat' dir='ltr'>Jnstelo,</span> <span class='ocrx_word' id='word_1_480' title='bbox 1432 1973 1515 2002; x_wconf 80' lang='lat' dir='ltr'>prae·</span> 
     </span>
     <span class='ocr_line' id='line_1_85' title="bbox 793 2006 1515 2046; baseline 0.001 -10"><span class='ocrx_word' id='word_1_481' title='bbox 793 2006 877 2046; x_wconf 76' lang='lat' dir='ltr'>fecto</span> <span class='ocrx_word' id='word_1_482' title='bbox 892 2010 1037 2045; x_wconf 73' lang='lat' dir='ltr'>equitum.</span> <span class='ocrx_word' id='word_1_483' title='bbox 1084 2009 1116 2037; x_wconf 88' lang='lat' dir='ltr'>Is</span> <span class='ocrx_word' id='word_1_484' title='bbox 1139 2007 1219 2037; x_wconf 91' lang='lat' dir='ltr'>mihi</span> <span class='ocrx_word' id='word_1_485' title='bbox 1234 2008 1362 2036; x_wconf 84' lang='lat' dir='ltr'>videtur</span> <span class='ocrx_word' id='word_1_486' title='bbox 1383 2016 1451 2037; x_wconf 87' lang='lat' dir='ltr'>esse</span> <span class='ocrx_word' id='word_1_487' title='bbox 1474 2008 1515 2038; x_wconf 90' lang='lat' dir='ltr'>G.</span> 
     </span>
     <span class='ocr_line' id='line_1_86' title="bbox 804 2050 1515 2089; baseline 0.003 -11"><span class='ocrx_word' id='word_1_488' title='bbox 804 2050 956 2088; x_wconf 86' lang='lat' dir='ltr'>Instelus,</span> <span class='ocrx_word' id='word_1_489' title='bbox 979 2052 1149 2089; x_wconf 75' lang='lat' dir='ltr'>praefectus</span> <span class='ocrx_word' id='word_1_490' title='bbox 1172 2050 1330 2089; x_wconf 90' lang='lat' dir='ltr'>equitum,</span> <span class='ocrx_word' id='word_1_491' title='bbox 1354 2050 1409 2087; x_wconf 92' lang='lat' dir='ltr'>qui</span> <span class='ocrx_word' id='word_1_492' title='bbox 1431 2050 1515 2080; x_wconf 86' lang='lat' dir='ltr'>infra</span> 
     </span>
     <span class='ocr_line' id='line_1_87' title="bbox 803 2093 1512 2128; baseline 0.003 -8"><span class='ocrx_word' id='word_1_493' title='bbox 803 2100 1009 2123; x_wconf 86' lang='lat' dir='ltr'>memoratur.</span> <span class='ocrx_word' id='word_1_494' title='bbox 1045 2094 1196 2123; x_wconf 86' lang='lat' dir='ltr'>Proclivis</span> <span class='ocrx_word' id='word_1_495' title='bbox 1210 2097 1318 2122; x_wconf 83' lang='lat' dir='ltr'>autem</span> <span class='ocrx_word' id='word_1_496' title='bbox 1336 2093 1398 2121; x_wconf 85' lang='lat' dir='ltr'>fuit</span> <span class='ocrx_word' id='word_1_497' title='bbox 1413 2102 1512 2128; x_wconf 88' lang='lat' dir='ltr'>error,</span> 
     </span>
     <span class='ocr_line' id='line_1_88' title="bbox 803 2136 1511 2175; baseline 0.001 -11"><span class='ocrx_word' id='word_1_498' title='bbox 803 2140 838 2164; x_wconf 91' lang='lat' dir='ltr'>ut</span> <span class='ocrx_word' id='word_1_499' title='bbox 855 2137 889 2165; x_wconf 88' lang='lat' dir='ltr'>L.</span> <span class='ocrx_word' id='word_1_500' title='bbox 905 2145 962 2175; x_wconf 84' lang='lat' dir='ltr'>pro</span> <span class='ocrx_word' id='word_1_501' title='bbox 977 2138 1010 2166; x_wconf 90' lang='lat' dir='ltr'>C.</span> <span class='ocrx_word' id='word_1_502' title='bbox 1028 2137 1170 2166; x_wconf 83' lang='lat' dir='ltr'>maxime</span> <span class='ocrx_word' id='word_1_503' title='bbox 1193 2137 1224 2165; x_wconf 87' lang='lat' dir='ltr'>in</span> <span class='ocrx_word' id='word_1_504' title='bbox 1242 2136 1359 2164; x_wconf 83' lang='lat' dir='ltr'>unciali</span> <span class='ocrx_word' id='word_1_505' title='bbox 1383 2136 1511 2165; x_wconf 86' lang='lat' dir='ltr'>charac—</span> 
     </span>
     <span class='ocr_line' id='line_1_89' title="bbox 803 2178 1510 2218; baseline 0.001 -12"><span class='ocrx_word' id='word_1_506' title='bbox 803 2183 882 2215; x_wconf 83' lang='lat' dir='ltr'>tere,</span> <span class='ocrx_word' id='word_1_507' title='bbox 897 2189 932 2209; x_wconf 89' lang='lat' dir='ltr'>ac</span> <span class='ocrx_word' id='word_1_508' title='bbox 948 2178 1064 2209; x_wconf 85' lang='lat' dir='ltr'>detrito</span> <span class='ocrx_word' id='word_1_509' title='bbox 1081 2181 1246 2218; x_wconf 83' lang='lat' dir='ltr'>legeretur.</span> <span class='ocrx_word' id='word_1_510' title='bbox 1273 2178 1306 2207; x_wconf 80' lang='lat' dir='ltr'>Si</span> <span class='ocrx_word' id='word_1_511' title='bbox 1319 2178 1356 2206; x_wconf 85' lang='lat' dir='ltr'>L.</span> <span class='ocrx_word' id='word_1_512' title='bbox 1371 2178 1510 2208; x_wconf 88' lang='lat' dir='ltr'>Instelus</span> 
     </span>
     <span class='ocr_line' id='line_1_90' title="bbox 801 2220 1510 2262; baseline 0 -13"><span class='ocrx_word' id='word_1_513' title='bbox 801 2221 955 2259; x_wconf 85' lang='lat' dir='ltr'>legendus</span> <span class='ocrx_word' id='word_1_514' title='bbox 971 2227 1029 2257; x_wconf 87' lang='lat' dir='ltr'>est,</span> <span class='ocrx_word' id='word_1_515' title='bbox 1048 2232 1120 2260; x_wconf 82' lang='lat' dir='ltr'>quae</span> <span class='ocrx_word' id='word_1_516' title='bbox 1136 2223 1176 2251; x_wconf 88' lang='lat' dir='ltr'>sit</span> <span class='ocrx_word' id='word_1_517' title='bbox 1190 2220 1258 2262; x_wconf 87' lang='lat' dir='ltr'>ejus</span> <span class='ocrx_word' id='word_1_518' title='bbox 1273 2221 1411 2259; x_wconf 85' lang='lat' dir='ltr'>dignitas</span> <span class='ocrx_word' id='word_1_519' title='bbox 1424 2221 1510 2250; x_wconf 81' lang='lat' dir='ltr'>mili-</span> 
     </span>
     <span class='ocr_line' id='line_1_91' title="bbox 802 2264 1067 2303; baseline 0.008 -11"><span class='ocrx_word' id='word_1_520' title='bbox 802 2264 878 2292; x_wconf 87' lang='lat' dir='ltr'>taris</span> <span class='ocrx_word' id='word_1_521' title='bbox 894 2266 1067 2303; x_wconf 77' lang='lat' dir='ltr'>ignoratur.</span> 
     </span>
    </p>

    <p class='ocr_par' dir='ltr' id='par_1_12' title="bbox 793 2305 1509 2860">
     <span class='ocr_line' id='line_1_92' title="bbox 843 2305 1509 2345; baseline 0 -9"><span class='ocrx_word' id='word_1_522' title='bbox 843 2307 863 2336; x_wconf 87' lang='lat'>6</span> <span class='ocrx_word' id='word_1_523' title='bbox 886 2308 1176 2345; x_wconf 71' lang='lat' dir='ltr'>Hibcrumflumen.</span> <span class='ocrx_word' id='word_1_524' title='bbox 1221 2307 1318 2336; x_wconf 90' lang='lat' dir='ltr'>Nunc</span> <span class='ocrx_word' id='word_1_525' title='bbox 1331 2305 1414 2335; x_wconf 81' lang='lat' dir='ltr'>Ebro</span> <span class='ocrx_word' id='word_1_526' title='bbox 1429 2306 1509 2336; x_wconf 88' lang='lat' dir='ltr'>dici-</span> 
     </span>
     <span class='ocr_line' id='line_1_93' title="bbox 801 2348 1507 2389; baseline 0 -11"><span class='ocrx_word' id='word_1_527' title='bbox 801 2353 872 2385; x_wconf 88' lang='lat' dir='ltr'>tur;</span> <span class='ocrx_word' id='word_1_528' title='bbox 897 2352 937 2380; x_wconf 87' lang='lat' dir='ltr'>de</span> <span class='ocrx_word' id='word_1_529' title='bbox 953 2360 1016 2389; x_wconf 89' lang='lat' dir='ltr'>quo</span> <span class='ocrx_word' id='word_1_530' title='bbox 1036 2352 1158 2380; x_wconf 87' lang='lat' dir='ltr'>Plinius</span> <span class='ocrx_word' id='word_1_531' title='bbox 1175 2350 1239 2379; x_wconf 84' lang='lat'>111.</span> <span class='ocrx_word' id='word_1_532' title='bbox 1255 2348 1286 2377; x_wconf 88' lang='grc'>3.</span> <span class='ocrx_word' id='word_1_533' title='bbox 1317 2348 1426 2378; x_wconf 80' lang='lat' dir='ltr'>Iberus</span> <span class='ocrx_word' id='word_1_534' title='bbox 1442 2358 1507 2378; x_wconf 82' lang='lat' dir='ltr'>am-</span> 
     </span>
     <span class='ocr_line' id='line_1_94' title="bbox 800 2391 1508 2432; baseline 0.004 -11"><span class='ocrx_word' id='word_1_535' title='bbox 800 2394 850 2421; x_wconf 76' lang='lat' dir='ltr'>nis</span> <span class='ocrx_word' id='word_1_536' title='bbox 866 2394 1036 2432; x_wconf 72' lang='lat' dir='ltr'>navigabili</span> <span class='ocrx_word' id='word_1_537' title='bbox 1058 2394 1234 2422; x_wconf 78' lang='lat' dir='ltr'>commercio</span> <span class='ocrx_word' id='word_1_538' title='bbox 1256 2391 1351 2424; x_wconf 72' lang='lat' dir='ltr'>dives.</span> <span class='ocrx_word' id='word_1_539' title='bbox 1366 2393 1452 2420; x_wconf 63' lang='lat' dir='ltr'>orsu-⁹</span> <span class='ocrx_word' id='word_1_540' title='bbox 1474 2393 1508 2420; x_wconf 68' lang='lat'>5⁷2</span> 
     </span>
     <span class='ocr_line' id='line_1_95' title="bbox 801 2433 1507 2474; baseline -0.003 -9"><span class='ocrx_word' id='word_1_541' title='bbox 801 2436 978 2471; x_wconf 73' lang='lat' dir='ltr'>Cantabris,</span> <span class='ocrx_word' id='word_1_542' title='bbox 990 2436 1072 2465; x_wconf 79' lang='lat' dir='ltr'>haud</span> <span class='ocrx_word' id='word_1_543' title='bbox 1084 2435 1190 2473; x_wconf 78' lang='lat' dir='ltr'>procul</span> <span class='ocrx_word' id='word_1_544' title='bbox 1200 2434 1307 2474; x_wconf 79' lang='lat' dir='ltr'>oppido</span> <span class='ocrx_word' id='word_1_545' title='bbox 1320 2433 1507 2470; x_wconf 72' lang='lat' dir='ltr'>Juliobrica‚</span> 
     </span>
     <span class='ocr_line' id='line_1_96' title="bbox 800 2478 1508 2519; baseline -0.001 -12"><span class='ocrx_word' id='word_1_546' title='bbox 800 2488 886 2509; x_wconf 90' lang='lat' dir='ltr'>nunc</span> <span class='ocrx_word' id='word_1_547' title='bbox 916 2479 1029 2519; x_wconf 81' lang='lat' dir='ltr'>fuente</span> <span class='ocrx_word' id='word_1_548' title='bbox 1054 2478 1189 2515; x_wconf 83' lang='lat' dir='ltr'>d’Ivero,</span> <span class='ocrx_word' id='word_1_549' title='bbox 1209 2487 1269 2517; x_wconf 82' lang='lat' dir='ltr'>per</span> <span class='ocrx_word' id='word_1_550' title='bbox 1299 2484 1426 2507; x_wconf 75' lang='grc'>00001..</span> <span class='ocrx_word' id='word_1_551' title='bbox 1469 2485 1508 2506; x_wconf 81' lang='grc' dir='ltr'>Μ.</span> 
     </span>
     <span class='ocr_line' id='line_1_97' title="bbox 793 2523 1507 2560; baseline 0 -11"><span class='ocrx_word' id='word_1_552' title='bbox 793 2531 875 2560; x_wconf 77' lang='lat' dir='ltr'>pass.</span> <span class='ocrx_word' id='word_1_553' title='bbox 896 2524 1022 2560; x_wconf 78' lang='lat' dir='ltr'>fluens:</span> <span class='ocrx_word' id='word_1_554' title='bbox 1061 2523 1187 2551; x_wconf 74' lang='lat' dir='ltr'>navium</span> <span class='ocrx_word' id='word_1_555' title='bbox 1206 2530 1262 2560; x_wconf 82' lang='lat' dir='ltr'>per</span> <span class='ocrx_word' id='word_1_556' title='bbox 1292 2527 1395 2550; x_wconf 68' lang='lat' dir='ltr'>ccxl..</span> <span class='ocrx_word' id='word_1_557' title='bbox 1419 2527 1458 2548; x_wconf 82' lang='grc' dir='ltr'>Μ.</span> <span class='ocrx_word' id='word_1_558' title='bbox 1486 2531 1507 2549; x_wconf 84' lang='grc' dir='ltr'><em>α</em></span> 
     </span>
     <span class='ocr_line' id='line_1_98' title="bbox 802 2563 1507 2603; baseline -0.003 -10"><span class='ocrx_word' id='word_1_559' title='bbox 802 2564 900 2593; x_wconf 78' lang='lat' dir='ltr'>Varia</span> <span class='ocrx_word' id='word_1_560' title='bbox 926 2565 1046 2603; x_wconf 80' lang='lat' dir='ltr'>oppido,</span> <span class='ocrx_word' id='word_1_561' title='bbox 1073 2573 1159 2594; x_wconf 91' lang='lat' dir='ltr'>nunc</span> <span class='ocrx_word' id='word_1_562' title='bbox 1188 2563 1343 2602; x_wconf 72' lang='lat' dir='ltr'>Logr0170‚</span> <span class='ocrx_word' id='word_1_563' title='bbox 1373 2564 1413 2592; x_wconf 88' lang='lat' dir='ltr'>de</span> <span class='ocrx_word' id='word_1_564' title='bbox 1442 2571 1507 2600; x_wconf 92' lang='lat' dir='ltr'>quo</span> 
     </span>
     <span class='ocr_line' id='line_1_99' title="bbox 797 2608 1508 2645; baseline -0.007 -9"><span class='ocrx_word' id='word_1_565' title='bbox 797 2608 880 2637; x_wconf 87' lang='lat' dir='ltr'>infra</span> <span class='ocrx_word' id='word_1_566' title='bbox 906 2609 1010 2638; x_wconf 88' lang='lat' dir='ltr'>adhuc</span> <span class='ocrx_word' id='word_1_567' title='bbox 1025 2609 1160 2644; x_wconf 88' lang='lat' dir='ltr'>dicetur,</span> <span class='ocrx_word' id='word_1_568' title='bbox 1177 2615 1284 2645; x_wconf 72' lang='lat' dir='ltr'>capax,</span> <span class='ocrx_word' id='word_1_569' title='bbox 1308 2614 1394 2643; x_wconf 81' lang='lat' dir='ltr'>quem</span> <span class='ocrx_word' id='word_1_570' title='bbox 1413 2614 1508 2643; x_wconf 83' lang='lat' dir='ltr'>prop-</span> 
     </span>
     <span class='ocr_line' id='line_1_100' title="bbox 797 2647 1506 2688; baseline -0.006 -9"><span class='ocrx_word' id='word_1_571' title='bbox 797 2653 844 2679; x_wconf 80' lang='lat' dir='ltr'>ter</span> <span class='ocrx_word' id='word_1_572' title='bbox 860 2653 1037 2681; x_wconf 73' lang='lat' dir='ltr'>universam</span> <span class='ocrx_word' id='word_1_573' title='bbox 1059 2651 1252 2688; x_wconf 78' lang='lat' dir='ltr'>Hispaniam</span> <span class='ocrx_word' id='word_1_574' title='bbox 1276 2647 1380 2677; x_wconf 77' lang='lat' dir='ltr'>Graeci</span> <span class='ocrx_word' id='word_1_575' title='bbox 1402 2648 1506 2686; x_wconf 76' lang='lat' dir='ltr'>appel-</span> 
     </span>
     <span class='ocr_line' id='line_1_101' title="bbox 795 2690 1505 2729; baseline -0.003 -8"><span class='ocrx_word' id='word_1_576' title='bbox 795 2693 894 2724; x_wconf 80' lang='lat' dir='ltr'>lavere</span> <span class='ocrx_word' id='word_1_577' title='bbox 907 2695 1050 2724; x_wconf 73' lang='lat' dir='ltr'>Iberiam.</span> <span class='ocrx_word' id='word_1_578' title='bbox 1097 2692 1215 2722; x_wconf 86' lang='lat' dir='ltr'>Videre</span> <span class='ocrx_word' id='word_1_579' title='bbox 1230 2695 1277 2721; x_wconf 85' lang='lat' dir='ltr'>est</span> <span class='ocrx_word' id='word_1_580' title='bbox 1298 2690 1383 2729; x_wconf 87' lang='lat' dir='ltr'>apud</span> <span class='ocrx_word' id='word_1_581' title='bbox 1398 2691 1505 2720; x_wconf 81' lang='lat' dir='ltr'>erudi-</span> 
     </span>
     <span class='ocr_line' id='line_1_102' title="bbox 796 2731 1504 2771; baseline -0.007 -4"><span class='ocrx_word' id='word_1_582' title='bbox 796 2742 866 2766; x_wconf 88' lang='lat' dir='ltr'>tum</span> <span class='ocrx_word' id='word_1_583' title='bbox 892 2737 1016 2770; x_wconf 81' lang='lat' dir='ltr'>Florez,</span> <span class='ocrx_word' id='word_1_584' title='bbox 1033 2735 1188 2766; x_wconf 77' lang='lat' dir='ltr'>Medallas</span> <span class='ocrx_word' id='word_1_585' title='bbox 1210 2734 1245 2763; x_wconf 80' lang='lat' dir='ltr'>de</span> <span class='ocrx_word' id='word_1_586' title='bbox 1267 2731 1406 2771; x_wconf 76' lang='lat' dir='ltr'>Espar‘ia‚</span> <span class='ocrx_word' id='word_1_587' title='bbox 1424 2732 1504 2762; x_wconf 80' lang='lat' dir='ltr'>Tab-</span> 
     </span>
     <span class='ocr_line' id='line_1_103' title="bbox 796 2776 1506 2814; baseline -0.008 -5"><span class='ocrx_word' id='word_1_588' title='bbox 796 2779 870 2811; x_wconf 90' lang='lat' dir='ltr'>L11.</span> <span class='ocrx_word' id='word_1_589' title='bbox 893 2789 981 2810; x_wconf 90' lang='lat' dir='ltr'>num.</span> <span class='ocrx_word' id='word_1_590' title='bbox 1002 2779 1050 2808; x_wconf 80' lang='lat'>12.</span> <span class='ocrx_word' id='word_1_591' title='bbox 1067 2778 1265 2807; x_wconf 68' lang='lat' dir='ltr'>rarissimum</span> <span class='ocrx_word' id='word_1_592' title='bbox 1282 2776 1506 2814; x_wconf 82' lang='lat' dir='ltr'>insignemque</span> 
     </span>
     <span class='ocr_line' id='line_1_104' title="bbox 797 2819 1504 2860; baseline -0.007 -8"><span class='ocrx_word' id='word_1_593' title='bbox 797 2832 982 2859; x_wconf 84' lang='lat' dir='ltr'>nummum,</span> <span class='ocrx_word' id='word_1_594' title='bbox 1002 2822 1033 2851; x_wconf 83' lang='lat' dir='ltr'>in</span> <span class='ocrx_word' id='word_1_595' title='bbox 1048 2831 1110 2860; x_wconf 85' lang='lat' dir='ltr'>quo</span> <span class='ocrx_word' id='word_1_596' title='bbox 1126 2824 1222 2859; x_wconf 84' lang='lat' dir='ltr'>caput</span> <span class='ocrx_word' id='word_1_597' title='bbox 1242 2819 1381 2850; x_wconf 82' lang='lat' dir='ltr'>hominis</span> <span class='ocrx_word' id='word_1_598' title='bbox 1397 2827 1435 2848; x_wconf 83' lang='lat' dir='ltr'>ex</span> <span class='ocrx_word' id='word_1_599' title='bbox 1452 2827 1504 2848; x_wconf 86' lang='lat' dir='ltr'>ore</span> 
     </span>
    </p>
   </div>
  </div>
 </body>
</html>
