1826 3149
529 232 608 294 Τ.
655 232 911 295 LIVlI
963 232 1218 296 PATA
1237 232 1455 296 VINI

730 365 1005 415 LIBER
1061 365 1251 415 XLIV.

860 515 1123 539 ,⁴sp—

80 643 119 674 U.
135 643 169 673 C.
183 645 256 676 583.
292 620 628 674 PRINCIPIO
658 630 779 682 veris,
820 630 934 687 quod
974 630 1149 671 hiemem
1189 644 1294 680 eam,
1329 644 1414 686 qua
1451 630 1539 671 haec
1578 639 1697 685 gesta

77 686 116 716 Α·
131 687 167 717 C·
186 688 254 717 169.
290 697 401 738 sunt,
423 689 654 729 insecutum
683 695 759 737 est,
782 687 834 728 ab
860 688 995 727 Roma
1023 688 1234 742 profectus
1256 689 1304 737 Q.
1328 686 1514 728 Marcius
1538 686 1698 742 Philip-

320 761 368 786 us
388 745 530 785 consul
558 744 675 785 ¹cum
695 744 881 800 quinque
908 743 1090 784 millibus
1113 743 1148 795 (2
1161 745 1275 799 quod
1296 744 1337 784 in
1359 744 1693 800 supplementum

289 760 497 856 legionum
518 817 655 842 secum
676 801 926 857 trajecturus
946 803 1053 855 erat)
1078 801 1347 842 Brundisium
1368 801 1568 856 pervenit.
1629 801 1693 840 M.

289 858 491 913 Popillius
521 858 745 899 consularis
765 856 834 898 ³et
865 857 932 897 alii
962 857 1052 912 pari
1082 857 1296 898 nobilitate
1326 857 1602 898 adolescentes
1623 857 1695 898 tri-

286 914 389 955 buni
418 914 597 956 militum
618 914 660 955 in
682 913 973 954 Macedonicas
1002 913 1182 968 legiones
1202 914 1411 954 consulem
1432 914 1561 954 secuti
1582 921 1693 954 sunt.

288 972 369 1011 Per
388 987 457 1012 eos
478 971 564 1012 dies
594 979 634 1013 et
658 972 705 1012 C.
730 970 916 1011 Marcius
938 969 1116 1026 Figulus
1144 978 1315 1026 praetor,
1338 970 1404 1011 cui
1434 970 1572 1011 classis
1600 985 1695 1025 pro-

286 1027 420 1069 vincia
448 1036 653 1078 evenerat,
677 1027 948 1068 Brundisium
978 1026 1114 1067 venit:
1147 1034 1188 1068 et
1219 1026 1340 1068 simul
1370 1041 1421 1067 ex
1448 1026 1573 1067 Italia
1600 1041 1695 1082 pro-

285 1084 398 1134 fecti,
423 1085 646 1140 Corcyram
668 1084 797 1124 altero
817 1083 898 1133 die,
916 1082 1039 1124 tertio
1060 1083 1234 1124 Actium
1255 1083 1502 1124 Acarnaniae
1522 1091 1691 1139 portum

287 1149 522 1181 tenuerunt.
586 1140 690 1181 Inde
725 1140 882 1189 consul,
918 1139 971 1180 ad
1007 1140 1273 1181 Ambraciam
1309 1155 1512 1196 egressus,
1547 1139 1694 1181 itinere

285 1197 468 1239 terrestri
497 1197 602 1253 petit
633 1196 902 1237 Thessaliam.
963 1197 1141 1247 Praetor,
1170 1205 1364 1252 superato
1389 1197 1589 1247 Leucata,
1614 1198 1694 1237 Co-

282 1254 484 1295 rinthium
515 1254 649 1294 sinum
679 1253 880 1302 invectus,
911 1261 952 1294 et
979 1254 1147 1294 Cre'usae
1177 1253 1329 1295 relictis
1360 1253 1550 1303 navibus,
1582 1261 1694 1294 terra

280 1318 321 1351 et
358 1310 445 1366 ipse
479 1325 553 1366 per
587 1310 764 1350 mediam
801 1309 1006 1350 Boeotiam
1040 1309 1121 1350 diei
1153 1310 1278 1351 unius
1311 1310 1506 1366 expedito
1545 1309 1691 1351 itinere

282 1366 522 1407 Chalcidem
562 1367 615 1408 ad
656 1367 822 1407 classem
859 1365 1083 1407 contendit.
1146 1368 1295 1407 Castra
1327 1382 1376 1407 eo
1411 1374 1596 1423 tempore
1632 1368 1687 1407 A.

280 1422 488 1464 Hostilius
517 1422 559 1463 in
582 1422 800 1463 Thessalia
825 1422 933 1463 circa
959 1422 1314 1478 Palaepharsalum
1344 1423 1550 1470 habebat;
1583 1423 1690 1464 sicut

281 1479 394 1519 nulla
413 1494 457 1520 re
477 1479 625 1520 bellica
643 1479 898 1520 memorabili
926 1487 1057 1535 gesta,
1078 1480 1138 1520 ita
1156 1478 1172 1502 ‘¹
1184 1479 1238 1520 ad
1258 1488 1450 1521 cunctam
1470 1479 1689 1521 militarem

280 1535 537 1592 disciplinam
554 1536 606 1577 ab
620 1536 751 1576 effusa
769 1534 934 1577 licentia
948 1536 1127 1577 formato
1146 1536 1292 1587 milite,
1309 1544 1350 1578 et
1365 1536 1483 1577 sociis
1499 1552 1594 1577 cum
1607 1537 1689 1577 fide

279 1592 417 1642 cultis,
438 1600 479 1633 et
509 1593 561 1633 ab
588 1592 699 1633 omni
731 1607 880 1647 genere
905 1592 1068 1647 injuriae
1088 1593 1278 1634 defensis.
1339 1593 1503 1634 Audito
1533 1609 1691 1635 succes-

280 1648 381 1689 soris
401 1648 599 1698 adventu,
622 1663 754 1704 quum
781 1663 908 1699 arma,
931 1648 1055 1699 viros,
1077 1664 1206 1704 equos
1226 1663 1322 1690 cum
1341 1665 1443 1690 cura
1461 1648 1478 1673 ⁵
1491 1649 1690 1705 inspexis-

281 1712 356 1754 set,
377 1712 523 1746 ornato
555 1704 739 1746 exercitu
769 1705 932 1746 obviam
961 1705 1141 1746 venienti
1171 1705 1328 1747 consuli
1358 1699 1568 1762 procesfflt.
1629 1708 1689 1748 Et

280 1761 438 1815 primus
467 1777 610 1802 eorum
643 1777 886 1817 congressus
917 1776 967 1802 ex
993 1761 1196 1817 dignitate
1225 1762 1410 1819 ipsorum
1439 1778 1487 1803 ac
1509 1763 1688 1805 Romani

279 1817 469 1868 nominis,
500 1818 569 1859 6et
602 1817 643 1859 in
675 1819 799 1859 rebus
828 1818 977 1859 deinde
1011 1819 1202 1874 gerendis
1217 1821 1253 1860 ἥ
1314 1819 1542 1861 Proconsul
1578 1820 1686 1862 enim

75 867 214 899 Marcius

77 911 148 940 (los.
165 917 195 942 et

76 953 214 984 Marcius

74 1003 183 1035 praetor
199 1003 260 1028 tra-

70 1037 182 1077 jiciunt
198 1040 228 1070 in

76 1081 241 1114 Graeciam.

322 1927 337 1956 1
364 1927 438 1956 Cum
460 1928 584 1966 quinque
605 1926 747 1967 millibus]
771 1926 867 1957 Deest
889 1938 958 1969 pro-

277 1967 356 1999 fecto
378 1969 426 2000 hic
449 1968 577 2010 aliquid.
621 1970 776 2000 Numerus
799 1970 881 2000 enim
903 1970 958 2001 ab·

276 2011 374 2042 solute
400 2017 430 2042 et
457 2022 510 2052 per
535 2022 578 2047 se,
602 2022 662 2042 non
689 2012 811 2053 adjecta
835 2022 867 2043 re
890 2023 958 2054 quae

276 2060 460 2089 numeretur,
483 2060 563 2086 stare
588 2065 619 2085 ln
646 2055 781 2086 oratione
807 2065 867 2086 non
891 2061 958 2097 pot—

274 2101 332 2129 est.
376 2097 436 2128 Sed
467 2103 498 2128 ot
526 2108 672 2128 numerus
704 2097 769 2139 ipse
798 2097 855 2129 hoe
891 2099 957 2130 loco

275 2138 394 2169 videtur
426 2137 550 2171 vitiatus
586 2150 663 2176 esse,
690 2151 785 2181 quum
816 2151 908 2182 supra
935 2141 957 2172 l.

275 2181 402 2212 XLIII.
430 2192 457 2212 c.
488 2184 536 2213 12.
580 2183 746 2214 decreverit
772 2190 896 2214 senatus
926 2185 957 2215 in

273 2224 521 2266 supplementum
565 2226 761 2257 Macedonici
808 2227 957 2258 exercitus

269 2268 402 2305 peditum
437 2268 631 2299 Romanorum
662 2280 708 2300 sea:
740 2269 844 2305 millia,
871 2272 956 2299 socio-

271 2320 339 2339 rum
365 2313 487 2341 nominis
514 2312 616 2342 Latini
643 2323 687 2342 ser
714 2313 825 2342 millia.-
853 2314 958 2352 equites

274 2351 416 2383 Romanos
449 2355 583 2384 ducentos
615 2356 839 2396 quinquaginta,
874 2357 958 2386 socios

273 2400 418 2426 trecentos.

281 2436 284 2438 ’
313 2438 335 2467 2
359 2436 442 2472 Quod
463 2439 495 2468 in
516 2439 758 2481 supplementum]
782 2439 863 2470 Dele
885 2450 956 2471 cum

273 2480 428 2511 Gronovio
441 2481 582 2512 voculam
600 2483 642 2517 in,
658 2486 689 2513 et
712 2482 780 2523 lege
794 2484 867 2522 quod
889 2493 955 2522 sup-

268 2524 453 2561 plementum.

314 2566 333 2595 3
359 2566 397 2596 Et
431 2567 484 2596 alii
516 2567 585 2604 pari
617 2567 764 2596 nobilitate
796 2568 955 2598 adolescen-

271 2608 325 2648 tes]
370 2609 408 2639 Et
440 2609 494 2639 (ιῖἰί
522 2610 590 2647 pari
621 2609 778 2643 mobilitate,
807 2609 860 2639 sed
894 2620 955 2640 non

272 2651 336 2690 pari
365 2656 466 2686 aetate,
494 2651 607 2693 quippe
636 2652 830 2686 adolescentes,
859 2662 954 2692 quum

272 2694 320 2722 M.
345 2694 493 2735 Popillius
517 2693 684 2724 consularis
707 2699 796 2729 esset,
825 2704 859 2724 ac
886 2706 952 2735 pro<

272 2735 343 2765 inde
359 2742 483 2768 maturae
494 2737 559 2777 jam
574 2736 683 2768 aetatis.

318 2779 335 2806 4
373 2780 415 2808 ald
457 2786 592 2810 (imolam
634 2781 786 2809 militarem
826 2781 952 2818 discipli-

276 2821 357 2861 nam]
392 2821 443 2852 Ad
471 2827 597 2854 cunctas
621 2821 758 2854 militaris
786 2821 953 2863 disciplinae

1024 1933 1115 1959 artes,

1001 1939 1021 1971 p
1044 1973 1064 2002 5
1088 1970 1251 2011 Ῑηερεπὶεεεῑ
1315 1971 1501 2013 Conjectura
1535 1971 1686 2004 Manutii.

1002 2013 1105 2045 Codex
1120 2014 1229 2046 habuit
1242 2016 1381 2045 micuisset.

1044 2057 1064 2086 6
1089 2057 1126 2087 Et
1142 2059 1172 2087 in
1194 2059 1277 2088 rebus
1297 2058 1399 2087 deinde
1418 2057 1567 2099 gerendis]
1592 2058 1685 2089 Hunc

1000 2098 1102 2129 locum
1123 2100 1166 2130 sic
1190 2101 1293 2142 explet
1313 2099 1472 2141 Sigonius:
1496 2106 1522 2130 et
1551 2103 1581 2130 in
1604 2103 1686 2131 rebus

1000 2143 1103 2173 deiude
1134 2145 1267 2185 gerendis
1301 2154 1408 2173 smnme
1438 2144 1520 2174 utilis
1550 2144 1686 2184 Philippo

1000 2187 1110 2216 consuli
1126 2185 1207 2227 fuit.
1253 2186 1410 2216 Proconsul
1438 2187 1513 2217 enim
1540 2188 1578 2216 ad
1605 2198 1683 2217 erer—

1000 2230 1091 2258 citum
1125 2240 1283 2264 conversus,
1314 2240 1378 2258 eum
1409 2230 1448 2259 ad
1477 2240 1537 2258 rem
1558 2228 1684 2270 fortiter

995 2273 1152 2312 gerendam
1192 2273 1321 2302 hortatus
1362 2276 1412 2305 est,
1452 2282 1535 2311 eoque
1573 2274 1683 2302 consuli

999 2316 1107 2344 tradito
1134 2314 1254 2345 Romam
1279 2324 1407 2344 reversus
1436 2321 1486 2345 est.
1529 2314 1589 2344 Sed
1616 2315 1684 2355 quis

999 2355 1109 2388 dixerit
1131 2368 1202 2388 eum
1224 2367 1341 2387 summe
1367 2355 1473 2387 utilem
1495 2355 1566 2386 duci
1591 2356 1683 2388 fuisse

999 2399 1031 2429 in
1065 2400 1155 2431 rebus
1193 2398 1343 2441 gerendis,
1381 2399 1433 2439 qui
1469 2400 1682 2431 tantummodo

999 2440 1136 2473 hortatus
1169 2442 1280 2473 milites
1310 2441 1350 2472 ad
1385 2451 1447 2472 rem
1480 2441 1594 2473 sortiter
1628 2453 1680 2483 ge—

999 2484 1125 2515 rendam
1167 2485 1272 2516 statim
1315 2483 1443 2514 abierit‘!
1502 2483 1682 2516 Omittimus

999 2526 1216 2568 inelegantiam
1255 2526 1406 2562 dictionis,
1443 2531 1474 2557 et
1511 2526 1683 2568 geminatas

999 2569 1101 2600 odiose
1127 2581 1226 2601 voces.
1269 2569 1369 2599 Nobis
1393 2580 1453 2600 non
1478 2570 1555 2601 libet
1580 2569 1680 2601 hario—

999 2611 1054 2641 lari
1077 2612 1107 2641 in
1132 2623 1163 2643 re
1185 2611 1308 2643 omnino
1329 2612 1468 2642 obscura.
1513 2613 1606 2643 Mens
1630 2613 1679 2644 Li-

999 2654 1038 2684 vii
1060 2664 1097 2684 ex
1120 2655 1253 2695 reliquiis
1274 2654 1340 2694 ejus
1362 2665 1421 2684 non
1446 2655 1519 2685 satis
1541 2662 1678 2696 apparet,

1000 2701 1032 2725 ut
1053 2707 1120 2727 eam
1142 2696 1289 2738 expiscari
1316 2707 1403 2737 posse
1425 2697 1599 2735 videamur3
1624 2709 1679 2729 nec

999 2738 1049 2768 alii
1086 2746 1223 2770 auctores
1256 2738 1414 2779 adjuvant.

998 2781 1138 2812 mutilum
1153 2782 1361 2824 relinquimus,

1460 2741 1575 2772 Locum
1608 2752 1680 2783 ergo
