<?xml version="1.0" encoding="UTF-8"?>
<!DOCTYPE html PUBLIC "-//W3C//DTD XHTML 1.0 Transitional//EN"
    "http://www.w3.org/TR/xhtml1/DTD/xhtml1-transitional.dtd">
<html xmlns="http://www.w3.org/1999/xhtml" xml:lang="en" lang="en">
 <head>
  <title>
</title>
<meta http-equiv="Content-Type" content="text/html;charset=utf-8" />
  <meta name='ocr-system' content='tesseract 3.04.00' />
  <meta name='ocr-capabilities' content='ocr_page ocr_carea ocr_par ocr_line ocrx_word'/>
</head>
<body>
  <div class='ocr_page' id='page_1' title='image "./historiarumaburb04livyuoft_0463.png"; bbox 0 0 1805 3174; ppageno 0'>
   <div class='ocr_carea' id='block_1_1' title="bbox 533 62 1482 117">
    <p class='ocr_par' dir='ltr' id='par_1_1' title="bbox 533 62 1482 117">
     <span class='ocr_line' id='line_1_1' title="bbox 533 62 1482 117; baseline -0.003 -7"><span class='ocrx_word' id='word_1_1' title='bbox 533 62 991 110; x_wconf 74' lang='lat' dir='ltr'><strong>PRAEFATIO.</strong></span> <span class='ocrx_word' id='word_1_2' title='bbox 1419 86 1482 117; x_wconf 70' lang='lat' dir='ltr'>xv</span> 
     </span>
    </p>
   </div>
   <div class='ocr_carea' id='block_1_2' title="bbox 43 201 1500 2711">
    <p class='ocr_par' dir='ltr' id='par_1_2' title="bbox 43 201 1483 343">
     <span class='ocr_line' id='line_1_2' title="bbox 43 201 1483 268; baseline 0 -14"><span class='ocrx_word' id='word_1_3' title='bbox 43 221 144 254; x_wconf 89' lang='lat' dir='ltr'>non</span> <span class='ocrx_word' id='word_1_4' title='bbox 158 208 423 268; x_wconf 88' lang='lat' dir='ltr'>potuerunt</span> <span class='ocrx_word' id='word_1_5' title='bbox 446 219 504 251; x_wconf 90' lang='lat' dir='ltr'>ea</span> <span class='ocrx_word' id='word_1_6' title='bbox 526 219 636 266; x_wconf 86' lang='lat' dir='ltr'>quae</span> <span class='ocrx_word' id='word_1_7' title='bbox 662 202 726 250; x_wconf 84' lang='lat' dir='ltr'>ad</span> <span class='ocrx_word' id='word_1_8' title='bbox 743 201 889 264; x_wconf 86' lang='lat' dir='ltr'>hujus</span> <span class='ocrx_word' id='word_1_9' title='bbox 918 203 1145 264; x_wconf 81' lang='lat' dir='ltr'>ejusdem</span> <span class='ocrx_word' id='word_1_10' title='bbox 1169 203 1264 252; x_wconf 91' lang='lat' dir='ltr'>loci</span> <span class='ocrx_word' id='word_1_11' title='bbox 1290 207 1483 254; x_wconf 79' lang='lat' dir='ltr'>calcem</span> 
     </span>
     <span class='ocr_line' id='line_1_3' title="bbox 45 278 1279 343; baseline -0.002 -14"><span class='ocrx_word' id='word_1_12' title='bbox 45 298 74 329; x_wconf 88' lang='lat' dir='ltr'>a</span> <span class='ocrx_word' id='word_1_13' title='bbox 99 281 313 342; x_wconf 88' lang='lat' dir='ltr'>Polybio</span> <span class='ocrx_word' id='word_1_14' title='bbox 339 295 424 343; x_wconf 90' lang='lat' dir='ltr'>pro</span> <span class='ocrx_word' id='word_1_15' title='bbox 449 295 602 326; x_wconf 86' lang='lat' dir='ltr'>causa</span> <span class='ocrx_word' id='word_1_16' title='bbox 628 278 898 326; x_wconf 86' lang='lat' dir='ltr'>Poenorum</span> <span class='ocrx_word' id='word_1_17' title='bbox 924 279 1125 340; x_wconf 87' lang='lat' dir='ltr'>adjecta</span> <span class='ocrx_word' id='word_1_18' title='bbox 1149 287 1279 328; x_wconf 89' lang='lat' dir='ltr'>sunt.</span> 
     </span>
    </p>

    <p class='ocr_par' dir='ltr' id='par_1_3' title="bbox 44 355 1497 1332">
     <span class='ocr_line' id='line_1_4' title="bbox 110 355 1486 419; baseline 0 -15"><span class='ocrx_word' id='word_1_19' title='bbox 110 357 229 404; x_wconf 89' lang='lat' dir='ltr'>Una</span> <span class='ocrx_word' id='word_1_20' title='bbox 272 355 493 404; x_wconf 84' lang='lat' dir='ltr'>defensio</span> <span class='ocrx_word' id='word_1_21' title='bbox 533 355 761 411; x_wconf 87' lang='lat' dir='ltr'>occurrit,</span> <span class='ocrx_word' id='word_1_22' title='bbox 812 355 852 402; x_wconf 88' lang='lat' dir='ltr'>si</span> <span class='ocrx_word' id='word_1_23' title='bbox 891 371 1069 419; x_wconf 82' lang='lat' dir='ltr'><strong>nempe</strong></span> <span class='ocrx_word' id='word_1_24' title='bbox 1106 355 1273 404; x_wconf 88' lang='lat' dir='ltr'>Livius</span> <span class='ocrx_word' id='word_1_25' title='bbox 1314 357 1363 404; x_wconf 93' lang='lat' dir='ltr'>in</span> <span class='ocrx_word' id='word_1_26' title='bbox 1403 358 1486 404; x_wconf 84' lang='lat' dir='ltr'>lib.</span> 
     </span>
     <span class='ocr_line' id='line_1_5' title="bbox 45 431 1490 497; baseline -0.001 -16"><span class='ocrx_word' id='word_1_27' title='bbox 45 433 164 482; x_wconf 88' lang='lat' dir='ltr'>XX.</span> <span class='ocrx_word' id='word_1_28' title='bbox 189 434 272 497; x_wconf 88' lang='lat' dir='ltr'>qui</span> <span class='ocrx_word' id='word_1_29' title='bbox 296 431 556 487; x_wconf 83' lang='lat' dir='ltr'>intercidit,</span> <span class='ocrx_word' id='word_1_30' title='bbox 585 431 654 478; x_wconf 87' lang='lat' dir='ltr'>ita</span> <span class='ocrx_word' id='word_1_31' title='bbox 690 438 969 479; x_wconf 80' lang='lat' dir='ltr'>narraverat</span> <span class='ocrx_word' id='word_1_32' title='bbox 992 450 1051 479; x_wconf 90' lang='lat' dir='ltr'>ea</span> <span class='ocrx_word' id='word_1_33' title='bbox 1074 450 1185 497; x_wconf 81' lang='lat' dir='ltr'>quae</span> <span class='ocrx_word' id='word_1_34' title='bbox 1214 434 1277 480; x_wconf 88' lang='lat' dir='ltr'>ad</span> <span class='ocrx_word' id='word_1_35' title='bbox 1314 433 1490 480; x_wconf 87' lang='lat' dir='ltr'>subac-</span> 
     </span>
     <span class='ocr_line' id='line_1_6' title="bbox 44 507 1492 572; baseline -0.001 -15"><span class='ocrx_word' id='word_1_36' title='bbox 44 516 145 559; x_wconf 86' lang='lat' dir='ltr'>tam</span> <span class='ocrx_word' id='word_1_37' title='bbox 164 527 193 557; x_wconf 86' lang='lat' dir='ltr'>a</span> <span class='ocrx_word' id='word_1_38' title='bbox 214 508 452 557; x_wconf 84' lang='lat' dir='ltr'>Romanis</span> <span class='ocrx_word' id='word_1_39' title='bbox 470 507 750 555; x_wconf 80' lang='lat' dir='ltr'>Sardiniam</span> <span class='ocrx_word' id='word_1_40' title='bbox 772 508 1034 570; x_wconf 86' lang='lat' dir='ltr'>pertinent,</span> <span class='ocrx_word' id='word_1_41' title='bbox 1052 517 1103 556; x_wconf 90' lang='lat' dir='ltr'>ut</span> <span class='ocrx_word' id='word_1_42' title='bbox 1121 509 1233 556; x_wconf 91' lang='lat' dir='ltr'>illos</span> <span class='ocrx_word' id='word_1_43' title='bbox 1249 509 1492 572; x_wconf 86' lang='lat' dir='ltr'>intercep-</span> 
     </span>
     <span class='ocr_line' id='line_1_7' title="bbox 44 583 1492 649; baseline 0 -16"><span class='ocrx_word' id='word_1_44' title='bbox 44 591 105 633; x_wconf 82' lang='lat' dir='ltr'>tae</span> <span class='ocrx_word' id='word_1_45' title='bbox 130 602 217 649; x_wconf 89' lang='lat' dir='ltr'>per</span> <span class='ocrx_word' id='word_1_46' title='bbox 240 585 464 632; x_wconf 86' lang='lat' dir='ltr'>fraudem</span> <span class='ocrx_word' id='word_1_47' title='bbox 501 584 649 644; x_wconf 90' lang='lat' dir='ltr'>hujus</span> <span class='ocrx_word' id='word_1_48' title='bbox 674 583 846 631; x_wconf 84' lang='lat' dir='ltr'>insulae</span> <span class='ocrx_word' id='word_1_49' title='bbox 885 585 1035 647; x_wconf 88' lang='lat' dir='ltr'>culpa</span> <span class='ocrx_word' id='word_1_50' title='bbox 1059 585 1312 633; x_wconf 86' lang='lat' dir='ltr'>liberaret:</span> <span class='ocrx_word' id='word_1_51' title='bbox 1358 587 1492 634; x_wconf 89' lang='lat' dir='ltr'>unde</span> 
     </span>
     <span class='ocr_line' id='line_1_8' title="bbox 46 660 1493 726; baseline 0 -17"><span class='ocrx_word' id='word_1_52' title='bbox 46 668 335 726; x_wconf 79' lang='lat' dir='ltr'><strong>sequeretur</strong></span> <span class='ocrx_word' id='word_1_53' title='bbox 365 677 495 717; x_wconf 90' lang='lat' dir='ltr'>eum,</span> <span class='ocrx_word' id='word_1_54' title='bbox 521 678 632 724; x_wconf 83' lang='lat' dir='ltr'>quae</span> <span class='ocrx_word' id='word_1_55' title='bbox 658 677 687 707; x_wconf 89' lang='lat' dir='ltr'>a</span> <span class='ocrx_word' id='word_1_56' title='bbox 713 660 934 722; x_wconf 90' lang='lat' dir='ltr'>Polybio</span> <span class='ocrx_word' id='word_1_57' title='bbox 970 661 1020 708; x_wconf 91' lang='lat' dir='ltr'>in</span> <span class='ocrx_word' id='word_1_58' title='bbox 1056 662 1354 709; x_wconf 84' lang='lat' dir='ltr'>contrariam</span> <span class='ocrx_word' id='word_1_59' title='bbox 1383 678 1493 725; x_wconf 87' lang='lat' dir='ltr'>par-</span> 
     </span>
     <span class='ocr_line' id='line_1_9' title="bbox 45 737 1490 801; baseline 0.001 -15"><span class='ocrx_word' id='word_1_60' title='bbox 45 745 143 786; x_wconf 88' lang='lat' dir='ltr'>tem</span> <span class='ocrx_word' id='word_1_61' title='bbox 170 737 424 801; x_wconf 88' lang='lat' dir='ltr'>disputata</span> <span class='ocrx_word' id='word_1_62' title='bbox 449 745 578 797; x_wconf 87' lang='lat' dir='ltr'>sunt,</span> <span class='ocrx_word' id='word_1_63' title='bbox 602 753 706 784; x_wconf 89' lang='lat' dir='ltr'>non</span> <span class='ocrx_word' id='word_1_64' title='bbox 729 743 971 801; x_wconf 84' lang='lat' dir='ltr'>tanquam</span> <span class='ocrx_word' id='word_1_65' title='bbox 997 738 1204 785; x_wconf 88' lang='lat' dir='ltr'>adversa</span> <span class='ocrx_word' id='word_1_66' title='bbox 1231 738 1490 795; x_wconf 88' lang='lat' dir='ltr'>Romanis,</span> 
     </span>
     <span class='ocr_line' id='line_1_10' title="bbox 46 813 1493 877; baseline 0 -16"><span class='ocrx_word' id='word_1_67' title='bbox 46 814 134 862; x_wconf 87' lang='lat' dir='ltr'>sed</span> <span class='ocrx_word' id='word_1_68' title='bbox 156 820 394 877; x_wconf 87' lang='lat' dir='ltr'>tanquam</span> <span class='ocrx_word' id='word_1_69' title='bbox 416 813 557 868; x_wconf 83' lang='lat' dir='ltr'>falsa,</span> <span class='ocrx_word' id='word_1_70' title='bbox 583 814 936 875; x_wconf 79' lang='lat' dir='ltr'>suppressisse.</span> <span class='ocrx_word' id='word_1_71' title='bbox 995 813 1180 862; x_wconf 88' lang='lat' dir='ltr'>Verum</span> <span class='ocrx_word' id='word_1_72' title='bbox 1203 830 1262 861; x_wconf 90' lang='lat' dir='ltr'>eo</span> <span class='ocrx_word' id='word_1_73' title='bbox 1278 814 1493 862; x_wconf 84' lang='lat' dir='ltr'>elevare-</span> 
     </span>
     <span class='ocr_line' id='line_1_11' title="bbox 45 889 1494 953; baseline -0.001 -16"><span class='ocrx_word' id='word_1_74' title='bbox 45 896 124 937; x_wconf 86' lang='lat' dir='ltr'>tur</span> <span class='ocrx_word' id='word_1_75' title='bbox 147 890 354 937; x_wconf 87' lang='lat' dir='ltr'>fortasse</span> <span class='ocrx_word' id='word_1_76' title='bbox 386 890 589 945; x_wconf 78' lang='lat' dir='ltr'>crimen,</span> <span class='ocrx_word' id='word_1_77' title='bbox 618 906 720 936; x_wconf 91' lang='lat' dir='ltr'>non</span> <span class='ocrx_word' id='word_1_78' title='bbox 753 889 901 951; x_wconf 89' lang='lat' dir='ltr'>plane</span> <span class='ocrx_word' id='word_1_79' title='bbox 926 897 1228 953; x_wconf 82' lang='lat' dir='ltr'>purgaretur.</span> <span class='ocrx_word' id='word_1_80' title='bbox 1298 890 1494 952; x_wconf 81' lang='lat' dir='ltr'>Magna</span> 
     </span>
     <span class='ocr_line' id='line_1_12' title="bbox 47 965 1496 1029; baseline -0.001 -15"><span class='ocrx_word' id='word_1_81' title='bbox 47 974 123 1014; x_wconf 89' lang='lat' dir='ltr'>est</span> <span class='ocrx_word' id='word_1_82' title='bbox 148 965 278 1013; x_wconf 91' lang='lat' dir='ltr'>enim</span> <span class='ocrx_word' id='word_1_83' title='bbox 305 966 502 1028; x_wconf 84' lang='lat' dir='ltr'>Polybii</span> <span class='ocrx_word' id='word_1_84' title='bbox 542 965 828 1025; x_wconf 84' lang='lat' dir='ltr'>auctoritas,</span> <span class='ocrx_word' id='word_1_85' title='bbox 852 966 935 1028; x_wconf 91' lang='lat' dir='ltr'>qui</span> <span class='ocrx_word' id='word_1_86' title='bbox 959 973 1007 1013; x_wconf 91' lang='lat' dir='ltr'>et</span> <span class='ocrx_word' id='word_1_87' title='bbox 1030 967 1230 1029; x_wconf 89' lang='lat' dir='ltr'>propior</span> <span class='ocrx_word' id='word_1_88' title='bbox 1254 965 1350 1013; x_wconf 86' lang='lat' dir='ltr'>illis</span> <span class='ocrx_word' id='word_1_89' title='bbox 1374 974 1496 1013; x_wconf 89' lang='lat' dir='ltr'>tem-</span> 
     </span>
     <span class='ocr_line' id='line_1_13' title="bbox 52 1041 1494 1104; baseline 0.001 -16"><span class='ocrx_word' id='word_1_90' title='bbox 52 1041 262 1104; x_wconf 89' lang='lat' dir='ltr'>poribus</span> <span class='ocrx_word' id='word_1_91' title='bbox 290 1041 395 1098; x_wconf 86' lang='lat' dir='ltr'>fuit,</span> <span class='ocrx_word' id='word_1_92' title='bbox 415 1048 465 1089; x_wconf 92' lang='lat' dir='ltr'>et</span> <span class='ocrx_word' id='word_1_93' title='bbox 490 1041 891 1104; x_wconf 84' lang='lat' dir='ltr'>diligentissimus</span> <span class='ocrx_word' id='word_1_94' title='bbox 910 1042 1082 1089; x_wconf 88' lang='lat' dir='ltr'>talium</span> <span class='ocrx_word' id='word_1_95' title='bbox 1107 1059 1269 1089; x_wconf 89' lang='lat' dir='ltr'>rerum</span> <span class='ocrx_word' id='word_1_96' title='bbox 1288 1042 1494 1104; x_wconf 83' lang='lat' dir='ltr'>indaga-</span> 
     </span>
     <span class='ocr_line' id='line_1_14' title="bbox 48 1117 1495 1181; baseline 0.001 -16"><span class='ocrx_word' id='word_1_97' title='bbox 48 1125 139 1176; x_wconf 91' lang='lat' dir='ltr'>tor,</span> <span class='ocrx_word' id='word_1_98' title='bbox 167 1125 215 1165; x_wconf 86' lang='lat' dir='ltr'>et</span> <span class='ocrx_word' id='word_1_99' title='bbox 241 1118 486 1166; x_wconf 87' lang='lat' dir='ltr'>Romanis</span> <span class='ocrx_word' id='word_1_100' title='bbox 511 1134 630 1165; x_wconf 88' lang='lat' dir='ltr'>sane</span> <span class='ocrx_word' id='word_1_101' title='bbox 659 1117 866 1174; x_wconf 82' lang='lat' dir='ltr'>amicus,</span> <span class='ocrx_word' id='word_1_102' title='bbox 891 1134 1018 1181; x_wconf 92' lang='lat' dir='ltr'>quos</span> <span class='ocrx_word' id='word_1_103' title='bbox 1044 1118 1230 1181; x_wconf 89' lang='lat' dir='ltr'>passim</span> <span class='ocrx_word' id='word_1_104' title='bbox 1264 1118 1495 1166; x_wconf 82' lang='lat' dir='ltr'>laudibus</span> 
     </span>
     <span class='ocr_line' id='line_1_15' title="bbox 48 1193 1497 1256; baseline -0.001 -13"><span class='ocrx_word' id='word_1_105' title='bbox 48 1194 288 1243; x_wconf 89' lang='lat' dir='ltr'>cumulat.</span> <span class='ocrx_word' id='word_1_106' title='bbox 360 1195 527 1248; x_wconf 84' lang='lat' dir='ltr'>Quum</span> <span class='ocrx_word' id='word_1_107' title='bbox 552 1193 697 1255; x_wconf 81' lang='lat' dir='ltr'>igitur</span> <span class='ocrx_word' id='word_1_108' title='bbox 719 1193 1037 1256; x_wconf 82' lang='lat' dir='ltr'>gravissimus</span> <span class='ocrx_word' id='word_1_109' title='bbox 1063 1194 1237 1255; x_wconf 89' lang='lat' dir='ltr'>judex,</span> <span class='ocrx_word' id='word_1_110' title='bbox 1265 1195 1370 1242; x_wconf 89' lang='lat' dir='ltr'>sine</span> <span class='ocrx_word' id='word_1_111' title='bbox 1395 1195 1497 1242; x_wconf 88' lang='lat' dir='ltr'>ulla</span> 
     </span>
     <span class='ocr_line' id='line_1_16' title="bbox 48 1270 1495 1332; baseline -0.001 -13"><span class='ocrx_word' id='word_1_112' title='bbox 48 1271 366 1320; x_wconf 85' lang='lat' dir='ltr'>cunctatione</span> <span class='ocrx_word' id='word_1_113' title='bbox 406 1277 491 1318; x_wconf 89' lang='lat' dir='ltr'>aut</span> <span class='ocrx_word' id='word_1_114' title='bbox 530 1270 855 1327; x_wconf 86' lang='lat' dir='ltr'>dubitatione,</span> <span class='ocrx_word' id='word_1_115' title='bbox 905 1287 1057 1318; x_wconf 88' lang='lat' dir='ltr'>causa</span> <span class='ocrx_word' id='word_1_116' title='bbox 1100 1270 1316 1332; x_wconf 80' lang='lat' dir='ltr'>cognita,</span> <span class='ocrx_word' id='word_1_117' title='bbox 1361 1271 1495 1319; x_wconf 87' lang='lat' dir='ltr'>clare</span> 
     </span>
    </p>

    <p class='ocr_par' dir='ltr' id='par_1_4' title="bbox 49 1345 1496 1701">
     <span class='ocr_line' id='line_1_17' title="bbox 80 1345 1495 1412; baseline -0.001 -17"><span class='ocrx_word' id='word_1_118' title='bbox 80 1356 336 1412; x_wconf 88' lang='lat' dir='ltr'>ertumque</span> <span class='ocrx_word' id='word_1_119' title='bbox 369 1346 657 1410; x_wconf 87' lang='lat' dir='ltr'>pronuntiet</span> <span class='ocrx_word' id='word_1_120' title='bbox 689 1345 950 1394; x_wconf 85' lang='lat' dir='ltr'>Romanos</span> <span class='ocrx_word' id='word_1_121' title='bbox 985 1353 1157 1394; x_wconf 89' lang='lat' dir='ltr'>contra</span> <span class='ocrx_word' id='word_1_122' title='bbox 1180 1346 1282 1407; x_wconf 87' lang='lat' dir='ltr'>jus,</span> <span class='ocrx_word' id='word_1_123' title='bbox 1320 1354 1495 1394; x_wconf 89' lang='lat' dir='ltr'>contra</span> 
     </span>
     <span class='ocr_line' id='line_1_18' title="bbox 49 1364 1492 1486; baseline 0 -15"><span class='ocrx_word' id='word_1_124' title='bbox 49 1364 238 1471; x_wconf 42' lang='lat' dir='ltr'>ssoedera</span> <span class='ocrx_word' id='word_1_125' title='bbox 254 1423 444 1479; x_wconf 85' lang='lat' dir='ltr'>fecisse,</span> <span class='ocrx_word' id='word_1_126' title='bbox 465 1424 585 1470; x_wconf 89' lang='lat' dir='ltr'>dum</span> <span class='ocrx_word' id='word_1_127' title='bbox 603 1422 884 1470; x_wconf 88' lang='lat' dir='ltr'>Sardiniam</span> <span class='ocrx_word' id='word_1_128' title='bbox 900 1422 1137 1479; x_wconf 84' lang='lat' dir='ltr'>invasere,</span> <span class='ocrx_word' id='word_1_129' title='bbox 1160 1422 1360 1470; x_wconf 87' lang='lat' dir='ltr'>minime</span> <span class='ocrx_word' id='word_1_130' title='bbox 1379 1440 1492 1486; x_wconf 90' lang='lat' dir='ltr'>pro-</span> 
     </span>
     <span class='ocr_line' id='line_1_19' title="bbox 49 1490 1494 1563; baseline 0 -16"><span class='ocrx_word' id='word_1_131' title='bbox 49 1490 180 1547; x_wconf 73' lang='lat' dir='ltr'>fecto</span> <span class='ocrx_word' id='word_1_132' title='bbox 207 1499 414 1546; x_wconf 90' lang='lat' dir='ltr'>dubium</span> <span class='ocrx_word' id='word_1_133' title='bbox 440 1506 528 1555; x_wconf 90' lang='lat' dir='ltr'>est,</span> <span class='ocrx_word' id='word_1_134' title='bbox 556 1498 675 1563; x_wconf 91' lang='lat' dir='ltr'>quin</span> <span class='ocrx_word' id='word_1_135' title='bbox 700 1498 883 1555; x_wconf 89' lang='lat' dir='ltr'>Livius,</span> <span class='ocrx_word' id='word_1_136' title='bbox 910 1499 950 1546; x_wconf 92' lang='lat' dir='ltr'>si</span> <span class='ocrx_word' id='word_1_137' title='bbox 975 1498 1119 1546; x_wconf 88' lang='lat' dir='ltr'>aliter</span> <span class='ocrx_word' id='word_1_138' title='bbox 1142 1506 1381 1556; x_wconf 84' lang='lat' dir='ltr'>senserat,</span> <span class='ocrx_word' id='word_1_139' title='bbox 1410 1507 1494 1547; x_wconf 87' lang='lat' dir='ltr'>aut</span> 
     </span>
     <span class='ocr_line' id='line_1_20' title="bbox 50 1575 1496 1639; baseline 0.001 -16"><span class='ocrx_word' id='word_1_140' title='bbox 50 1576 328 1639; x_wconf 85' lang='lat' dir='ltr'>scripserat,</span> <span class='ocrx_word' id='word_1_141' title='bbox 361 1592 495 1624; x_wconf 85' lang='lat' dir='ltr'>caeco</span> <span class='ocrx_word' id='word_1_142' title='bbox 529 1575 580 1623; x_wconf 91' lang='lat' dir='ltr'>in</span> <span class='ocrx_word' id='word_1_143' title='bbox 615 1575 822 1638; x_wconf 86' lang='lat' dir='ltr'>patriam</span> <span class='ocrx_word' id='word_1_144' title='bbox 857 1592 1024 1624; x_wconf 88' lang='lat' dir='ltr'>amore</span> <span class='ocrx_word' id='word_1_145' title='bbox 1058 1584 1434 1639; x_wconf 76' lang='lat' dir='ltr'>praeoccupatus</span> <span class='ocrx_word' id='word_1_146' title='bbox 1466 1594 1496 1624; x_wconf 88' lang='lat' dir='ltr'>a</span> 
     </span>
     <span class='ocr_line' id='line_1_21' title="bbox 50 1653 507 1701; baseline 0.002 -1"><span class='ocrx_word' id='word_1_147' title='bbox 50 1668 166 1701; x_wconf 87' lang='lat' dir='ltr'>vero</span> <span class='ocrx_word' id='word_1_148' title='bbox 194 1653 507 1701; x_wconf 87' lang='lat' dir='ltr'>aberraverit.</span> 
     </span>
    </p>

    <p class='ocr_par' dir='ltr' id='par_1_5' title="bbox 52 1728 1500 2632">
     <span class='ocr_line' id='line_1_22' title="bbox 120 1728 1494 1793; baseline 0 -17"><span class='ocrx_word' id='word_1_149' title='bbox 120 1729 300 1793; x_wconf 90' lang='lat' dir='ltr'>Neque</span> <span class='ocrx_word' id='word_1_150' title='bbox 331 1746 424 1777; x_wconf 88' lang='lat' dir='ltr'>nos</span> <span class='ocrx_word' id='word_1_151' title='bbox 449 1728 712 1792; x_wconf 88' lang='lat' dir='ltr'>quisquam</span> <span class='ocrx_word' id='word_1_152' title='bbox 744 1736 918 1790; x_wconf 83' lang='lat' dir='ltr'>arguat</span> <span class='ocrx_word' id='word_1_153' title='bbox 947 1729 1167 1776; x_wconf 87' lang='lat' dir='ltr'>severius</span> <span class='ocrx_word' id='word_1_154' title='bbox 1204 1746 1349 1791; x_wconf 82' lang='lat' dir='ltr'>agere</span> <span class='ocrx_word' id='word_1_155' title='bbox 1379 1746 1494 1777; x_wconf 87' lang='lat' dir='ltr'>cum</span> 
     </span>
     <span class='ocr_line' id='line_1_23' title="bbox 52 1804 1493 1869; baseline -0.002 -15"><span class='ocrx_word' id='word_1_156' title='bbox 52 1805 208 1861; x_wconf 89' lang='lat' dir='ltr'>Livio,</span> <span class='ocrx_word' id='word_1_157' title='bbox 238 1811 286 1853; x_wconf 90' lang='lat' dir='ltr'>et</span> <span class='ocrx_word' id='word_1_158' title='bbox 303 1805 530 1869; x_wconf 88' lang='lat' dir='ltr'>sequiore</span> <span class='ocrx_word' id='word_1_159' title='bbox 554 1804 957 1869; x_wconf 87' lang='lat' dir='ltr'>interpretatione</span> <span class='ocrx_word' id='word_1_160' title='bbox 982 1822 1040 1852; x_wconf 90' lang='lat' dir='ltr'>ea</span> <span class='ocrx_word' id='word_1_161' title='bbox 1058 1804 1128 1852; x_wconf 89' lang='lat' dir='ltr'>illi</span> <span class='ocrx_word' id='word_1_162' title='bbox 1152 1804 1269 1852; x_wconf 88' lang='lat' dir='ltr'>vitio</span> <span class='ocrx_word' id='word_1_163' title='bbox 1295 1814 1493 1861; x_wconf 85' lang='lat' dir='ltr'>vertere,</span> 
     </span>
     <span class='ocr_line' id='line_1_24' title="bbox 52 1880 1494 1947; baseline -0.002 -17"><span class='ocrx_word' id='word_1_164' title='bbox 52 1900 161 1947; x_wconf 87' lang='lat' dir='ltr'>quae</span> <span class='ocrx_word' id='word_1_165' title='bbox 198 1881 487 1930; x_wconf 88' lang='lat' dir='ltr'>clementius</span> <span class='ocrx_word' id='word_1_166' title='bbox 528 1898 557 1929; x_wconf 90' lang='lat' dir='ltr'>a</span> <span class='ocrx_word' id='word_1_167' title='bbox 595 1882 810 1944; x_wconf 82' lang='lat' dir='ltr'>benigno</span> <span class='ocrx_word' id='word_1_168' title='bbox 851 1881 1040 1929; x_wconf 90' lang='lat' dir='ltr'>lectore</span> <span class='ocrx_word' id='word_1_169' title='bbox 1087 1881 1247 1944; x_wconf 90' lang='lat' dir='ltr'>accipi</span> <span class='ocrx_word' id='word_1_170' title='bbox 1282 1880 1494 1943; x_wconf 88' lang='lat' dir='ltr'>possint.</span> 
     </span>
     <span class='ocr_line' id='line_1_25' title="bbox 54 1958 1498 2020; baseline -0.002 -13"><span class='ocrx_word' id='word_1_171' title='bbox 54 1958 257 2008; x_wconf 89' lang='lat' dir='ltr'>Nemini</span> <span class='ocrx_word' id='word_1_172' title='bbox 282 1959 620 2014; x_wconf 86' lang='lat' dir='ltr'>concedimus,</span> <span class='ocrx_word' id='word_1_173' title='bbox 645 1965 699 2006; x_wconf 92' lang='lat' dir='ltr'>ut</span> <span class='ocrx_word' id='word_1_174' title='bbox 724 1958 908 2020; x_wconf 89' lang='lat' dir='ltr'>majore</span> <span class='ocrx_word' id='word_1_175' title='bbox 931 1974 1081 2020; x_wconf 88' lang='lat' dir='ltr'>quam</span> <span class='ocrx_word' id='word_1_176' title='bbox 1102 1973 1195 2005; x_wconf 89' lang='lat' dir='ltr'>nos</span> <span class='ocrx_word' id='word_1_177' title='bbox 1221 1973 1388 2004; x_wconf 86' lang='lat' dir='ltr'>amore</span> <span class='ocrx_word' id='word_1_178' title='bbox 1412 1963 1498 2004; x_wconf 89' lang='lat' dir='ltr'>aut</span> 
     </span>
     <span class='ocr_line' id='line_1_26' title="bbox 54 2028 1496 2097; baseline -0.001 -16"><span class='ocrx_word' id='word_1_179' title='bbox 54 2035 382 2082; x_wconf 88' lang='lat' dir='ltr'>admiratione</span> <span class='ocrx_word' id='word_1_180' title='bbox 417 2034 653 2082; x_wconf 82' lang='lat' dir='ltr'>eximium</span> <span class='ocrx_word' id='word_1_181' title='bbox 689 2034 984 2097; x_wconf 88' lang='lat' dir='ltr'>scriptorem</span> <span class='ocrx_word' id='word_1_182' title='bbox 1017 2028 1370 2097; x_wconf 82' lang='lat' dir='ltr'>prosequatur:</span> <span class='ocrx_word' id='word_1_183' title='bbox 1407 2034 1496 2081; x_wconf 90' lang='lat' dir='ltr'>sed</span> 
     </span>
     <span class='ocr_line' id='line_1_27' title="bbox 54 2110 1496 2174; baseline -0.001 -16"><span class='ocrx_word' id='word_1_184' title='bbox 54 2111 224 2159; x_wconf 89' lang='lat' dir='ltr'>vincat</span> <span class='ocrx_word' id='word_1_185' title='bbox 249 2111 440 2160; x_wconf 86' lang='lat' dir='ltr'>veritas.</span> <span class='ocrx_word' id='word_1_186' title='bbox 512 2111 565 2160; x_wconf 89' lang='lat' dir='ltr'>Si</span> <span class='ocrx_word' id='word_1_187' title='bbox 598 2127 699 2158; x_wconf 90' lang='lat' dir='ltr'>uno</span> <span class='ocrx_word' id='word_1_188' title='bbox 723 2117 919 2158; x_wconf 87' lang='lat' dir='ltr'>tantum</span> <span class='ocrx_word' id='word_1_189' title='bbox 953 2111 1083 2174; x_wconf 86' lang='lat' dir='ltr'>apud</span> <span class='ocrx_word' id='word_1_190' title='bbox 1110 2127 1238 2171; x_wconf 86' lang='lat' dir='ltr'>eum,</span> <span class='ocrx_word' id='word_1_191' title='bbox 1261 2118 1346 2158; x_wconf 90' lang='lat' dir='ltr'>aut</span> <span class='ocrx_word' id='word_1_192' title='bbox 1375 2110 1496 2157; x_wconf 88' lang='lat' dir='ltr'>alte-</span> 
     </span>
     <span class='ocr_line' id='line_1_28' title="bbox 53 2186 1499 2251; baseline 0 -17"><span class='ocrx_word' id='word_1_193' title='bbox 53 2203 108 2234; x_wconf 89' lang='lat' dir='ltr'>ro</span> <span class='ocrx_word' id='word_1_194' title='bbox 133 2187 184 2234; x_wconf 91' lang='lat' dir='ltr'>in</span> <span class='ocrx_word' id='word_1_195' title='bbox 207 2187 322 2235; x_wconf 88' lang='lat' dir='ltr'>loco</span> <span class='ocrx_word' id='word_1_196' title='bbox 350 2188 565 2236; x_wconf 89' lang='lat' dir='ltr'>obscura</span> <span class='ocrx_word' id='word_1_197' title='bbox 597 2187 764 2251; x_wconf 86' lang='lat' dir='ltr'>aliqua</span> <span class='ocrx_word' id='word_1_198' title='bbox 788 2187 1106 2235; x_wconf 87' lang='lat' dir='ltr'>delitesceret</span> <span class='ocrx_word' id='word_1_199' title='bbox 1137 2186 1353 2250; x_wconf 89' lang='lat' dir='ltr'>suspicio</span> <span class='ocrx_word' id='word_1_200' title='bbox 1387 2203 1499 2250; x_wconf 89' lang='lat' dir='ltr'>pro-</span> 
     </span>
     <span class='ocr_line' id='line_1_29' title="bbox 54 2263 1499 2328; baseline -0.002 -16"><span class='ocrx_word' id='word_1_201' title='bbox 54 2264 294 2328; x_wconf 90' lang='lat' dir='ltr'>pensioris</span> <span class='ocrx_word' id='word_1_202' title='bbox 318 2265 369 2312; x_wconf 88' lang='lat' dir='ltr'>in</span> <span class='ocrx_word' id='word_1_203' title='bbox 398 2264 658 2312; x_wconf 87' lang='lat' dir='ltr'>Romanos</span> <span class='ocrx_word' id='word_1_204' title='bbox 693 2263 859 2318; x_wconf 83' lang='lat' dir='ltr'>animi,</span> <span class='ocrx_word' id='word_1_205' title='bbox 884 2263 1152 2311; x_wconf 88' lang='lat' dir='ltr'>inhumane</span> <span class='ocrx_word' id='word_1_206' title='bbox 1186 2264 1388 2319; x_wconf 88' lang='lat' dir='ltr'>faceret,</span> <span class='ocrx_word' id='word_1_207' title='bbox 1414 2263 1499 2326; x_wconf 90' lang='lat' dir='ltr'>qui</span> 
     </span>
     <span class='ocr_line' id='line_1_30' title="bbox 55 2338 1500 2403; baseline -0.002 -15"><span class='ocrx_word' id='word_1_208' title='bbox 55 2341 242 2389; x_wconf 89' lang='lat' dir='ltr'>crimen</span> <span class='ocrx_word' id='word_1_209' title='bbox 266 2347 476 2403; x_wconf 83' lang='lat' dir='ltr'>urgeret,</span> <span class='ocrx_word' id='word_1_210' title='bbox 503 2358 560 2389; x_wconf 90' lang='lat' dir='ltr'>ac</span> <span class='ocrx_word' id='word_1_211' title='bbox 591 2357 696 2388; x_wconf 89' lang='lat' dir='ltr'>non</span> <span class='ocrx_word' id='word_1_212' title='bbox 720 2339 886 2403; x_wconf 92' lang='lat' dir='ltr'>potius</span> <span class='ocrx_word' id='word_1_213' title='bbox 910 2355 1011 2386; x_wconf 90' lang='lat' dir='ltr'>rem</span> <span class='ocrx_word' id='word_1_214' title='bbox 1047 2338 1239 2386; x_wconf 87' lang='lat' dir='ltr'>mollire</span> <span class='ocrx_word' id='word_1_215' title='bbox 1265 2339 1500 2401; x_wconf 89' lang='lat' dir='ltr'>interpre-</span> 
     </span>
     <span class='ocr_line' id='line_1_31' title="bbox 54 2414 1500 2479; baseline -0.002 -15"><span class='ocrx_word' id='word_1_216' title='bbox 54 2418 212 2465; x_wconf 87' lang='lat' dir='ltr'>tando</span> <span class='ocrx_word' id='word_1_217' title='bbox 237 2423 513 2467; x_wconf 88' lang='lat' dir='ltr'>conaretur.</span> <span class='ocrx_word' id='word_1_218' title='bbox 582 2416 653 2464; x_wconf 84' lang='lat' dir='ltr'>At</span> <span class='ocrx_word' id='word_1_219' title='bbox 677 2415 988 2479; x_wconf 86' lang='lat' dir='ltr'>erumpentia</span> <span class='ocrx_word' id='word_1_220' title='bbox 1017 2415 1237 2479; x_wconf 90' lang='lat' dir='ltr'>undique</span> <span class='ocrx_word' id='word_1_221' title='bbox 1258 2415 1404 2476; x_wconf 90' lang='lat' dir='ltr'>hujus</span> <span class='ocrx_word' id='word_1_222' title='bbox 1428 2414 1500 2461; x_wconf 91' lang='lat' dir='ltr'>ni-</span> 
     </span>
     <span class='ocr_line' id='line_1_32' title="bbox 57 2490 1498 2555; baseline -0.001 -16"><span class='ocrx_word' id='word_1_223' title='bbox 57 2492 143 2540; x_wconf 87' lang='lat' dir='ltr'>mii</span> <span class='ocrx_word' id='word_1_224' title='bbox 166 2494 371 2542; x_wconf 88' lang='lat' dir='ltr'>affectus</span> <span class='ocrx_word' id='word_1_225' title='bbox 391 2492 667 2542; x_wconf 87' lang='lat' dir='ltr'>certissima</span> <span class='ocrx_word' id='word_1_226' title='bbox 691 2499 982 2555; x_wconf 86' lang='lat' dir='ltr'>argumenta</span> <span class='ocrx_word' id='word_1_227' title='bbox 1000 2508 1093 2540; x_wconf 89' lang='lat' dir='ltr'>nec</span> <span class='ocrx_word' id='word_1_228' title='bbox 1112 2491 1258 2539; x_wconf 85' lang='lat' dir='ltr'>nobis</span> <span class='ocrx_word' id='word_1_229' title='bbox 1282 2491 1376 2554; x_wconf 86' lang='lat' dir='ltr'>ipsi</span> <span class='ocrx_word' id='word_1_230' title='bbox 1400 2490 1498 2538; x_wconf 90' lang='lat' dir='ltr'>dis-</span> 
     </span>
     <span class='ocr_line' id='line_1_33' title="bbox 59 2569 945 2632; baseline -0.003 -13"><span class='ocrx_word' id='word_1_231' title='bbox 59 2569 305 2627; x_wconf 89' lang='lat' dir='ltr'>simulare,</span> <span class='ocrx_word' id='word_1_232' title='bbox 331 2588 424 2619; x_wconf 90' lang='lat' dir='ltr'>nec</span> <span class='ocrx_word' id='word_1_233' title='bbox 448 2570 639 2626; x_wconf 88' lang='lat' dir='ltr'>ceteris,</span> <span class='ocrx_word' id='word_1_234' title='bbox 663 2585 945 2632; x_wconf 87' lang='lat' dir='ltr'>possumus.</span> 
     </span>
    </p>

    <p class='ocr_par' dir='ltr' id='par_1_6' title="bbox 124 2641 1496 2711">
     <span class='ocr_line' id='line_1_34' title="bbox 124 2641 1496 2711; baseline -0.004 -17"><span class='ocrx_word' id='word_1_235' title='bbox 124 2646 276 2694; x_wconf 88' lang='lat' dir='ltr'>Velut</span> <span class='ocrx_word' id='word_1_236' title='bbox 299 2647 351 2694; x_wconf 92' lang='lat' dir='ltr'>in</span> <span class='ocrx_word' id='word_1_237' title='bbox 374 2647 610 2711; x_wconf 87' lang='lat' dir='ltr'>Scipione</span> <span class='ocrx_word' id='word_1_238' title='bbox 639 2646 877 2694; x_wconf 89' lang='lat' dir='ltr'>Africano</span> <span class='ocrx_word' id='word_1_239' title='bbox 909 2645 1165 2694; x_wconf 89' lang='lat' dir='ltr'>manifeste</span> <span class='ocrx_word' id='word_1_240' title='bbox 1200 2649 1392 2691; x_wconf 88' lang='lat' dir='ltr'>tenetur</span> <span class='ocrx_word' id='word_1_241' title='bbox 1414 2641 1496 2689; x_wconf 90' lang='lat' dir='ltr'>Li-</span> 
     </span>
    </p>
   </div>
   <div class='ocr_carea' id='block_1_3' title="bbox 1511 2658 1687 2690">
    <p class='ocr_par' dir='ltr' id='par_1_7' title="bbox 1511 2658 1687 2690">
     <span class='ocr_line' id='line_1_35' title="bbox 1511 2658 1687 2690; baseline -0.006 0"><span class='ocrx_word' id='word_1_242' title='bbox 1511 2658 1687 2690; x_wconf 86' lang='lat' dir='ltr'>Secundum</span> 
     </span>
    </p>
   </div>
   <div class='ocr_carea' id='block_1_4' title="bbox 1452 2702 1705 2744">
    <p class='ocr_par' dir='ltr' id='par_1_8' title="bbox 1452 2702 1705 2744">
     <span class='ocr_line' id='line_1_36' title="bbox 1452 2702 1705 2744; baseline -0.004 -11"><span class='ocrx_word' id='word_1_243' title='bbox 1452 2719 1461 2728; x_wconf 86' lang='lat'><strong>·</strong></span> <span class='ocrx_word' id='word_1_244' title='bbox 1511 2702 1685 2744; x_wconf 84' lang='lat' dir='ltr'>exemplum</span> <span class='ocrx_word' id='word_1_245' title='bbox 1698 2714 1705 2732; x_wconf 72' lang='lat' dir='ltr'>t</span> 
     </span>
    </p>
   </div>
   <div class='ocr_carea' id='block_1_5' title="bbox 60 2723 1499 2789">
    <p class='ocr_par' dir='ltr' id='par_1_9' title="bbox 60 2723 1499 2789">
     <span class='ocr_line' id='line_1_37' title="bbox 60 2723 1499 2789; baseline -0.003 -17"><span class='ocrx_word' id='word_1_246' title='bbox 60 2723 184 2776; x_wconf 82' lang='lat' dir='ltr'>vius.</span> <span class='ocrx_word' id='word_1_247' title='bbox 254 2723 406 2774; x_wconf 90' lang='lat' dir='ltr'>Hunc</span> <span class='ocrx_word' id='word_1_248' title='bbox 435 2725 560 2775; x_wconf 87' lang='lat' dir='ltr'>inter</span> <span class='ocrx_word' id='word_1_249' title='bbox 587 2741 673 2775; x_wconf 89' lang='lat' dir='ltr'>eos</span> <span class='ocrx_word' id='word_1_250' title='bbox 711 2740 901 2781; x_wconf 86' lang='lat' dir='ltr'>omnes,</span> <span class='ocrx_word' id='word_1_251' title='bbox 928 2739 1138 2789; x_wconf 89' lang='lat' dir='ltr'>quorum</span> <span class='ocrx_word' id='word_1_252' title='bbox 1167 2737 1243 2769; x_wconf 87' lang='lat' dir='ltr'>res</span> <span class='ocrx_word' id='word_1_253' title='bbox 1267 2726 1418 2783; x_wconf 82' lang='lat' dir='ltr'>gestae</span> <span class='ocrx_word' id='word_1_254' title='bbox 1449 2736 1499 2768; x_wconf 87' lang='lat' dir='ltr'>m</span> 
     </span>
    </p>
   </div>
   <div class='ocr_carea' id='block_1_6' title="bbox 1511 2745 1701 2820">
    <p class='ocr_par' dir='ltr' id='par_1_10' title="bbox 1511 2745 1701 2820">
     <span class='ocr_line' id='line_1_38' title="bbox 1511 2745 1701 2786; baseline -0.005 -11"><span class='ocrx_word' id='word_1_255' title='bbox 1511 2745 1543 2775; x_wconf 87' lang='lat' dir='ltr'>in</span> <span class='ocrx_word' id='word_1_256' title='bbox 1559 2746 1701 2786; x_wconf 76' lang='lat' dir='ltr'>Scipione</span> 
     </span>
     <span class='ocr_line' id='line_1_39' title="bbox 1514 2789 1669 2820; baseline -0.013 0"><span class='ocrx_word' id='word_1_257' title='bbox 1514 2789 1669 2820; x_wconf 74' lang='lat' dir='ltr'>Africano.</span> 
     </span>
    </p>
   </div>
  </div>
 </body>
</html>
