1805 3174
536 113 578 160 P
592 113 637 160 R
651 111 999 161 AEFATIO.
1404 112 1506 160 xliii

55 253 118 300 ad
150 253 363 311 Livium,
389 269 540 318 quam
567 253 630 300 ad
660 253 806 315 hujus
832 252 1022 300 calcem
1049 250 1426 312 subjungemus,
1446 269 1508 299 ne

55 337 142 377 aut
181 331 305 379 bone
344 331 543 379 meritos
581 331 645 378 de
683 332 780 379 hoc
819 328 1231 394 praestantissimo
1268 328 1509 391 scriptore

55 408 221 471 deque
246 409 390 457 nobis
417 408 642 456 homines
669 408 826 471 gloria
851 425 957 468 sua,
982 414 1067 455 aut
1090 406 1329 471 cupidum
1355 407 1508 455 lecto-

52 503 152 533 rem
178 487 372 534 illorum
399 486 576 535 notitia
601 488 907 534 fraudemus,

122 564 286 613 Nobis
313 565 390 613 hic
418 566 685 613 observare
708 565 935 621 sufficiat,
958 581 1020 611 ex
1047 564 1108 611 iis
1129 563 1360 611 omnibus
1384 579 1510 626 quos

54 642 341 691 Gronovius
366 644 672 692 enumeravit
695 644 946 692 neminem
967 660 1078 691 esse
1095 643 1175 690 cui
1200 643 1312 705 plus
1333 641 1513 688 debeat

53 719 239 779 Livius,
267 738 419 784 quam
453 721 568 770 Car.
597 720 824 784 Sigonio.
898 721 990 768 Ille
1015 728 1064 767 et
1095 719 1293 782 scriptis
1319 718 1724 796 aliquotjijffijyssnw

50 798 417 861 exemplaribus
444 799 663 861 adjutus,
689 806 738 846 et
765 815 946 861 magna
980 798 1319 846 Romanarum
1346 778 1713 856 rerumniuffvstd&

51 876 240 938 peritia,
270 876 452 923 multas
481 876 621 924 Livio
647 877 788 923 labes
815 875 1063 930 abstersit,
1086 875 1311 939 locisque
1335 892 1509 938 quam-
1523 853 1624 883 imm

54 953 295 1017 plurimis,
333 954 412 1001 vel
449 953 675 1001 obscuris
712 954 889 1009 lucem,
928 953 1006 999 vel
1043 952 1223 1000 sauciis
1259 960 1308 1000 et
1336 952 1513 999 laceris

54 1032 322 1079 sanitatem
349 1032 598 1080 reddidit:
636 1040 692 1080 ut
714 1032 794 1079 vix
814 1032 1090 1096 quidquam
1118 1031 1294 1077 abesse
1315 1037 1515 1093 putare-

54 1117 147 1164 tur,
183 1109 448 1171 quominus
487 1110 594 1171 ejus
633 1126 786 1172 opera
821 1107 1259 1172 eloquentissimus
1301 1108 1515 1170 scriptor

54 1187 293 1250 primaevo
319 1187 465 1234 nitori
489 1187 742 1234 restitutus
766 1192 914 1233 esset.

120 1266 191 1313 At
215 1274 420 1314 secutus
449 1265 707 1329 Sigonium
734 1272 845 1328 post
870 1264 1015 1311 unius
1041 1262 1196 1310 seculi
1223 1263 1376 1309 ferme
1400 1263 1683 1325 spa-Ar1i0·11·

1524 1307 1577 1337 1)ss
1587 1309 1727 1338 (jnoxw

55 1342 178 1390 tium
202 1344 251 1392 J.
270 1343 406 1391 Frid.
428 1343 726 1399 Gronovius,
745 1344 896 1405 longo
919 1342 1060 1389 illum
1085 1340 1349 1388 intervallo
1370 1357 1635 1422 5¹¹P‘3'J¹¹§T·1

55 1421 195 1469 ravit.
267 1420 421 1468 Hunc
441 1437 553 1468 vere
572 1419 842 1478 dixerimus
862 1418 1132 1482 principem
1154 1424 1319 1465 tenere
1336 1417 1505 1465 locum
1521 1405 1696 1484 ‹jrpssssv'ius

54 1498 182 1545 inter
204 1513 289 1545 eos
315 1514 493 1545 omnes
512 1498 596 1562 qui
620 1496 765 1545 Livio
785 1496 1082 1559 castigando
1110 1511 1312 1542 manum
1335 1495 1506 1543 admo·
1526 1490 1730 1552 ῗζζξζῗῖἶῗξξζω

55 1592 194 1623 vere:
232 1575 391 1623 virum
425 1575 477 1623 in
500 1591 600 1639 quo
633 1590 747 1622 cum
783 1572 1093 1621 limatissimo
1123 1573 1321 1634 judicio
1359 1581 1511 1621 certat
1526 1565 1701 1639 igjffigffgsifffi

56 1653 203 1718 copia
240 1653 532 1701 eruditionis
567 1661 616 1702 et
651 1652 895 1709 varietas3
943 1652 993 1699 in
1029 1667 1130 1715 quo
1173 1651 1296 1698 mira
1332 1651 1516 1714 ingenii

57 1731 189 1779 acies
229 1737 278 1778 et
315 1730 567 1794 sagacitas
603 1730 806 1779 minime
843 1729 996 1777 officit
1044 1729 1344 1791 diligentiae3
1409 1729 1517 1776 sine

58 1808 322 1856 timiditate
361 1816 582 1865 cautum,
617 1810 862 1857 audacem
898 1808 1194 1872 plerumque
1226 1807 1332 1855 sine
1364 1809 1516 1854 confi-

18 1930 21 1931 ⁷
58 1885 257 1934 dentia:
294 1886 379 1951 qui
409 1887 626 1951 denique
662 1886 891 1935 omnibus
920 1886 1027 1948 jam
1054 1884 1250 1933 Livium
1286 1891 1519 1933 tractatu-

54 1963 118 2010 ris
144 1964 227 2011 fax
254 1980 364 2011 esse
384 1964 568 2012 debeat
591 1972 854 2029 certusque
875 1964 998 2023 dux,
1017 1979 1047 2010 a
1063 1978 1163 2027 quo
1188 1979 1300 2011 raro
1324 1963 1518 2012 discedi

59 2041 220 2106 possit
265 2042 371 2089 sine
418 2042 595 2090 erroris
634 2041 877 2106 periculo.
948 2039 1153 2088 Etenim
1202 2041 1267 2088 ad
1313 2057 1372 2088 ea
1409 2059 1519 2105 quae

59 2121 214 2168 modo
244 2120 631 2167 memoravimus
666 2125 860 2167 naturae
898 2117 1239 2181 doctrinaeque
1275 2118 1520 2180 praesidia,

61 2198 209 2246 etiam
236 2197 538 2261 optimorum
563 2197 800 2245 librorum
824 2195 970 2260 copia
987 2202 1283 2251 accesserat,
1309 2212 1517 2258 quorum
1534 2199 1725 2275 iiiss'fejiiisfra

62 2293 156 2339 ope
183 2276 365 2323 multas
384 2275 603 2338 insignes
623 2275 861 2331 maculas,
882 2273 1062 2337 partim
1081 2273 1378 2321 inveteratas
1390 2273 1519 2334 jam-
1620 2266 1628 2275 ’
1728 2263 1735 2271 ’

64 2354 276 2410 dudum,
313 2354 491 2418 partim
518 2371 547 2401 a
572 2353 735 2417 pravis
771 2351 1174 2400 emendatoribus
1209 2367 1382 2399 recens
1419 2349 1522 2397 alli-

62 2440 154 2488 tas‚
181 2432 330 2481 eluit:
373 2431 546 2489 multa,
573 2449 684 2495 quae
720 2433 890 2495 specie
914 2429 1142 2478 sanitatis
1177 2427 1518 2492 imponebant,

62 2526 198 2558 caeco
225 2510 392 2575 aliquo
416 2510 644 2558 laborare
664 2510 781 2558 vitio
807 2508 1060 2557 ostendit:
1098 2507 1253 2555 multa
1270 2506 1396 2554 falso
1416 2521 1522 2552 sus-

60 2592 211 2650 pecta
234 2587 283 2634 in
308 2587 562 2650 integrum
591 2587 832 2635 restituit:
869 2593 925 2634 ut
948 2592 1068 2650 post
1092 2592 1171 2633 tot
1207 2581 1522 2633 doctissimo-

64 2679 173 2710 rum
207 2662 423 2712 virorum
457 2665 670 2721 labores,
696 2680 857 2712 novus
891 2671 1060 2711 tamen
1095 2679 1222 2726 pene
1258 2660 1445 2716 Livius,
1473 2666 1524 2706 et

65 2740 201 2788 velut
225 2741 446 2791 rediviva
472 2743 681 2804 juventa
704 2743 891 2792 nitidus
915 2741 965 2791 in
990 2742 1157 2790 lucem
1191 2746 1296 2788 tum
1321 2738 1522 2786 demum

66 2819 317 2881 prodierit.
