1826 3149
148 193 190 223 U.
205 191 240 222 C.
254 192 326 222 583.

146 235 186 265 A.
202 234 238 265 C.
255 235 324 265 169.

147 277 254 308 Censs.
269 278 321 308 ob-

145 319 275 350 fendunt

144 362 281 393 ordinem

145 411 325 445 equestrem.

147 1611 199 1641 Tr.
215 1609 264 1639 Pl.

147 1654 228 1685 diem
242 1653 278 1682 iis

146 1697 229 1728 dicit.

361 77 433 110 110
889 71 1029 108 TIT!
1073 71 1239 108 LIVII

418 180 543 222 XVI.
577 181 628 222 In
661 179 873 236 equitibus
915 180 1173 221 recensendis
1202 179 1332 221 tristis
1362 180 1588 221 admodum
1629 195 1772 222 eorum

360 246 484 293 atque
505 252 651 293 aspera
681 251 854 277 censura
873 235 978 277 fuit:
1012 237 1155 278 multis
1187 253 1317 293 equos
1350 237 1606 278 ademerunt.
1628 236 1710 278 ⁷⁵in
1726 254 1774 278 ea

360 307 421 335 re’
442 309 574 350 quum
596 301 829 349 equestrem
849 292 1035 333 ordinem
1068 294 1364 344 obfendissent,
1386 294 1419 320 7⁶
1432 293 1639 334 flammam
1672 294 1775 334 invi-

360 352 440 392 diae
475 351 660 406 adjecere
692 349 841 398 edictO,
870 364 955 404 quo
987 349 1222 400 edixerunt,
1249 351 1311 391 Ne
1342 352 1430 404 quis
1461 365 1606 398 eornm,
1629 352 1699 403 qni
1723 351 1774 399 Q.

360 408 518 456 Fulvio,
541 408 594 448 A.
615 406 822 447 Postumio
853 406 1078 446 censoribus
1104 407 1268 459 publica
1303 409 1517 461 vectigalia
1539 414 1610 448 aut
1628 407 1662 434 ⁷7
1671 410 1777 448 ultro

358 466 514 505 tributa
534 465 826 512 conduxissent,
848 462 945 503 wad
962 465 1119 504 hastam
1140 478 1250 504 suam
1276 466 1490 514 accederet,
1513 467 1686 505 sociusve
1705 472 1778 506 aut

358 523 508 577 adfinis
542 520 624 572 ejus
662 521 936 561 conductionis
966 527 1077 561 esset.
1141 521 1259 576 Saepe
1293 521 1337 561 id
1372 522 1584 576 querendo
1619 530 1777 562 veteres

358 577 570 634 publicani
591 593 723 632 quum
744 576 966 633 impetrare
998 577 1236 632 nequissent
1257 578 1310 618 ab
1343 587 1503 628 senatu,
1526 587 1573 619 ut
1604 579 1775 619 modum

358 634 555 691 potestati
590 633 785 675 censoriae
818 634 1078 689 inponerent,
1107 635 1275 676 tandem
1308 634 1525 675 tribunum
1560 635 1692 690 plebis
1727 637 1774 676 P.

360 690 586 740 Rutilium,
624 706 675 731 ex
714 691 772 731 rei
812 691 988 746 privatae
1029 691 1290 732 contentione
1329 691 1483 732 iratum
1523 691 1774 741 censoribus,

358 756 583 803 patronum
604 762 760 788 caussae
781 748 891 789 nacti
925 756 1034 788 sunt.
1093 748 1127 775 ⁷9
1138 748 1342 789 Clientem
1374 748 1614 789 libertinum
1646 749 1777 804 parie-

360 813 444 845 tem
465 804 506 845 in
530 806 653 845 Sacra
685 804 753 845 via
784 805 982 845 adversus
1002 804 1150 846 80aedes
1182 805 1369 860 publicas
1389 805 1421 829 ⁸¹
1431 804 1618 846 demoliri
1645 806 1778 860 jusse-

359 864 484 911 rant‘,
519 861 633 916 quod
663 860 832 916 publico
861 861 1137 902 inaedificatus
1172 869 1289 902 esset.
1332 862 1530 917 adpellati
1560 878 1585 902 a
1612 862 1777 918 privato

360 917 531 958 tribuni.
564 933 696 973 quum
717 926 870 974 praeter
904 917 1114 959 Rutilium
1135 933 1255 958 nemo
1284 918 1571 968 intercederet,
1594 934 1779 960 censores

360 973 453 1014 ⁸²ad
483 974 659 1030 pignora
687 974 885 1030 capienda
920 975 1136 1025 miserunt,
1167 974 1427 1030 multamque
1467 991 1544 1031 pro
1585 975 1777 1017 concione

360 1030 525 1087 privato
552 1030 761 1072 dixerunt.
821 1030 1000 1072 ⁸⁵Hine=¹
1020 1031 1281 1073 contentione
1313 1040 1418 1081 orta,
1453 1047 1584 1087 quum
1618 1041 1778 1074 veteres

361 1087 571 1142 publicani
595 1103 636 1127 se
657 1088 710 1128 ad
746 1088 963 1129 tribunum
995 1088 1279 1137 contulissent,
1302 1088 1463 1143 rogatio
1497 1097 1665 1144 repente
1699 1090 1776 1130 sub

362 1143 485 1185 unius
506 1144 664 1185 tribuni
685 1144 848 1185 nomine
869 1145 1186 1200 promulgatur:
1223 1144 1324 1193 Quae
1348 1146 1513 1197 publica
1544 1147 1775 1200 vectigalia,

360 1202 468 1241 ultro
499 1201 653 1242 tributa
677 1203 721 1243 C.
744 1203 940 1243 Claudius
960 1209 999 1242 et
1026 1203 1090 1243 Ti.
1112 1203 1368 1255 Sempronius
1387 1204 1591 1250 locassent,
1614 1218 1662 1243 ea
1683 1211 1779 1244 rata

359 1259 507 1298 locatio
527 1272 577 1298 ne
596 1265 706 1299 esset.
729 1260 778 1299 de
798 1260 955 1313 integro
974 1261 1217 1307 locarentur,
1240 1266 1278 1299 et
1298 1266 1342 1299 ut
1361 1260 1538 1300 omnibns
1558 1262 1783 1302 redimendi

360 1321 399 1354 et
430 1316 677 1356 conducendi
699 1317 926 1368 promiscue
943 1315 1016 1369 jus
1040 1323 1150 1357 esset.
1210 1316 1333 1356 Diem
1354 1315 1448 1357 ⁸4ad
1483 1318 1572 1372 ejus
1602 1318 1780 1373 rogatio-

360 1386 453 1411 nem
487 1372 658 1413 concilio
691 1372 886 1413 tribunus
907 1373 1039 1428 plebis
1071 1373 1190 1414 dixit.
1223 1373 1295 1428 qui
1326 1382 1548 1429 postquam
1579 1375 1707 1425 venit,
1730 1384 1778 1416 ut

360 1443 546 1469 censores
577 1429 631 1469 ad
667 1428 993 1470 dissuadendum
1034 1438 1335 1486 processerunt,
1370 1431 1559 1471 Graccho
1601 1431 1777 1482 dicente,

361 1484 569 1526 silentium
622 1485 716 1526 fuit.
768 1501 899 1541 quum
942 1486 1120 1527 Claudio
1160 1487 1483 1542 obstreperetur,
1524 1487 1778 1529 audientiam

360 1540 495 1582 facere
521 1557 756 1597 praeconem
783 1543 922 1597 jussit.
982 1542 1088 1583 8⁵Eo
1121 1543 1246 1593 facto,
1269 1552 1482 1585 avocatam
1503 1559 1527 1584 a
1548 1559 1588 1584 se
1621 1545 1779 1585 concio-

360 1613 454 1638 nem
487 1599 683 1639 tribunus
715 1607 903 1654 questus,
926 1608 966 1640 et
987 1600 1030 1640 in
1062 1600 1249 1640 ordinem
1283 1615 1323 1640 se
1356 1609 1559 1651 coactum,
1582 1616 1633 1642 ex
1656 1601 1779 1657 Capi-

361 1654 476 1704 tolio,
508 1654 580 1696 ubi
611 1663 698 1696 erat
729 1655 963 1707 concilium,
994 1656 1107 1697 abiit.
1182 1657 1354 1697 Postero
1389 1657 1456 1697 die
1496 1657 1683 1713 ingentes
1713 1667 1779 1700 tu-

594 1757 606 1773 ³
623 1765 653 1785 re
667 1753 727 1785 del.
743 1754 839 1786 Gron.
968 1756 1138 1795 ‘jusserunt
1154 1755 1233 1786 Ead.
1363 1759 1379 1776 ¹¹
1393 1756 1452 1786 Hic
1468 1757 1547 1787 Ead.

415 1839 456 1870 75
480 1839 515 1870 In
539 1850 573 1869 ea
594 1839 641 1880 re]
666 1839 848 1881 Adjecimus
871 1850 979 1870 vocem
1001 1852 1043 1877 re,

1132 1842 1171 1871 82
1196 1842 1242 1871 Ad
1271 1843 1394 1883 pignora
1420 1842 1576 1883 capienda]
1609 1841 1684 1874 Vid.
1712 1847 1778 1874 not.

360 1892 422 1922 qua
452 1887 558 1912 carent
585 1882 791 1913 Gronovianae
821 1883 982 1919 editiones,
1008 1895 1045 1914 ex

1090 1885 1142 1914 70.
1159 1884 1199 1914 ad
1216 1885 1236 1913 l.
1251 1885 1316 1914 111.
1335 1895 1362 1915 c.
1377 1886 1429 1915 38.
1447 1896 1550 1927 supra.

360 1924 542 1955 auctoritate
564 1924 673 1966 primae
696 1926 849 1962 editionis,
874 1936 968 1967 quam
998 1937 1045 1958 se-

360 1972 449 1997 cutus
465 1972 511 1997 est
527 1978 649 2008 quoque
666 1968 818 2009 Sigonius.

403 2010 444 2040 76
468 2010 631 2040 Flammam
661 2012 782 2041 invidiae
812 2013 942 2051 adjecere
970 2014 1047 2042 edic-

360 2052 402 2092 to]
429 2052 545 2083 Odium
561 2052 593 2082 in
617 2063 649 2084 se
672 2054 822 2095 equestris
844 2054 958 2085 ordinis
980 2065 1047 2086 ma-

359 2095 407 2135 gis
443 2095 683 2126 inflammavere.
745 2096 902 2128 Videlicet
945 2098 1047 2139 publi-

360 2137 430 2168 cani
446 2149 483 2169 ex
500 2138 634 2179 equestri
649 2139 755 2170 ordine
771 2146 869 2171 erant.

405 2181 444 2210 77
473 2181 685 2223 Udo-atributa]
718 2183 793 2214 Vid-
808 2189 873 2214 not.
897 2183 950 2215 70.
971 2183 1011 2214 ad
1025 2184 1048 2216 l·

362 2223 519 2255 XXXIX.
536 2235 565 2255 c.
581 2225 634 2255 44.

413 2267 540 2297 78*Ad
567 2268 678 2297 hastam
705 2269 802 2308 suam]
840 2268 891 2299 Ad
922 2269 1049 2300 locatio-

360 2317 431 2339 nem
455 2320 553 2340 suam.
599 2310 675 2342 Vid.
696 2316 758 2340 not.
783 2312 836 2341 86.
861 2310 901 2342 ad
924 2312 1049 2343 XXIV.

413 2394 453 2424 79
479 2395 621 2424 Clientem.
646 2396 828 2436 libertinum]
860 2396 975 2427 Merito
997 2397 1049 2438 ju-

360 2434 444 2466 dicat
460 2436 634 2468 Gronovius
652 2438 818 2479 legendum
841 2449 909 2469 esse
935 2440 1048 2479 Hujus,

360 2488 471 2520 nempe
502 2479 626 2516 Rutilii,
650 2482 802 2517 clicntem;
840 2481 890 2512 vel
909 2482 1050 2513 Clientcm

360 2531 435 2561 ejus.

411 2565 451 2594 80
483 2566 572 2595 AEdes
599 2564 744 2606 publicas]
783 2566 879 2597 Haud
907 2567 982 2597 satis
1012 2567 1049 2597 li-

361 2611 446 2647 quet,
469 2607 544 2648 quid
573 2607 686 2639 fuerint
712 2608 795 2639 aedes
817 2608 879 2638 illae
903 2610 1050 2650 publicae.

360 2648 413 2679 An
435 2650 543 2690 quales
568 2656 639 2681 sunt
654 2651 736 2693 apud
760 2661 815 2681 nos
844 2651 982 2688 Maisons,
1009 2663 1049 2683 ou

362 2691 396 2720 H
398 2693 466 2723 otels
480 2694 515 2722 de
531 2693 626 2724 Ville?

412 2735 450 2765 81
488 2735 631 2766 Demoliri
657 2736 823 2777 jusserant]
865 2736 915 2766 Sic
951 2737 1050 2778 prima

362 2775 469 2813 editio,
512 2783 590 2809 teste
630 2778 780 2810 Hearnio.
847 2779 1050 2811 Recentiores

354 2820 520 2857 jusserunt,
537 2821 637 2853 minus
653 2821 822 2853 commode.

1132 1928 1173 1957 83
1199 1927 1279 1958 Hinc
1309 1930 1487 1958 contentione
1515 1928 1593 1969 orta]
1622 1927 1776 1959 Mendose

1091 1969 1123 1999 in
1138 1969 1358 2000 recentioribus
1374 1971 1463 2001 editis
1478 1971 1589 2011 legitur
1605 1972 1659 2000 hic.

1136 2013 1176 2042 84
1208 2014 1254 2043 Ad
1292 2015 1353 2052 ejus
1388 2014 1581 2055 rogationem]
1621 2013 1672 2044 Sic
1701 2013 1781 2044 dixit

1092 2054 1198 2085 Livius
1233 2058 1271 2086 ad
1301 2058 1363 2094 ejus
1395 2056 1560 2098 rogationis
1589 2058 1777 2098 rogationem,

1091 2098 1245 2138 quomodo
1281 2098 1409 2129 dixisset
1441 2101 1479 2130 ad
1516 2111 1578 2130 eam
1604 2101 1780 2141 rogationem

1091 2143 1264 2182 rogandam.
1325 2141 1449 2183 Rogatio
1481 2148 1527 2172 est
1557 2142 1709 2183 quidquid
1738 2141 1779 2173 ad

1091 2184 1241 2225 populum
1279 2183 1385 2215 fertur.
1443 2185 1693 2227 Promulgubatur
1730 2195 1776 2215 ro-

1093 2226 1188 2266 gatio,
1213 2237 1308 2268 quum
1330 2227 1363 2257 in
1384 2227 1510 2269 publico
1533 2228 1647 2269 scripta
1669 2238 1779 2269 propo-

1093 2276 1215 2300 neretur
1248 2280 1302 2311 per
1338 2269 1551 2300 trinundinum
1586 2270 1780 2312 inspicienda

1094 2317 1125 2342 et
1139 2312 1290 2343 versanda
1315 2313 1353 2342 ab
1369 2312 1406 2342 iis
1430 2313 1666 2355 quibuscunque
1694 2313 1781 2344 colli-

1093 2354 1219 2385 buisset.
1265 2355 1437 2396 Rogabatw·
1460 2361 1536 2391 tum,
1561 2367 1657 2397 quum
1680 2356 1718 2386 de
1742 2366 1780 2386 ea

1092 2398 1225 2439 populus
1239 2397 1271 2427 in
1286 2397 1464 2439 suffragium
1480 2398 1669 2430 mittebatur.

1144 2442 1185 2471 85
1217 2440 1260 2470 Eo
1279 2440 1366 2482 famo
1394 2448 1541 2471 avocatam
1570 2454 1588 2471 α
1613 2453 1641 2472 sc
1669 2443 1778 2472 concio-

1092 2483 1173 2523 nem]
1215 2482 1372 2514 Nimirum
1401 2483 1541 2514 tribunus
1571 2484 1707 2515 habebat
1742 2483 1780 2514 il-

1092 2525 1155 2555 lam
1193 2526 1373 2556 concionem
1410 2531 1441 2556 et
1474 2526 1605 2557 concilio
1637 2532 1779 2569 praeerat,

1093 2577 1154 2598 non
1182 2578 1334 2599 censores.
1391 2569 1497 2605 Quum
1519 2568 1612 2610 igitur
1633 2580 1688 2611 pro
1710 2575 1779 2611 pot-

1093 2615 1191 2640 estate
1231 2611 1373 2652 jussisset
1411 2611 1562 2642 Claudius
1604 2623 1781 2654 praeconem

1094 2652 1284 2684 audientiam
1307 2654 1420 2689 facere,
1444 2654 1606 2685 videbatur
1633 2665 1779 2686 avocasse

1093 2695 1273 2726 concionem
1298 2706 1316 2727 a
1339 2697 1471 2733 tribuno,
1495 2697 1527 2728 id
1550 2703 1606 2734 est,
1623 2697 1780 2728 concionis

1092 2738 1291 2769 moderamen
1313 2740 1474 2771 abstulisse
1499 2751 1517 2772 a
1540 2740 1660 2773 tribuno
1676 2746 1707 2772 et
1721 2739 1779 2770 sibi

1094 2780 1280 2812 vindicasse.
