1826 3149
379 81 494 117 234.
929 76 1237 116 EPITOMAE

374 192 466 228 rent
485 187 663 235 militem,
685 186 880 227 vendidit.
939 186 1053 239 Soepe
1074 187 1260 229 adversus
1289 188 1514 241 eruptiones
1532 188 1696 230 bostium
1715 188 1785 242 se-

376 244 501 285 liciter
519 245 735 298 pugnavit.
803 243 958 284 Vacccei
986 244 1144 293 obsessi,
1173 245 1312 286 liberis
1341 245 1641 301 cory'ugibusque
1669 248 1788 287 truci-

373 302 498 350 datis,
519 302 601 354 ipsi
619 315 661 341 se
689 302 988 340 interemerunt.
1049 300 1179 354 Scipio
1200 303 1445 355 amplissima
1466 317 1642 352 munera,
1662 306 1786 344 missa

374 359 447 399 sibi
465 358 516 398 ab
538 357 740 398 Antiocho
761 372 851 411 rege
879 357 1023 411 Syria,
1045 371 1161 411 quum
1191 360 1321 400 celare
1351 361 1448 400 aliis
1477 360 1786 413 imperatoribus

376 429 516 470 regum
529 428 694 454 munera
710 428 790 454 mos
804 421 918 464 esset,
932 428 1014 466 pro
1029 414 1230 455 tribunali
1250 423 1498 470 accepturum
1513 431 1553 458 se
1569 431 1648 458 esse
1663 419 1784 464 dixit,

377 473 589 525 omniaque
609 485 657 511 ea
680 469 826 522 referre
854 478 1087 524 qucestorem
1109 472 1149 512 in
1162 473 1347 525 publicas
1375 474 1534 515 tabulas
1549 473 1676 527 jussit
1693 493 1705 514 .-
1737 489 1787 514 ea·

378 531 432 570 iis
451 543 492 569 se
511 529 612 569 viris
625 528 812 582 sortibus
834 530 942 568 dona
971 530 1174 570 daturum.
1237 529 1366 578 Quum
1395 532 1571 584 undique
1601 531 1786 570 Numan-

377 588 477 626 tiam
497 585 702 625 obsidione
713 586 929 633 clausisset,
947 591 984 625 et
999 585 1297 638 obsessosfaine
1307 588 1456 628 videret
1471 589 1636 641 urgueri
1648 610 1662 634 ‚·
1696 589 1785 628 hos-

376 649 447 692 tes,
470 643 540 696 qui
551 642 790 695 pabulatum
812 644 1011 691 exierant,
1034 645 1161 684 vetuit
1180 646 1310 685 occidi
1324 667 1336 691 ,·
1376 647 1481 699 quod
1501 646 1658 693 diceret,
1680 646 1785 685 velo-

374 701 459 741 cius
479 714 542 741 eos
562 700 1035 755 absumturos,srumenti
1054 702 1160 755 quod
1180 701 1377 752 haberent,
1394 703 1431 743 si
1442 704 1584 756 plures
1586 703 1786 757 fuissent.

971 882 1183 936 LVIII.

439 990 506 1032 Ti.
535 991 792 1045 Sempronius
812 991 1019 1034 Gracchus
1034 993 1373 1046 tribunusplebis,
1391 1006 1510 1048 quum
1519 994 1645 1048 legem
1661 1006 1786 1047 agra-

375 1047 478 1088 riam
481 1046 613 1100 ferret
634 1050 822 1090 adversus
841 1051 1081 1091 voluntatem
1102 1058 1261 1091 senatus
1280 1056 1319 1091 et
1338 1051 1531 1104 equestris
1546 1052 1716 1099 ordinis,
1734 1065 1787 1091 ne

377 1105 469 1158 quis
489 1119 541 1145 ex
561 1105 731 1159 publico
758 1121 859 1161 agro
880 1106 988 1161 pluS,
1011 1122 1134 1162 quarn
1166 1107 1200 1131 ⁶³
1214 1107 1445 1162 quingenta
1468 1107 1631 1162 jugera,
1653 1108 1786 1162 possi-

376 1161 506 1210 deret,
529 1163 569 1202 z'n
589 1178 677 1203 eum
686 1162 870 1214 furorem
887 1165 1050 1213 exarsit,
1073 1171 1116 1204 ut
1140 1165 1201 1205 M.
1227 1166 1394 1205 Octavio
1413 1166 1588 1219 collegae,
1603 1179 1786 1205 caussam

375 1219 685 1272 diversoepartis
700 1221 941 1274 defhndmti,
950 1227 1190 1274 potestatem
1210 1223 1297 1275 lege
1311 1223 1400 1262 lata
1415 1222 1652 1276 abrogaret:
1684 1221 1716 1245 ⁶⁴
1724 1236 1785 1262 se-

376 1289 464 1329 que,
493 1283 530 1316 et
562 1275 787 1318 Gracchum
806 1276 995 1329 fratrem,
1018 1284 1057 1318 et
1087 1280 1166 1332 Ap.
1192 1279 1406 1320 Claudium
1436 1293 1623 1328 socerum,
1644 1279 1785 1320 trium-

377 1333 485 1374 viros
514 1335 571 1373 ad
598 1335 856 1375 dividendum
886 1349 1027 1389 agrum
1056 1342 1224 1376 crearet.
1289 1335 1569 1390 Promulgavit
1598 1342 1633 1376 et
1663 1336 1786 1376 aliam

375 1390 503 1443 legem
525 1392 746 1443 agrariam,
769 1391 801 1415 ⁶⁵
816 1406 895 1445 qua
916 1393 989 1432 sibi
1008 1393 1133 1433 latius
1149 1406 1288 1447 agrum
1302 1393 1570 1447 patefaceret,
1596 1401 1640 1433 ut
1660 1392 1787 1434 iidem

376 1448 584 1487 triumviri
609 1448 859 1502 judicarent,
884 1464 966 1504 qua
987 1449 1181 1503 publicus
1203 1464 1316 1505 ager,
1338 1464 1422 1504 qua
1452 1449 1636 1502 privatus
1667 1458 1785 1491 esset.

375 1504 535 1556 deinde,
556 1519 672 1558 quum
702 1507 831 1546 minus
860 1507 955 1560 agri
978 1513 1091 1555 esset,
1115 1521 1231 1561 quam
1262 1508 1366 1561 quod
1386 1507 1520 1548 dividi
1546 1514 1681 1560 posset
1699 1509 1787 1548 sine

375 1559 539 1612 obfensa
571 1562 689 1602 etiam
713 1563 857 1615 plebis,
884 1565 1087 1617 (quoniam
1118 1578 1182 1605 eos
1201 1566 1258 1604 ad
1285 1565 1546 1617 cupiditatem
1566 1564 1599 1587 ⁶⁶
1613 1567 1785 1618 amplum

375 1619 528 1658 modum
546 1620 738 1671 sperandi
764 1620 1015 1672 incitaverat)
1036 1622 1158 1674 legem
1179 1635 1219 1661 se
1236 1621 1570 1675 promulgaturum
1597 1623 1785 1672 ostendit,

377 1683 423 1714 ut
444 1675 505 1724 iis,
530 1675 602 1730 qui
635 1675 881 1730 Sempronia
911 1676 1002 1732 lege
1031 1692 1177 1733 agrum
1209 1677 1397 1730 accipere
1427 1678 1638 1728 deberent,
1660 1693 1785 1732 pecu-

376 1730 458 1780 nia,
476 1746 570 1786 quae
600 1732 709 1787 regis
739 1733 868 1774 Attali
900 1733 1052 1782 fuisset,
1074 1733 1342 1774 divideretur.
1403 1735 1622 1775 Haeredem
1653 1742 1786 1776 autem

367 1791 562 1841 populum
583 1789 809 1830 Romanum
836 1791 1053 1844 reliquerat
1073 1791 1251 1839 Attalus,
1273 1805 1343 1832 rea·
1362 1793 1571 1845 Pergami,
1591 1793 1787 1833 Eumenis

356 1846 495 1898 filius.
555 1844 589 1872 ⁶⁷
608 1846 684 1887 Tot
715 1848 1031 1902 indignitatibus
1059 1855 1267 1889 commotus
1282 1849 1469 1902 graviter
1499 1855 1670 1897 senalus,
1693 1857 1787 1891 ante

377 1916 507 1943 omnes
527 1901 560 1926 ⁶⁸
578 1903 624 1942 T.
647 1903 808 1944 Annius
834 1906 1071 1956 consularis,
1093 1907 1175 1959 qui,
1198 1920 1314 1959 quum
1345 1906 1389 1945 in
1419 1913 1557 1946 senatu
1586 1907 1626 1946 in
1650 1906 1784 1947 Grac-

374 1959 485 1999 clzum
508 1966 749 2012 perorasset,
771 1967 913 2014 raptus
943 1962 994 2002 ab
1021 1976 1065 2003 eo
1096 1963 1151 2003 ad
1173 1963 1381 2015 populum,
1403 1962 1634 2016 delatusque
1654 1963 1783 2016 plebi,

375 2029 509 2057 rursus
549 2018 593 2056 in
631 2031 716 2058 eum
750 2032 823 2071 pro
861 2020 1005 2060 rostris
1043 2020 1299 2060 concionatus
1338 2026 1409 2061 est.
1484 2021 1610 2068 Quum
1644 2020 1784 2062 iterum

418 2147 459 2177 63
496 2147 663 2189 Quingenta
680 2149 809 2191 jugera]
835 2149 927 2180 Certe
950 2160 1055 2181 emen-

1101 2149 1178 2180 Haec
1194 2148 1282 2180 nobis
1296 2149 1390 2191 paulo
1404 2149 1593 2190 suspectiora
1612 2155 1692 2180 sunt„
1710 2150 1784 2182 Vid.

376 2189 461 2220 datio
490 2190 618 2230 sigonii,
645 2192 718 2222 nixa
747 2192 916 2223 Plutarcho
944 2198 975 2223 et
989 2192 1056 2234 Ap-

1100 2191 1181 2222 infra
1202 2202 1229 2222 c.
1258 2192 1310 2222 31.
1335 2202 1428 2233 quem
1450 2202 1573 2222 sensum
1610 2202 1648 2222 ex
1669 2193 1707 2223 iis
1729 2204 1783 2225 ex-

374 2232 478 2274 piano.
502 2233 571 2264 Nec
592 2233 720 2264 dubium
736 2239 782 2264 est
797 2234 872 2276 quin
895 2235 1058 2266 Gracchus

374 2285 518 2306 revocare
547 2276 678 2307 voluerit
705 2276 807 2317 legem
837 2277 989 2308 Liciniam
1018 2277 1057 2308 de

376 2318 466 2348 modo
490 2328 643 2359 agrorum,
659 2318 698 2349 de
721 2329 784 2360 qua
800 2319 867 2350 Liv.
893 2320 958 2361 agit
979 2320 1058 2351 libro

376 2360 439 2390 VI.
462 2366 615 2391 extremo:
647 2372 716 2403 quae
740 2361 867 2402 quidem
892 2362 943 2393 lex
968 2361 1057 2393 illum

375 2401 476 2442 ipsum
504 2413 665 2434 numerum
702 2403 939 2445 quingentorum
964 2405 1055 2446 juge-

374 2454 441 2474 rum
470 2445 672 2486 praefiniebat.
716 2446 861 2488 Plerique
883 2447 964 2483 libri,
991 2454 1056 2478 tum

375 2486 492 2528 scripti,
515 2493 581 2518 tum
602 2488 689 2523 editi,
711 2487 870 2520 habebant
892 2492 987 2521 decem
999 2492 1055 2529 ju-

371 2540 462 2571 gera:
507 2530 686 2571 Campanus
729 2538 862 2562 centum:
913 2532 1057 2563 Pithoeus

374 2572 458 2614 apud
474 2572 645 2602 Hearnium
660 2573 750 2603 mille.

419 2615 460 2645 64
487 2615 575 2654 Seque
589 2620 616 2645 et
627 2614 761 2656 fratrem
777 2617 897 2657 Caium]
922 2616 973 2647 Sic
995 2615 1057 2657 legi

370 2655 464 2697 jussit
486 2656 628 2698 Sigonius
650 2667 687 2688 ex
711 2662 770 2688 vet.
799 2658 856 2689 lib.
877 2659 999 2695 melius,
1023 2664 1058 2689 ut

376 2699 464 2730 nobis
478 2699 611 2735 videtur,
627 2710 721 2741 quarn
743 2711 824 2741 seque
843 2707 869 2732 et
891 2701 1058 2732 Gracchum

365 2742 510 2782 fratrem,
544 2742 686 2784 quamvis
721 2742 868 2785 pleraque
911 2743 1057 2774 librorum

377 2794 486 2818 manus
500 2785 558 2815 hoc
573 2785 726 2826 praeferat.

419 2826 460 2857 65
485 2828 549 2862 Qua
564 2828 615 2859 sibi
631 2828 718 2859 latius
739 2840 844 2869 agrum
862 2828 1054 2870 patefaceret]

1101 2235 1240 2276 sculpere
1257 2240 1383 2265 conetur
1398 2234 1636 2266 Freinshemius.

1144 2277 1186 2307 66
1223 2278 1360 2317 Ampium
1381 2277 1511 2317 modum]
1546 2276 1695 2319 Amplum
1719 2278 1785 2319 agri

1101 2319 1239 2350 modum.
1292 2320 1370 2350 Haec
1393 2330 1468 2350 vera
1493 2324 1540 2350 est
1568 2319 1672 2356 lectio,
1689 2330 1784 2361 quam

1101 2361 1248 2392 exhibent
1262 2362 1414 2398 Andreas,
1433 2362 1623 2403 Campanus,
1633 2368 1664 2393 et
1678 2363 1785 2405 scripti

1101 2404 1256 2435 Gronovio
1277 2403 1423 2446 inspecti.
1475 2405 1613 2442 Quidam
1635 2405 1705 2436 libri
1726 2405 1783 2437 ha-

1098 2447 1174 2478 bent
1187 2448 1283 2486 ampla
1298 2449 1388 2478 modo.

1143 2490 1182 2520 67
1230 2490 1281 2519 Tot
1315 2488 1552 2530 indignitatibus]
1597 2488 1649 2519 Sic
1686 2489 1785 2520 edidit

1100 2530 1275 2563 Gronovius
1310 2541 1348 2561 ex
1379 2530 1500 2572 scriptis
1536 2536 1567 2562 et
1595 2535 1669 2562 vett.
1693 2532 1783 2563 editt·

1100 2574 1212 2615 quibus
1240 2573 1372 2604 succinit
1401 2572 1590 2616 Campanus.
1646 2574 1783 2611 Quidam

1100 2617 1358 2657 indignationibus.

1143 2658 1183 2688 68
1216 2658 1254 2689 Ρ.
1278 2659 1397 2689 Mucius
1418 2659 1532 2699 consul]
1564 2658 1648 2689 Libri
1677 2669 1783 2690 omnes

1100 2700 1151 2732 hic
1181 2706 1253 2731 sunt
1280 2700 1429 2732 mendosi.
1489 2701 1634 2742 Plerique
1666 2701 1782 2732 habent

1104 2743 1139 2774 C.
1164 2743 1317 2779 Antonius,
1342 2743 1395 2774 alii
1423 2743 1458 2774 T.
1487 2745 1612 2775 Annius.
1664 2744 1780 2774 Verum

1099 2796 1210 2818 nomen
1227 2785 1361 2818 consulis
1377 2786 1510 2828 reposuit
1525 2786 1677 2827 Sigonius.
