1805 3174
611 68 1066 118 PRIEFATIO.
1413 70 1522 119 xciii

76 224 209 256 mum
234 208 642 271 respondeamus,
661 225 752 257 nos
769 210 1027 258 discedere
1053 208 1273 257 noluisse
1292 210 1353 255 ab
1374 209 1525 272 ipsius

77 286 291 334 auctoris
327 285 560 348 exemplo
603 293 654 333 ct
694 295 874 342 mente,
917 287 1003 352 qui
1043 286 1278 335 secundae
1319 286 1526 333 decadis

75 364 424 427 supplementa
439 363 585 411 nullis
605 364 785 413 talibus
806 366 937 413 notis
955 365 1256 413 distinctane
1276 363 1444 411 dicam
1466 381 1528 411 an

77 441 406 504 confusaipse
424 440 650 501 ediderit,
674 458 774 489 non
805 442 1032 490 videmus
1059 442 1141 505 qui
1167 442 1216 489 id
1241 441 1384 489 nobis
1411 441 1529 489 vitio

76 519 195 567 verti
222 518 396 582 possit.
468 518 567 566 Sed
596 527 659 576 et,
685 520 723 567 si
742 537 945 585 quaque
970 520 1019 567 in
1045 537 1097 567 re
1122 520 1171 568 id
1198 519 1333 584 quod
1358 519 1529 582 praeci-

75 612 228 660 puum
273 603 350 643 est
375 595 553 643 intueri
579 596 794 644 maxime
818 598 963 645 decet
990 597 1132 661 eique
1158 595 1357 653 servire,
1384 612 1532 643 nemo

76 690 195 721 sane
215 673 458 721 dubitabit
475 674 594 737 quin
620 680 788 722 textus
815 675 1078 738 potissima
1103 674 1248 722 nobis
1275 691 1393 722 cura
1417 690 1528 721 esse

79 751 329 800 debuerit:
367 751 446 799 cui
473 759 639 800 tamen
665 759 803 801 tanta
823 770 955 817 saepe
972 753 1361 801 intermiscenda
1380 753 1536 800 fuerat

75 829 367 891 hujusmodi
391 838 619 878 notarum
648 831 915 879 multitudo
942 840 990 881 et
1014 831 1241 890 varietas,
1264 837 1318 878 nt
1343 830 1401 877 iis
1429 837 1535 877 tota

71 907 177 968 jam
202 908 312 969 ejus
337 908 489 956 facies
522 917 751 973 asperata
777 917 823 958 et
850 911 1054 959 horrens
1080 926 1278 958 omnem
1307 915 1439 956 esset
1461 907 1533 954 ni-

76 992 237 1034 torem
264 986 522 1035 amissura.
593 987 828 1049 Fatigant
844 989 949 1036 baec
971 995 1020 1035 et
1045 993 1353 1035 remorantur
1375 985 1533 1032 inten-

80 1062 264 1111 tionem
309 1063 535 1125 legentis,
561 1071 608 1112 et
633 1064 853 1112 deditam
882 1065 1025 1112 rebus
1052 1071 1265 1111 mentem
1293 1062 1391 1110 alio
1419 1078 1533 1110 avo-

78 1147 214 1188 cant.
285 1140 521 1204 Denique
565 1142 744 1188 doctos
770 1143 917 1196 viros,
955 1157 1080 1204 quos
1113 1141 1212 1187 fere
1236 1141 1332 1187 hoc
1359 1140 1533 1202 proba-

77 1217 271 1265 tionum
317 1225 367 1265 et
414 1218 813 1266 testimoniorum
860 1219 1080 1267 studium
1124 1218 1296 1280 tangit,
1340 1217 1530 1265 collata

79 1311 193 1342 cum
221 1294 367 1342 rebus
388 1302 645 1342 auctorum
662 1295 866 1342 nomina
884 1296 1028 1343 facile
1049 1296 1113 1342 ad
1134 1296 1295 1342 fontes
1324 1296 1528 1353 ducent,

81 1371 274 1418 etiamsi
298 1388 397 1418 non
423 1371 472 1418 in
498 1371 635 1434 ipsos
661 1371 843 1434 digitus
868 1371 1168 1422 intendatur.

145 1448 321 1496 Finem
358 1450 560 1497 tandem
604 1450 715 1497 huic
739 1450 1013 1513 praefationi
1037 1450 1371 1513 imponamus,
1399 1455 1529 1513 post·
1543 1471 1701 1501 conem-

79 1543 230 1591 quam
269 1534 435 1574 tamen
460 1527 668 1590 professi
695 1526 947 1583 fuerimus,
974 1544 1067 1574 nos
1094 1527 1140 1574 in
1166 1527 1402 1575 notandis
1428 1526 1530 1574 sive

81 1603 226 1664 Livii,
268 1604 371 1650 sive
411 1604 730 1666 interpretum
766 1605 874 1665 ejus
914 1612 960 1651 et
987 1604 1234 1651 editorum
1271 1605 1529 1660 erroribus,

79 1689 129 1729 et
152 1681 343 1728 levibus
368 1681 516 1728 etiam
542 1681 792 1728 interdum
819 1681 985 1737 naevis,
1012 1690 1063 1728 ut
1090 1698 1268 1743 magna
1290 1681 1529 1738 libertate,

81 1758 152 1806 sic
179 1759 316 1806 nullo
355 1759 520 1814 livore,
561 1759 701 1806 nulla
725 1759 1058 1806 maledicendi
1084 1760 1342 1823 prurigine,
1370 1776 1531 1806 versa-

81 1844 163 1883 tos
189 1852 313 1894 esse,
334 1836 418 1883 sed
440 1836 523 1883 uni
546 1836 736 1883 veritati
764 1836 952 1883 litasse.
1023 1837 1178 1897 Cujus
1202 1837 1403 1899 quiden]
1430 1846 1530 1884 tam

84 1919 259 1960 sancta
302 1920 418 1960 sunt
442 1915 574 1977 apud
618 1931 710 1962 nos
742 1914 872 1975 jura,
898 1921 952 1961 ut
993 1932 1117 1970 eam,
1144 1915 1184 1962 si
1209 1917 1413 1978 qnando
1439 1932 1530 1963 nos

83 2007 284 2053 quoque
309 1998 481 2053 arguet
505 1999 552 2038 et
578 1991 849 2051 damnabit,
875 2008 1070 2039 summo
1095 1992 1248 2039 simus
1273 1992 1458 2054 gaudio
1484 1999 1534 2040 et

83 2068 228 2116 obvia
252 2068 583 2131 gratulatione
608 2068 902 2131 amplexuri.

1545 1522 1612 1544 S10.

154 2144 283 2192 Fieri
325 2145 528 2192 omnino
553 2162 654 2192 non
679 2153 855 2209 potest,
884 2153 938 2193 ut
962 2145 1013 2192 in
1038 2153 1174 2193 tanto
1201 2163 1258 2192 ac
1284 2153 1384 2192 tam
1412 2145 1624 2196 mul-Quae
1641 2171 1749 2200 pecca-

85 2221 244 2284 tiplici
271 2238 438 2284 opere,
465 2223 544 2270 cui
569 2239 750 2283 magno
778 2222 943 2270 animo
970 2223 1285 2270 incubuimus
1310 2223 1528 2287 quidem,

1546 2206 1663 2241 vimus,
1679 2214 1747 2233 mo-

1546 2249 1615 2276 neri
1631 2247 1719 2285 cupi-

85 2299 175 2346 sed
195 2298 338 2345 variis
364 2298 602 2346 distracto
628 2299 773 2355 curis,
790 2316 915 2362 quas
934 2298 1375 2347 laboriosissimum
1396 2300 1531 2362 apud
1546 2299 1628 2319 ‘¹¹⁰³'

84 2392 179 2424 nos
205 2375 413 2439 publicae
439 2375 763 2437 professionis
789 2392 965 2423 munus
982 2385 1237 2440 percaput
1256 2385 1301 2424 et
1319 2377 1450 2424 circa
1468 2378 1535 2424 Za-

87 2459 164 2500 bas
187 2455 408 2501 salientes
427 2453 645 2515 undique
665 2453 893 2509 advocat,
919 2469 1021 2501 non
1047 2454 1206 2501 multa
1231 2471 1322 2501 nos
1348 2455 1531 2501 fefelle-

88 2529 199 2585 rint,
226 2529 367 2577 multi
401 2528 545 2577 nobis
586 2529 859 2577 exciderint
886 2546 1093 2587 errores,
1120 2530 1224 2578 sive
1248 2531 1533 2594 impruden-

88 2606 235 2662 tibus,
280 2605 381 2653 sive
421 2623 507 2669 per
544 2622 730 2653 meram
772 2623 934 2654 rerum
970 2607 1319 2670 ignorantiam.
1390 2609 1531 2662 Quos

89 2684 218 2731 adeo
241 2699 344 2730 non
368 2684 578 2731 moleste
601 2685 811 2732 feremus
836 2685 979 2733 nobis
1004 2686 1239 2740 exhiberi,
1284 2693 1337 2732 ut
1361 2697 1533 2733 contra

88 2759 377 2823 suppliciter
400 2775 596 2809 oremus
631 2777 717 2809 eos
742 2761 1025 2825 quicunque
1062 2769 1284 2809 nostrum
1310 2762 1441 2810 hunc
1465 2763 1534 2811 la-
