<?xml version="1.0" encoding="UTF-8"?>
<!DOCTYPE html PUBLIC "-//W3C//DTD XHTML 1.0 Transitional//EN"
    "http://www.w3.org/TR/xhtml1/DTD/xhtml1-transitional.dtd">
<html xmlns="http://www.w3.org/1999/xhtml" xml:lang="en" lang="en">
 <head>
  <title>
</title>
<meta http-equiv="Content-Type" content="text/html;charset=utf-8" />
  <meta name='ocr-system' content='tesseract 3.04.00' />
  <meta name='ocr-capabilities' content='ocr_page ocr_carea ocr_par ocr_line ocrx_word'/>
</head>
<body>
  <div class='ocr_page' id='page_1' title='image "./historiarumaburb04livyuoft/historiarumaburb04livyuoft_0487.png"; bbox 0 0 1805 3174; ppageno 0'>
   <div class='ocr_carea' id='block_1_1' title="bbox 561 80 1516 131">
    <p class='ocr_par' dir='ltr' id='par_1_1' title="bbox 561 80 1516 131">
     <span class='ocr_line' id='line_1_1' title="bbox 561 80 1516 131; baseline -0.005 0"><span class='ocrx_word' id='word_1_1' title='bbox 561 84 656 131; x_wconf 76' lang='lat' dir='ltr'>PR</span> <span class='ocrx_word' id='word_1_2' title='bbox 678 80 1023 130; x_wconf 60' lang='lat' dir='ltr'>[1‹3.1·&#39;Afr1().</span> <span class='ocrx_word' id='word_1_3' title='bbox 1362 80 1516 127; x_wconf 69' lang='lat' dir='ltr'>xxxix</span> 
     </span>
    </p>
   </div>
   <div class='ocr_carea' id='block_1_2' title="bbox 70 220 1727 1012">
    <p class='ocr_par' dir='ltr' id='par_1_2' title="bbox 70 220 1706 909">
     <span class='ocr_line' id='line_1_2' title="bbox 70 220 1520 286; baseline -0.005 -14"><span class='ocrx_word' id='word_1_4' title='bbox 70 225 218 272; x_wconf 90' lang='lat' dir='ltr'>deam</span> <span class='ocrx_word' id='word_1_5' title='bbox 243 228 292 272; x_wconf 91' lang='lat' dir='ltr'>et</span> <span class='ocrx_word' id='word_1_6' title='bbox 317 223 529 272; x_wconf 84' lang='lat' dir='ltr'>fideliter</span> <span class='ocrx_word' id='word_1_7' title='bbox 551 231 600 272; x_wconf 87' lang='lat' dir='ltr'>et</span> <span class='ocrx_word' id='word_1_8' title='bbox 622 223 992 286; x_wconf 82' lang='lat' dir='ltr'>elegantissima</span> <span class='ocrx_word' id='word_1_9' title='bbox 1023 237 1137 268; x_wconf 91' lang='lat' dir='ltr'>cum</span> <span class='ocrx_word' id='word_1_10' title='bbox 1166 220 1404 267; x_wconf 83' lang='lat' dir='ltr'>brevitate</span> <span class='ocrx_word' id='word_1_11' title='bbox 1438 237 1520 267; x_wconf 87' lang='lat' dir='ltr'>cx-</span> 
     </span>
     <span class='ocr_line' id='line_1_3' title="bbox 70 296 1522 366; baseline -0.006 -16"><span class='ocrx_word' id='word_1_12' title='bbox 70 302 269 366; x_wconf 75' lang='lat' dir='ltr'>primit?</span> <span class='ocrx_word' id='word_1_13' title='bbox 319 302 488 350; x_wconf 88' lang='lat' dir='ltr'>Unam</span> <span class='ocrx_word' id='word_1_14' title='bbox 531 317 647 349; x_wconf 92' lang='lat' dir='ltr'>vero</span> <span class='ocrx_word' id='word_1_15' title='bbox 687 299 981 349; x_wconf 79' lang='lat' dir='ltr'>sententiam</span> <span class='ocrx_word' id='word_1_16' title='bbox 1026 315 1088 346; x_wconf 86' lang='lat' dir='ltr'>ex</span> <span class='ocrx_word' id='word_1_17' title='bbox 1137 297 1233 345; x_wconf 85' lang='lat' dir='ltr'>alio</span> <span class='ocrx_word' id='word_1_18' title='bbox 1282 296 1522 359; x_wconf 78' lang='lat' dir='ltr'>scriptore</span> 
     </span>
     <span class='ocr_line' id='line_1_4' title="bbox 70 373 1523 441; baseline -0.004 -14"><span class='ocrx_word' id='word_1_19' title='bbox 70 382 360 428; x_wconf 79' lang='lat' dir='ltr'>translatam</span> <span class='ocrx_word' id='word_1_20' title='bbox 386 379 598 441; x_wconf 86' lang='lat' dir='ltr'>objicere</span> <span class='ocrx_word' id='word_1_21' title='bbox 636 377 893 434; x_wconf 81' lang='lat' dir='ltr'>Sallustio,</span> <span class='ocrx_word' id='word_1_22' title='bbox 919 392 1022 425; x_wconf 88' lang='lat' dir='ltr'>non</span> <span class='ocrx_word' id='word_1_23' title='bbox 1046 379 1150 441; x_wconf 85' lang='lat' dir='ltr'>ejus</span> <span class='ocrx_word' id='word_1_24' title='bbox 1175 380 1251 422; x_wconf 84' lang='lat' dir='ltr'>est</span> <span class='ocrx_word' id='word_1_25' title='bbox 1274 373 1358 437; x_wconf 89' lang='lat' dir='ltr'>qui</span> <span class='ocrx_word' id='word_1_26' title='bbox 1391 379 1523 421; x_wconf 83' lang='lat' dir='ltr'>totos</span> 
     </span>
     <span class='ocr_line' id='line_1_5' title="bbox 72 452 1706 519; baseline -0.005 -15"><span class='ocrx_word' id='word_1_27' title='bbox 72 456 276 519; x_wconf 89' lang='lat' dir='ltr'>Polybii</span> <span class='ocrx_word' id='word_1_28' title='bbox 310 458 461 505; x_wconf 88' lang='lat' dir='ltr'>libros</span> <span class='ocrx_word' id='word_1_29' title='bbox 497 456 776 504; x_wconf 77' lang='lat' dir='ltr'>exscribere</span> <span class='ocrx_word' id='word_1_30' title='bbox 812 454 992 502; x_wconf 90' lang='lat' dir='ltr'>solitus</span> <span class='ocrx_word' id='word_1_31' title='bbox 1032 454 1108 502; x_wconf 87' lang='lat' dir='ltr'>sit.</span> <span class='ocrx_word' id='word_1_32' title='bbox 1181 452 1325 500; x_wconf 86' lang='lat' dir='ltr'>Idem</span> <span class='ocrx_word' id='word_1_33' title='bbox 1357 458 1706 498; x_wconf 51' lang='lat' dir='ltr'>tamensimom.</span> 
     </span>
     <span class='ocr_line' id='line_1_6' title="bbox 72 529 1523 597; baseline -0.005 -15"><span class='ocrx_word' id='word_1_34' title='bbox 72 534 268 582; x_wconf 81' lang='lat' dir='ltr'>Seneca</span> <span class='ocrx_word' id='word_1_35' title='bbox 293 534 407 582; x_wconf 87' lang='lat' dir='ltr'>alibi</span> <span class='ocrx_word' id='word_1_36' title='bbox 432 534 663 597; x_wconf 78' lang='lat' dir='ltr'>agnoscit</span> <span class='ocrx_word' id='word_1_37' title='bbox 689 532 886 581; x_wconf 86' lang='lat' dir='ltr'>Livium</span> <span class='ocrx_word' id='word_1_38' title='bbox 911 538 1088 579; x_wconf 82' lang='lat' dir='ltr'>natura</span> <span class='ocrx_word' id='word_1_39' title='bbox 1107 529 1523 578; x_wconf 77' lang='lat' dir='ltr'>candidissimum</span> 
     </span>
     <span class='ocr_line' id='line_1_7' title="bbox 72 606 1524 675; baseline -0.003 -15"><span class='ocrx_word' id='word_1_40' title='bbox 72 613 294 660; x_wconf 90' lang='lat' dir='ltr'>omnium</span> <span class='ocrx_word' id='word_1_41' title='bbox 320 628 615 675; x_wconf 81' lang='lat' dir='ltr'>magnorum</span> <span class='ocrx_word' id='word_1_42' title='bbox 639 609 950 673; x_wconf 80' lang='lat' dir='ltr'>ingeniorum</span> <span class='ocrx_word' id='word_1_43' title='bbox 977 608 1329 656; x_wconf 82' lang='lat' dir='ltr'>aestimatorem</span> <span class='ocrx_word' id='word_1_44' title='bbox 1354 606 1524 655; x_wconf 80' lang='lat' dir='ltr'>fuisso.</span> 
     </span>
     <span class='ocr_line' id='line_1_8' title="bbox 72 684 1523 755; baseline -0.006 -15"><span class='ocrx_word' id='word_1_45' title='bbox 72 692 174 739; x_wconf 85' lang='lat' dir='ltr'>Sed</span> <span class='ocrx_word' id='word_1_46' title='bbox 201 708 380 755; x_wconf 85' lang='lat' dir='ltr'>nempe</span> <span class='ocrx_word' id='word_1_47' title='bbox 403 706 610 754; x_wconf 88' lang='lat' dir='ltr'>pravum</span> <span class='ocrx_word' id='word_1_48' title='bbox 644 687 808 735; x_wconf 85' lang='lat' dir='ltr'>laudis</span> <span class='ocrx_word' id='word_1_49' title='bbox 835 693 1088 735; x_wconf 84' lang='lat' dir='ltr'>certamen</span> <span class='ocrx_word' id='word_1_50' title='bbox 1124 684 1272 733; x_wconf 92' lang='lat' dir='ltr'>etiam</span> <span class='ocrx_word' id='word_1_51' title='bbox 1299 684 1523 732; x_wconf 86' lang='lat' dir='ltr'>modera-</span> 
     </span>
     <span class='ocr_line' id='line_1_9' title="bbox 72 762 1526 832; baseline -0.006 -15"><span class='ocrx_word' id='word_1_52' title='bbox 72 768 247 817; x_wconf 82' lang='lat' dir='ltr'>tissimi</span> <span class='ocrx_word' id='word_1_53' title='bbox 273 775 323 815; x_wconf 88' lang='lat' dir='ltr'>et</span> <span class='ocrx_word' id='word_1_54' title='bbox 348 766 613 832; x_wconf 83' lang='lat' dir='ltr'>aequissimi</span> <span class='ocrx_word' id='word_1_55' title='bbox 644 764 831 828; x_wconf 84' lang='lat' dir='ltr'>ingenii</span> <span class='ocrx_word' id='word_1_56' title='bbox 857 763 1106 827; x_wconf 85' lang='lat' dir='ltr'>animique</span> <span class='ocrx_word' id='word_1_57' title='bbox 1143 762 1368 811; x_wconf 89' lang='lat' dir='ltr'>homines</span> <span class='ocrx_word' id='word_1_58' title='bbox 1393 778 1526 826; x_wconf 87' lang='lat' dir='ltr'>saepe</span> 
     </span>
     <span class='ocr_line' id='line_1_10' title="bbox 73 845 548 909; baseline -0.002 -15"><span class='ocrx_word' id='word_1_59' title='bbox 73 854 379 894; x_wconf 88' lang='lat' dir='ltr'>transversos</span> <span class='ocrx_word' id='word_1_60' title='bbox 404 845 548 909; x_wconf 86' lang='lat' dir='ltr'>rapit.</span> 
     </span>
    </p>

    <p class='ocr_par' dir='ltr' id='par_1_3' title="bbox 139 918 1727 1012">
     <span class='ocr_line' id='line_1_11' title="bbox 139 918 1727 1012; baseline -0.006 -40"><span class='ocrx_word' id='word_1_61' title='bbox 139 924 336 973; x_wconf 91' lang='lat' dir='ltr'>Plinius</span> <span class='ocrx_word' id='word_1_62' title='bbox 362 940 462 972; x_wconf 89' lang='lat' dir='ltr'>non</span> <span class='ocrx_word' id='word_1_63' title='bbox 486 924 554 971; x_wconf 87' lang='lat' dir='ltr'>ita</span> <span class='ocrx_word' id='word_1_64' title='bbox 579 922 824 987; x_wconf 83' lang='lat' dir='ltr'>probabili</span> <span class='ocrx_word' id='word_1_65' title='bbox 846 922 911 970; x_wconf 90' lang='lat' dir='ltr'>de</span> <span class='ocrx_word' id='word_1_66' title='bbox 936 937 1089 969; x_wconf 87' lang='lat' dir='ltr'>causa</span> <span class='ocrx_word' id='word_1_67' title='bbox 1113 919 1306 967; x_wconf 89' lang='lat' dir='ltr'>videtur</span> <span class='ocrx_word' id='word_1_68' title='bbox 1332 918 1524 966; x_wconf 90' lang='lat' dir='ltr'>Livium</span> <span class='ocrx_word' id='word_1_69' title='bbox 1542 928 1727 1012; x_wconf 33' lang='grc' dir='ltr'>Ξῖιὲιΐπιιὲῑᾷἰη</span> 
     </span>
    </p>
   </div>
   <div class='ocr_carea' id='block_1_3' title="bbox 74 997 1738 1065">
    <p class='ocr_par' dir='ltr' id='par_1_4' title="bbox 74 997 1738 1065">
     <span class='ocr_line' id='line_1_12' title="bbox 74 997 1738 1065; baseline -0.004 -17"><span class='ocrx_word' id='word_1_70' title='bbox 74 1002 352 1050; x_wconf 83' lang='lat' dir='ltr'>lacessisse.</span> <span class='ocrx_word' id='word_1_71' title='bbox 422 1001 585 1050; x_wconf 89' lang='lat' dir='ltr'>Litem</span> <span class='ocrx_word' id='word_1_72' title='bbox 631 1001 675 1049; x_wconf 91' lang='lat' dir='ltr'>ei</span> <span class='ocrx_word' id='word_1_73' title='bbox 722 1008 984 1065; x_wconf 86' lang='lat' dir='ltr'>propterea</span> <span class='ocrx_word' id='word_1_74' title='bbox 1029 997 1259 1057; x_wconf 88' lang='lat' dir='ltr'>intendit,</span> <span class='ocrx_word' id='word_1_75' title='bbox 1293 997 1429 1060; x_wconf 91' lang='lat' dir='ltr'>quod</span> <span class='ocrx_word' id='word_1_76' title='bbox 1477 997 1738 1061; x_wconf 48' lang='grc' dir='ltr'>ίῐιαῑιᾶιριηρμ-</span> 
     </span>
    </p>
   </div>
   <div class='ocr_carea' id='block_1_4' title="bbox 1544 1058 1744 1097">
    <p class='ocr_par' dir='ltr' id='par_1_5' title="bbox 1544 1058 1744 1097">
     <span class='ocr_line' id='line_1_13' title="bbox 1544 1058 1744 1097; baseline -0.015 -9"><span class='ocrx_word' id='word_1_77' title='bbox 1544 1058 1627 1097; x_wconf 72' lang='lat' dir='ltr'>iicit:</span> <span class='ocrx_word' id='word_1_78' title='bbox 1654 1068 1744 1087; x_wconf 84' lang='lat' dir='ltr'>muu-</span> 
     </span>
    </p>
   </div>
   <div class='ocr_carea' id='block_1_5' title="bbox 60 1073 1736 2615">
    <p class='ocr_par' dir='ltr' id='par_1_6' title="bbox 60 1073 1736 2615">
     <span class='ocr_line' id='line_1_14' title="bbox 72 1073 1728 1142; baseline -0.007 -14"><span class='ocrx_word' id='word_1_79' title='bbox 72 1080 389 1128; x_wconf 86' lang='lat' dir='ltr'>historiarum</span> <span class='ocrx_word' id='word_1_80' title='bbox 415 1095 614 1127; x_wconf 90' lang='lat' dir='ltr'>suarum</span> <span class='ocrx_word' id='word_1_81' title='bbox 639 1078 861 1142; x_wconf 90' lang='lat' dir='ltr'>quodam</span> <span class='ocrx_word' id='word_1_82' title='bbox 885 1075 1139 1124; x_wconf 85' lang='lat' dir='ltr'>volumine</span> <span class='ocrx_word' id='word_1_83' title='bbox 1164 1074 1234 1122; x_wconf 90' lang='lat' dir='ltr'>sic</span> <span class='ocrx_word' id='word_1_84' title='bbox 1262 1090 1402 1121; x_wconf 88' lang='lat' dir='ltr'>orsus</span> <span class='ocrx_word' id='word_1_85' title='bbox 1428 1073 1594 1131; x_wconf 79' lang='lat' dir='ltr'>fue-·um</span> <span class='ocrx_word' id='word_1_86' title='bbox 1611 1112 1728 1131; x_wconf 39' lang='lat' dir='ltr'>,mse-</span> 
     </span>
     <span class='ocr_line' id='line_1_15' title="bbox 74 1143 1684 1218; baseline -0.004 -14"><span class='ocrx_word' id='word_1_87' title='bbox 74 1157 163 1204; x_wconf 85' lang='lat' dir='ltr'>rit:</span> <span class='ocrx_word' id='word_1_88' title='bbox 205 1165 234 1184; x_wconf 94' lang='lat'><strong>“</strong></span> <span class='ocrx_word' id='word_1_89' title='bbox 262 1156 382 1204; x_wconf 84' lang='lat' dir='ltr'>satis</span> <span class='ocrx_word' id='word_1_90' title='bbox 403 1156 511 1217; x_wconf 85' lang='lat' dir='ltr'>jam</span> <span class='ocrx_word' id='word_1_91' title='bbox 537 1156 630 1203; x_wconf 87' lang='lat' dir='ltr'>sibi</span> <span class='ocrx_word' id='word_1_92' title='bbox 655 1154 826 1218; x_wconf 70' lang='lat' dir='ltr'>gloriae</span> <span class='ocrx_word' id='word_1_93' title='bbox 851 1153 1131 1217; x_wconf 71' lang='lat' dir='ltr'>quaesitum,</span> <span class='ocrx_word' id='word_1_94' title='bbox 1158 1159 1208 1199; x_wconf 92' lang='lat' dir='ltr'>et</span> <span class='ocrx_word' id='word_1_95' title='bbox 1233 1151 1452 1216; x_wconf 87' lang='lat' dir='ltr'>potuisse</span> <span class='ocrx_word' id='word_1_96' title='bbox 1476 1169 1529 1199; x_wconf 85' lang='lat' dir='ltr'>se</span> <span class='ocrx_word' id='word_1_97' title='bbox 1545 1143 1684 1217; x_wconf 46' lang='lat'>{23¹⁸</span> 
     </span>
     <span class='ocr_line' id='line_1_16' title="bbox 77 1229 1529 1298; baseline -0.005 -15"><span class='ocrx_word' id='word_1_98' title='bbox 77 1235 321 1291; x_wconf 87' lang='lat' dir='ltr'>desinere,</span> <span class='ocrx_word' id='word_1_99' title='bbox 342 1234 388 1282; x_wconf 91' lang='lat' dir='ltr'>ni</span> <span class='ocrx_word' id='word_1_100' title='bbox 408 1234 600 1282; x_wconf 88' lang='lat' dir='ltr'>animus</span> <span class='ocrx_word' id='word_1_101' title='bbox 620 1233 814 1298; x_wconf 89' lang='lat' dir='ltr'>inquies</span> <span class='ocrx_word' id='word_1_102' title='bbox 832 1237 1125 1296; x_wconf 87' lang='lat' dir='ltr'>pasceretur</span> <span class='ocrx_word' id='word_1_103' title='bbox 1140 1231 1347 1294; x_wconf 86' lang='lat' dir='ltr'>ope1·e.&#39;&#39;</span> <span class='ocrx_word' id='word_1_104' title='bbox 1395 1229 1529 1277; x_wconf 78' lang='lat' dir='ltr'>Pro-</span> 
     </span>
     <span class='ocr_line' id='line_1_17' title="bbox 60 1307 1532 1376; baseline -0.006 -14"><span class='ocrx_word' id='word_1_105' title='bbox 60 1314 201 1376; x_wconf 75' lang='lat' dir='ltr'>fecto</span> <span class='ocrx_word' id='word_1_106' title='bbox 230 1315 369 1372; x_wconf 75' lang='lat' dir='ltr'>enim,</span> <span class='ocrx_word' id='word_1_107' title='bbox 394 1312 555 1376; x_wconf 90' lang='lat' dir='ltr'>inquit</span> <span class='ocrx_word' id='word_1_108' title='bbox 582 1311 795 1370; x_wconf 88' lang='lat' dir='ltr'>Plinius,</span> <span class='ocrx_word' id='word_1_109' title='bbox 812 1310 990 1374; x_wconf 73' lang='lat' dir='ltr'>populi</span> <span class='ocrx_word' id='word_1_110' title='bbox 1006 1309 1229 1375; x_wconf 78' lang='lat' dir='ltr'>gentium</span> <span class='ocrx_word' id='word_1_111' title='bbox 1247 1307 1464 1363; x_wconf 76' lang='lat' dir='ltr'>victoris,</span> <span class='ocrx_word' id='word_1_112' title='bbox 1487 1315 1532 1354; x_wconf 75' lang='lat' dir='ltr'>et</span> 
     </span>
     <span class='ocr_line' id='line_1_18' title="bbox 78 1385 1533 1454; baseline -0.006 -15"><span class='ocrx_word' id='word_1_113' title='bbox 78 1391 298 1439; x_wconf 80' lang='lat' dir='ltr'>Romani</span> <span class='ocrx_word' id='word_1_114' title='bbox 321 1391 530 1437; x_wconf 76' lang='lat' dir='ltr'>nominis</span> <span class='ocrx_word' id='word_1_115' title='bbox 549 1390 746 1454; x_wconf 74' lang='lat' dir='ltr'>gloriae,</span> <span class='ocrx_word' id='word_1_116' title='bbox 767 1405 862 1435; x_wconf 75' lang='lat' dir='ltr'>non</span> <span class='ocrx_word' id='word_1_117' title='bbox 881 1403 994 1442; x_wconf 78' lang='lat' dir='ltr'>suoe,</span> <span class='ocrx_word' id='word_1_118' title='bbox 1013 1386 1331 1449; x_wconf 76' lang='lat' dir='ltr'>composuisse</span> <span class='ocrx_word' id='word_1_119' title='bbox 1349 1385 1439 1431; x_wconf 73' lang='lat' dir='ltr'>illa</span> <span class='ocrx_word' id='word_1_120' title='bbox 1454 1386 1533 1431; x_wconf 83' lang='lat' dir='ltr'>de-</span> 
     </span>
     <span class='ocr_line' id='line_1_19' title="bbox 77 1461 1531 1526; baseline -0.006 -10"><span class='ocrx_word' id='word_1_121' title='bbox 77 1471 195 1518; x_wconf 75' lang='lat' dir='ltr'>cuit.</span> <span class='ocrx_word' id='word_1_122' title='bbox 265 1466 445 1515; x_wconf 85' lang='lat' dir='ltr'>Fuisse</span> <span class='ocrx_word' id='word_1_123' title='bbox 467 1483 579 1513; x_wconf 91' lang='lat' dir='ltr'>eum</span> <span class='ocrx_word' id='word_1_124' title='bbox 597 1465 818 1513; x_wconf 87' lang='lat' dir='ltr'>Romani</span> <span class='ocrx_word' id='word_1_125' title='bbox 837 1463 1053 1512; x_wconf 90' lang='lat' dir='ltr'>nominis</span> <span class='ocrx_word' id='word_1_126' title='bbox 1068 1462 1233 1526; x_wconf 84' lang='lat' dir='ltr'>gloriae</span> <span class='ocrx_word' id='word_1_127' title='bbox 1253 1461 1365 1525; x_wconf 89' lang='lat' dir='ltr'>plus</span> <span class='ocrx_word' id='word_1_128' title='bbox 1385 1461 1531 1508; x_wconf 86' lang='lat' dir='ltr'>etiam</span> 
     </span>
     <span class='ocr_line' id='line_1_20' title="bbox 77 1538 1532 1610; baseline -0.007 -16"><span class='ocrx_word' id='word_1_129' title='bbox 77 1562 226 1610; x_wconf 88' lang='lat' dir='ltr'>quam</span> <span class='ocrx_word' id='word_1_130' title='bbox 254 1544 375 1592; x_wconf 89' lang='lat' dir='ltr'>satis</span> <span class='ocrx_word' id='word_1_131' title='bbox 402 1543 464 1590; x_wconf 88' lang='lat' dir='ltr'>sit</span> <span class='ocrx_word' id='word_1_132' title='bbox 488 1542 767 1591; x_wconf 89' lang='lat' dir='ltr'>studiosum</span> <span class='ocrx_word' id='word_1_133' title='bbox 796 1559 945 1606; x_wconf 87' lang='lat' dir='ltr'>supra</span> <span class='ocrx_word' id='word_1_134' title='bbox 975 1539 1310 1604; x_wconf 80' lang='lat' dir='ltr'>probavimus,</span> <span class='ocrx_word' id='word_1_135' title='bbox 1383 1538 1532 1591; x_wconf 85' lang='lat' dir='ltr'>Quod</span> 
     </span>
     <span class='ocr_line' id='line_1_21' title="bbox 78 1615 1533 1684; baseline -0.007 -14"><span class='ocrx_word' id='word_1_136' title='bbox 78 1639 193 1671; x_wconf 88' lang='lat' dir='ltr'>vero</span> <span class='ocrx_word' id='word_1_137' title='bbox 219 1629 268 1670; x_wconf 86' lang='lat' dir='ltr'>et</span> <span class='ocrx_word' id='word_1_138' title='bbox 292 1639 394 1669; x_wconf 79' lang='lat' dir='ltr'>suae</span> <span class='ocrx_word' id='word_1_139' title='bbox 420 1636 622 1684; x_wconf 88' lang='lat' dir='ltr'>quoque</span> <span class='ocrx_word' id='word_1_140' title='bbox 648 1620 813 1668; x_wconf 84' lang='lat' dir='ltr'>laudis</span> <span class='ocrx_word' id='word_1_141' title='bbox 839 1619 1059 1682; x_wconf 89' lang='lat' dir='ltr'>aliquam</span> <span class='ocrx_word' id='word_1_142' title='bbox 1079 1617 1319 1664; x_wconf 87' lang='lat' dir='ltr'>rationem</span> <span class='ocrx_word' id='word_1_143' title='bbox 1346 1615 1533 1661; x_wconf 86' lang='lat' dir='ltr'>habue-</span> 
     </span>
     <span class='ocr_line' id='line_1_22' title="bbox 80 1692 1720 1763; baseline -0.004 -16"><span class='ocrx_word' id='word_1_144' title='bbox 80 1700 158 1758; x_wconf 85' lang='lat' dir='ltr'>rit,</span> <span class='ocrx_word' id='word_1_145' title='bbox 187 1699 299 1763; x_wconf 89' lang='lat' dir='ltr'>quis</span> <span class='ocrx_word' id='word_1_146' title='bbox 326 1698 370 1745; x_wconf 89' lang='lat' dir='ltr'>ei</span> <span class='ocrx_word' id='word_1_147' title='bbox 409 1698 600 1746; x_wconf 90' lang='lat' dir='ltr'>crimini</span> <span class='ocrx_word' id='word_1_148' title='bbox 625 1705 797 1754; x_wconf 86' lang='lat' dir='ltr'>vertat,</span> <span class='ocrx_word' id='word_1_149' title='bbox 822 1697 906 1760; x_wconf 92' lang='lat' dir='ltr'>qui</span> <span class='ocrx_word' id='word_1_150' title='bbox 932 1694 1211 1744; x_wconf 89' lang='lat' dir='ltr'>meminerit</span> <span class='ocrx_word' id='word_1_151' title='bbox 1247 1692 1533 1756; x_wconf 89' lang='lat' dir='ltr'>cupidinem</span> <span class='ocrx_word' id='word_1_152' title='bbox 1547 1711 1621 1758; x_wconf 49' lang='lat' dir='ltr'>iure.</span> <span class='ocrx_word' id='word_1_153' title='bbox 1641 1711 1720 1758; x_wconf 64' lang='lat' dir='ltr'>um.</span> 
     </span>
     <span class='ocr_line' id='line_1_23' title="bbox 79 1755 1657 1842; baseline -0.004 -18"><span class='ocrx_word' id='word_1_154' title='bbox 79 1777 247 1842; x_wconf 80' lang='lat' dir='ltr'>gloriae</span> <span class='ocrx_word' id='word_1_155' title='bbox 272 1775 421 1823; x_wconf 89' lang='lat' dir='ltr'>etiam</span> <span class='ocrx_word' id='word_1_156' title='bbox 448 1775 662 1838; x_wconf 88' lang='lat' dir='ltr'>sapienti</span> <span class='ocrx_word' id='word_1_157' title='bbox 687 1773 1008 1823; x_wconf 88' lang='lat' dir='ltr'>novissimam</span> <span class='ocrx_word' id='word_1_158' title='bbox 1035 1771 1182 1820; x_wconf 72' lang='lat' dir='ltr'>exui?</span> <span class='ocrx_word' id='word_1_159' title='bbox 1548 1755 1585 1784; x_wconf 56' lang='grc' dir='ltr'>Π</span> <span class='ocrx_word' id='word_1_160' title='bbox 1602 1777 1608 1784; x_wconf 90' lang='grc'><strong>”</strong></span> <span class='ocrx_word' id='word_1_161' title='bbox 1626 1757 1657 1784; x_wconf 66' lang='lat'>⁰·</span> 
     </span>
     <span class='ocr_line' id='line_1_24' title="bbox 149 1849 1696 1916; baseline -0.005 -13"><span class='ocrx_word' id='word_1_162' title='bbox 149 1854 386 1915; x_wconf 88' lang='lat' dir='ltr'>Omnino,</span> <span class='ocrx_word' id='word_1_163' title='bbox 413 1854 453 1902; x_wconf 90' lang='lat' dir='ltr'>si</span> <span class='ocrx_word' id='word_1_164' title='bbox 478 1871 641 1903; x_wconf 89' lang='lat' dir='ltr'>mores</span> <span class='ocrx_word' id='word_1_165' title='bbox 667 1855 776 1916; x_wconf 86' lang='lat' dir='ltr'>ejus</span> <span class='ocrx_word' id='word_1_166' title='bbox 801 1870 863 1902; x_wconf 87' lang='lat' dir='ltr'>ex</span> <span class='ocrx_word' id='word_1_167' title='bbox 887 1851 1086 1915; x_wconf 88' lang='lat' dir='ltr'>scriptis</span> <span class='ocrx_word' id='word_1_168' title='bbox 1112 1849 1696 1908; x_wconf 57' lang='lat' dir='ltr'>aestimave1·imus‚1›·›nvn</span> 
     </span>
     <span class='ocr_line' id='line_1_25' title="bbox 81 1906 1736 1996; baseline -0.004 -15"><span class='ocrx_word' id='word_1_169' title='bbox 81 1939 137 1981; x_wconf 90' lang='lat' dir='ltr'>ut</span> <span class='ocrx_word' id='word_1_170' title='bbox 161 1934 262 1980; x_wconf 88' lang='lat' dir='ltr'>fere</span> <span class='ocrx_word' id='word_1_171' title='bbox 298 1932 461 1980; x_wconf 92' lang='lat' dir='ltr'>solent</span> <span class='ocrx_word' id='word_1_172' title='bbox 483 1932 514 1980; x_wconf 92' lang='lat' dir='ltr'>ii</span> <span class='ocrx_word' id='word_1_173' title='bbox 538 1932 623 1996; x_wconf 92' lang='lat' dir='ltr'>qui</span> <span class='ocrx_word' id='word_1_174' title='bbox 650 1931 875 1980; x_wconf 88' lang='lat' dir='ltr'>scribunt</span> <span class='ocrx_word' id='word_1_175' title='bbox 911 1928 1115 1993; x_wconf 87' lang='lat' dir='ltr'>aliquid,</span> <span class='ocrx_word' id='word_1_176' title='bbox 1143 1927 1294 1975; x_wconf 87' lang='lat' dir='ltr'>animi</span> <span class='ocrx_word' id='word_1_177' title='bbox 1329 1926 1405 1975; x_wconf 88' lang='lat' dir='ltr'>sui</span> <span class='ocrx_word' id='word_1_178' title='bbox 1438 1906 1736 1988; x_wconf 51' lang='lat' dir='ltr'>efli-ssss‘ilsi&#39;ssliua.</span> 
     </span>
     <span class='ocr_line' id='line_1_26' title="bbox 82 2005 1535 2073; baseline -0.003 -16"><span class='ocrx_word' id='word_1_179' title='bbox 82 2010 212 2072; x_wconf 82' lang='lat' dir='ltr'>giem</span> <span class='ocrx_word' id='word_1_180' title='bbox 255 2009 405 2057; x_wconf 88' lang='lat' dir='ltr'>etiam</span> <span class='ocrx_word' id='word_1_181' title='bbox 446 2009 580 2057; x_wconf 90' lang='lat' dir='ltr'>aliud</span> <span class='ocrx_word' id='word_1_182' title='bbox 621 2009 816 2073; x_wconf 85' lang='lat' dir='ltr'>agendo</span> <span class='ocrx_word' id='word_1_183' title='bbox 852 2008 905 2056; x_wconf 92' lang='lat' dir='ltr'>in</span> <span class='ocrx_word' id='word_1_184' title='bbox 940 2006 1074 2054; x_wconf 89' lang='lat' dir='ltr'>libris</span> <span class='ocrx_word' id='word_1_185' title='bbox 1111 2005 1214 2054; x_wconf 88' lang='lat' dir='ltr'>suis</span> <span class='ocrx_word' id='word_1_186' title='bbox 1249 2005 1535 2069; x_wconf 82' lang='lat' dir='ltr'>exprimere,</span> 
     </span>
     <span class='ocr_line' id='line_1_27' title="bbox 85 2082 1537 2151; baseline -0.003 -16"><span class='ocrx_word' id='word_1_187' title='bbox 85 2087 311 2136; x_wconf 88' lang='lat' dir='ltr'>dubitare</span> <span class='ocrx_word' id='word_1_188' title='bbox 335 2103 438 2135; x_wconf 91' lang='lat' dir='ltr'>non</span> <span class='ocrx_word' id='word_1_189' title='bbox 462 2103 748 2151; x_wconf 89' lang='lat' dir='ltr'>possumus,</span> <span class='ocrx_word' id='word_1_190' title='bbox 770 2084 889 2149; x_wconf 91' lang='lat' dir='ltr'>quin</span> <span class='ocrx_word' id='word_1_191' title='bbox 914 2082 1330 2132; x_wconf 87' lang='lat' dir='ltr'>candidissimum</span> <span class='ocrx_word' id='word_1_192' title='bbox 1353 2083 1396 2131; x_wconf 93' lang='lat' dir='ltr'>ei</span> <span class='ocrx_word' id='word_1_193' title='bbox 1420 2100 1537 2147; x_wconf 89' lang='lat' dir='ltr'>pec-</span> 
     </span>
     <span class='ocr_line' id='line_1_28' title="bbox 83 2161 1539 2228; baseline -0.003 -15"><span class='ocrx_word' id='word_1_194' title='bbox 83 2174 164 2213; x_wconf 84' lang='lat' dir='ltr'>tus</span> <span class='ocrx_word' id='word_1_195' title='bbox 183 2164 327 2212; x_wconf 88' lang='lat' dir='ltr'>fuerit</span> <span class='ocrx_word' id='word_1_196' title='bbox 344 2163 842 2228; x_wconf 87' lang='lat' dir='ltr'>amantissimumque</span> <span class='ocrx_word' id='word_1_197' title='bbox 859 2161 1067 2210; x_wconf 86' lang='lat' dir='ltr'>virtutis.</span> <span class='ocrx_word' id='word_1_198' title='bbox 1107 2162 1231 2210; x_wconf 90' lang='lat' dir='ltr'>Eam</span> <span class='ocrx_word' id='word_1_199' title='bbox 1248 2161 1330 2209; x_wconf 91' lang='lat' dir='ltr'>ille</span> <span class='ocrx_word' id='word_1_200' title='bbox 1354 2162 1539 2226; x_wconf 89' lang='lat' dir='ltr'>ubique</span> 
     </span>
     <span class='ocr_line' id='line_1_29' title="bbox 86 2238 1541 2298; baseline -0.001 -9"><span class='ocrx_word' id='word_1_201' title='bbox 86 2241 238 2289; x_wconf 90' lang='lat' dir='ltr'>tantis</span> <span class='ocrx_word' id='word_1_202' title='bbox 264 2240 513 2298; x_wconf 87' lang='lat' dir='ltr'>laudibus,</span> <span class='ocrx_word' id='word_1_203' title='bbox 539 2247 640 2289; x_wconf 88' lang='lat' dir='ltr'>tam</span> <span class='ocrx_word' id='word_1_204' title='bbox 666 2241 729 2288; x_wconf 91' lang='lat' dir='ltr'>ab</span> <span class='ocrx_word' id='word_1_205' title='bbox 753 2238 888 2288; x_wconf 90' lang='lat' dir='ltr'>omni</span> <span class='ocrx_word' id='word_1_206' title='bbox 913 2239 1029 2286; x_wconf 89' lang='lat' dir='ltr'>fuco</span> <span class='ocrx_word' id='word_1_207' title='bbox 1055 2244 1105 2286; x_wconf 94' lang='lat' dir='ltr'>et</span> <span class='ocrx_word' id='word_1_208' title='bbox 1129 2239 1379 2287; x_wconf 91' lang='lat' dir='ltr'>mendacii</span> <span class='ocrx_word' id='word_1_209' title='bbox 1404 2240 1541 2287; x_wconf 84' lang='lat' dir='ltr'>larva</span> 
     </span>
     <span class='ocr_line' id='line_1_30' title="bbox 86 2315 1539 2380; baseline -0.003 -13"><span class='ocrx_word' id='word_1_210' title='bbox 86 2319 263 2368; x_wconf 88' lang='lat' dir='ltr'>alienis</span> <span class='ocrx_word' id='word_1_211' title='bbox 300 2318 511 2380; x_wconf 87' lang='lat' dir='ltr'>extollit,</span> <span class='ocrx_word' id='word_1_212' title='bbox 537 2325 591 2366; x_wconf 88' lang='lat' dir='ltr'>ut</span> <span class='ocrx_word' id='word_1_213' title='bbox 613 2318 742 2366; x_wconf 87' lang='lat' dir='ltr'>intra</span> <span class='ocrx_word' id='word_1_214' title='bbox 777 2316 992 2365; x_wconf 89' lang='lat' dir='ltr'>otiosam</span> <span class='ocrx_word' id='word_1_215' title='bbox 1016 2316 1124 2378; x_wconf 90' lang='lat' dir='ltr'>ejus</span> <span class='ocrx_word' id='word_1_216' title='bbox 1159 2315 1539 2364; x_wconf 87' lang='lat' dir='ltr'>admirationem</span> 
     </span>
     <span class='ocr_line' id='line_1_31' title="bbox 87 2393 1539 2458; baseline -0.003 -12"><span class='ocrx_word' id='word_1_217' title='bbox 87 2397 288 2446; x_wconf 88' lang='lat' dir='ltr'>minime</span> <span class='ocrx_word' id='word_1_218' title='bbox 313 2397 510 2445; x_wconf 83' lang='lat' dir='ltr'>stetisse</span> <span class='ocrx_word' id='word_1_219' title='bbox 526 2397 770 2444; x_wconf 85' lang='lat' dir='ltr'>videatur.</span> <span class='ocrx_word' id='word_1_220' title='bbox 844 2394 984 2443; x_wconf 87' lang='lat' dir='ltr'>Scias</span> <span class='ocrx_word' id='word_1_221' title='bbox 1011 2410 1122 2442; x_wconf 90' lang='lat' dir='ltr'>eum</span> <span class='ocrx_word' id='word_1_222' title='bbox 1142 2393 1227 2458; x_wconf 91' lang='lat' dir='ltr'>qui</span> <span class='ocrx_word' id='word_1_223' title='bbox 1244 2394 1472 2442; x_wconf 87' lang='lat' dir='ltr'>virtutem</span> <span class='ocrx_word' id='word_1_224' title='bbox 1488 2393 1539 2441; x_wconf 93' lang='lat' dir='ltr'>in</span> 
     </span>
     <span class='ocr_line' id='line_1_32' title="bbox 87 2474 1272 2537; baseline -0.003 -13"><span class='ocrx_word' id='word_1_225' title='bbox 87 2475 259 2524; x_wconf 91' lang='lat' dir='ltr'>ceteris</span> <span class='ocrx_word' id='word_1_226' title='bbox 284 2475 469 2524; x_wconf 71' lang='lat' dir='ltr'>eximie</span> <span class='ocrx_word' id='word_1_227' title='bbox 493 2475 684 2532; x_wconf 87' lang='lat' dir='ltr'>laudet,</span> <span class='ocrx_word' id='word_1_228' title='bbox 712 2474 762 2522; x_wconf 89' lang='lat' dir='ltr'>in</span> <span class='ocrx_word' id='word_1_229' title='bbox 788 2490 842 2521; x_wconf 92' lang='lat' dir='ltr'>se</span> <span class='ocrx_word' id='word_1_230' title='bbox 865 2490 1067 2537; x_wconf 91' lang='lat' dir='ltr'>quoque</span> <span class='ocrx_word' id='word_1_231' title='bbox 1091 2488 1272 2521; x_wconf 90' lang='lat' dir='ltr'>amare.</span> 
     </span>
     <span class='ocr_line' id='line_1_33' title="bbox 153 2548 1707 2615; baseline -0.006 -14"><span class='ocrx_word' id='word_1_232' title='bbox 153 2552 299 2601; x_wconf 88' lang='lat' dir='ltr'>Tanti</span> <span class='ocrx_word' id='word_1_233' title='bbox 335 2552 421 2601; x_wconf 91' lang='lat' dir='ltr'>viri</span> <span class='ocrx_word' id='word_1_234' title='bbox 455 2552 759 2608; x_wconf 88' lang='lat' dir='ltr'>memoriam,</span> <span class='ocrx_word' id='word_1_235' title='bbox 784 2568 894 2615; x_wconf 87' lang='lat' dir='ltr'>quae</span> <span class='ocrx_word' id='word_1_236' title='bbox 930 2550 1022 2599; x_wconf 93' lang='lat' dir='ltr'>toti</span> <span class='ocrx_word' id='word_1_237' title='bbox 1056 2550 1272 2598; x_wconf 87' lang='lat' dir='ltr'>litterato</span> <span class='ocrx_word' id='word_1_238' title='bbox 1302 2548 1425 2597; x_wconf 88' lang='lat' dir='ltr'>Orbi</span> <span class='ocrx_word' id='word_1_239' title='bbox 1456 2561 1707 2593; x_wconf 49' lang='lat' dir='ltr'>ve-Anicw.</span> 
     </span>
    </p>
   </div>
   <div class='ocr_carea' id='block_1_6' title="bbox 1550 2604 1715 2634">
    <p class='ocr_par' dir='ltr' id='par_1_7' title="bbox 1550 2604 1715 2634">
     <span class='ocr_line' id='line_1_34' title="bbox 1550 2604 1715 2634; baseline 0.006 -1"><span class='ocrx_word' id='word_1_240' title='bbox 1550 2604 1715 2634; x_wconf 63' lang='lat' dir='ltr'>Hoxouns</span> 
     </span>
    </p>
   </div>
   <div class='ocr_carea' id='block_1_7' title="bbox 88 2623 1707 2690">
    <p class='ocr_par' dir='ltr' id='par_1_8' title="bbox 88 2623 1707 2690">
     <span class='ocr_line' id='line_1_35' title="bbox 88 2623 1707 2690; baseline -0.007 -11"><span class='ocrx_word' id='word_1_241' title='bbox 88 2629 329 2679; x_wconf 89' lang='lat' dir='ltr'>nerationi</span> <span class='ocrx_word' id='word_1_242' title='bbox 367 2647 477 2678; x_wconf 90' lang='lat' dir='ltr'>esse</span> <span class='ocrx_word' id='word_1_243' title='bbox 513 2630 676 2687; x_wconf 89' lang='lat' dir='ltr'>debet,</span> <span class='ocrx_word' id='word_1_244' title='bbox 708 2627 942 2677; x_wconf 88' lang='lat' dir='ltr'>Patavini</span> <span class='ocrx_word' id='word_1_245' title='bbox 976 2628 1082 2690; x_wconf 90' lang='lat' dir='ltr'>ejus</span> <span class='ocrx_word' id='word_1_246' title='bbox 1119 2626 1251 2675; x_wconf 90' lang='lat' dir='ltr'>cives</span> <span class='ocrx_word' id='word_1_247' title='bbox 1287 2623 1535 2689; x_wconf 83' lang='lat' dir='ltr'>praecipuo</span> <span class='ocrx_word' id='word_1_248' title='bbox 1551 2657 1707 2677; x_wconf 43' lang='lat' dir='ltr'>mmm-</span> 
     </span>
    </p>
   </div>
   <div class='ocr_carea' id='block_1_8' title="bbox 1553 2700 1703 2720">
    <p class='ocr_par' dir='ltr' id='par_1_9' title="bbox 1553 2700 1703 2720">
     <span class='ocr_line' id='line_1_36' title="bbox 1553 2700 1703 2720; baseline 0.007 -1"><span class='ocrx_word' id='word_1_249' title='bbox 1553 2700 1667 2719; x_wconf 73' lang='lat' dir='ltr'>MORIAE</span> <span class='ocrx_word' id='word_1_250' title='bbox 1685 2701 1703 2720; x_wconf 89' lang='grc' dir='ltr'><strong>Δ</strong></span> 
     </span>
    </p>
   </div>
   <div class='ocr_carea' id='block_1_9' title="bbox 89 2703 1741 2763">
    <p class='ocr_par' dir='ltr' id='par_1_10' title="bbox 89 2703 1741 2763">
     <span class='ocr_line' id='line_1_37' title="bbox 89 2703 1741 2763; baseline -0.006 -7"><span class='ocrx_word' id='word_1_251' title='bbox 89 2708 185 2756; x_wconf 92' lang='lat' dir='ltr'>sibi</span> <span class='ocrx_word' id='word_1_252' title='bbox 199 2709 389 2756; x_wconf 89' lang='lat' dir='ltr'>honore</span> <span class='ocrx_word' id='word_1_253' title='bbox 405 2709 677 2757; x_wconf 88' lang='lat' dir='ltr'>colendam</span> <span class='ocrx_word' id='word_1_254' title='bbox 696 2725 805 2756; x_wconf 91' lang='lat' dir='ltr'>esse</span> <span class='ocrx_word' id='word_1_255' title='bbox 826 2707 1190 2755; x_wconf 85' lang='lat' dir='ltr'>existimavere.</span> <span class='ocrx_word' id='word_1_256' title='bbox 1253 2703 1353 2751; x_wconf 88' lang='lat' dir='ltr'>Sed</span> <span class='ocrx_word' id='word_1_257' title='bbox 1373 2717 1538 2748; x_wconf 87' lang='lat' dir='ltr'>veren-</span> <span class='ocrx_word' id='word_1_258' title='bbox 1552 2733 1741 2763; x_wconf 46' lang='lat' dir='ltr'>mmmm</span> 
     </span>
    </p>
   </div>
   <div class='ocr_carea' id='block_1_10' title="bbox 90 2780 1685 2904">
    <p class='ocr_par' dir='ltr' id='par_1_11' title="bbox 90 2780 1685 2904">
     <span class='ocr_line' id='line_1_38' title="bbox 90 2780 1685 2849; baseline -0.007 -15"><span class='ocrx_word' id='word_1_259' title='bbox 90 2793 169 2835; x_wconf 87' lang='lat' dir='ltr'>tur</span> <span class='ocrx_word' id='word_1_260' title='bbox 193 2786 347 2845; x_wconf 87' lang='lat' dir='ltr'>docti,</span> <span class='ocrx_word' id='word_1_261' title='bbox 373 2803 433 2835; x_wconf 90' lang='lat' dir='ltr'>ne</span> <span class='ocrx_word' id='word_1_262' title='bbox 458 2804 550 2836; x_wconf 86' lang='lat' dir='ltr'>sua</span> <span class='ocrx_word' id='word_1_263' title='bbox 573 2803 659 2837; x_wconf 90' lang='lat' dir='ltr'>eos</span> <span class='ocrx_word' id='word_1_264' title='bbox 683 2786 913 2835; x_wconf 86' lang='lat' dir='ltr'>fefellerit</span> <span class='ocrx_word' id='word_1_265' title='bbox 937 2784 1115 2849; x_wconf 86' lang='lat' dir='ltr'>pietas,</span> <span class='ocrx_word' id='word_1_266' title='bbox 1141 2783 1260 2830; x_wconf 91' lang='lat' dir='ltr'>dum</span> <span class='ocrx_word' id='word_1_267' title='bbox 1295 2780 1402 2842; x_wconf 86' lang='lat' dir='ltr'>ejus</span> <span class='ocrx_word' id='word_1_268' title='bbox 1426 2795 1541 2828; x_wconf 85' lang='lat' dir='ltr'>ossa</span> <span class='ocrx_word' id='word_1_269' title='bbox 1555 2786 1685 2807; x_wconf 58' lang='lat' dir='ltr'>“stm-</span> 
     </span>
     <span class='ocr_line' id='line_1_39' title="bbox 833 2870 903 2904; baseline 0 0"><span class='ocrx_word' id='word_1_270' title='bbox 833 2878 855 2904; x_wconf 85' lang='lat' dir='ltr'>c</span> <span class='ocrx_word' id='word_1_271' title='bbox 879 2870 903 2904; x_wconf 81' lang='lat'>4</span> 
     </span>
    </p>
   </div>
   <div class='ocr_carea' id='block_1_11' title="bbox 1646 1187 1722 1217">
    <p class='ocr_par' dir='ltr' id='par_1_12' title="bbox 1646 1187 1722 1217">
     <span class='ocr_line' id='line_1_40' title="bbox 1646 1187 1722 1217; baseline 0 0"><span class='ocrx_word' id='word_1_272' title='bbox 1646 1187 1722 1217; x_wconf 72' lang='lat' dir='ltr'>Nat.</span> 
     </span>
    </p>
   </div>
  </div>
 </body>
</html>
