<?xml version="1.0" encoding="UTF-8"?>
<!DOCTYPE html PUBLIC "-//W3C//DTD XHTML 1.0 Transitional//EN"
    "http://www.w3.org/TR/xhtml1/DTD/xhtml1-transitional.dtd">
<html xmlns="http://www.w3.org/1999/xhtml" xml:lang="en" lang="en">
 <head>
  <title>
</title>
<meta http-equiv="Content-Type" content="text/html;charset=utf-8" />
  <meta name='ocr-system' content='tesseract 3.04.00' />
  <meta name='ocr-capabilities' content='ocr_page ocr_carea ocr_par ocr_line ocrx_word'/>
</head>
<body>
  <div class='ocr_page' id='page_1' title='image "./historiarumaburb04livyuoft/historiarumaburb04livyuoft_0383.png"; bbox 0 0 1805 3174; ppageno 0'>
   <div class='ocr_carea' id='block_1_1' title="bbox 490 46 1495 89">
    <p class='ocr_par' dir='ltr' id='par_1_1' title="bbox 490 46 1495 89">
     <span class='ocr_line' id='line_1_1' title="bbox 490 46 1495 89; baseline -0.006 0"><span class='ocrx_word' id='word_1_1' title='bbox 490 48 867 89; x_wconf 71' lang='lat' dir='ltr'>HI&#39;STORIARUM</span> <span class='ocrx_word' id='word_1_2' title='bbox 897 46 1106 84; x_wconf 80' lang='lat' dir='ltr'><strong>LIBROS.</strong></span> <span class='ocrx_word' id='word_1_3' title='bbox 1421 50 1495 88; x_wconf 82' lang='lat'>375</span> 
     </span>
    </p>
   </div>
   <div class='ocr_carea' id='block_1_2' title="bbox 121 160 765 244">
    <p class='ocr_par' dir='ltr' id='par_1_2' title="bbox 121 160 765 244">
     <span class='ocr_line' id='line_1_2' title="bbox 121 160 765 195; baseline -0.005 -4"><span class='ocrx_word' id='word_1_4' title='bbox 121 162 269 192; x_wconf 74' lang='lat' dir='ltr'>adversus</span> <span class='ocrx_word' id='word_1_5' title='bbox 293 170 361 192; x_wconf 85' lang='lat' dir='ltr'>eam</span> <span class='ocrx_word' id='word_1_6' title='bbox 386 162 486 192; x_wconf 79' lang='lat' dir='ltr'>oratio</span> <span class='ocrx_word' id='word_1_7' title='bbox 502 161 536 190; x_wconf 92' lang='lat' dir='ltr'>L.</span> <span class='ocrx_word' id='word_1_8' title='bbox 553 160 681 195; x_wconf 80' lang='lat' dir='ltr'>Valerii,</span> <span class='ocrx_word' id='word_1_9' title='bbox 707 160 765 189; x_wconf 75' lang='lat' dir='ltr'>tri-</span> 
     </span>
     <span class='ocr_line' id='line_1_3' title="bbox 125 205 613 244; baseline -0.004 -10"><span class='ocrx_word' id='word_1_10' title='bbox 125 205 201 235; x_wconf 87' lang='lat' dir='ltr'>buni</span> <span class='ocrx_word' id='word_1_11' title='bbox 218 205 329 244; x_wconf 90' lang='lat' dir='ltr'>plebis,</span> <span class='ocrx_word' id='word_1_12' title='bbox 348 209 377 235; x_wconf 89' lang='lat'>5.</span> <span class='ocrx_word' id='word_1_13' title='bbox 394 206 572 240; x_wconf 84' lang='lat' dir='ltr'>abrogatur,</span> <span class='ocrx_word' id='word_1_14' title='bbox 585 207 613 233; x_wconf 90' lang='lat'>8.</span> 
     </span>
    </p>
   </div>
   <div class='ocr_carea' id='block_1_3' title="bbox 851 156 1493 230">
    <p class='ocr_par' dir='ltr' id='par_1_3' title="bbox 851 156 1493 230">
     <span class='ocr_line' id='line_1_4' title="bbox 851 156 1493 198; baseline -0.003 -10"><span class='ocrx_word' id='word_1_15' title='bbox 851 162 905 188; x_wconf 88' lang='lat'>44.</span> <span class='ocrx_word' id='word_1_16' title='bbox 921 157 1015 198; x_wconf 82' lang='lat' dir='ltr'>legati</span> <span class='ocrx_word' id='word_1_17' title='bbox 1030 156 1098 193; x_wconf 79' lang='lat' dir='ltr'>ejus</span> <span class='ocrx_word' id='word_1_18' title='bbox 1109 157 1140 185; x_wconf 86' lang='lat' dir='ltr'>iu</span> <span class='ocrx_word' id='word_1_19' title='bbox 1152 156 1284 186; x_wconf 88' lang='lat' dir='ltr'>concilio</span> <span class='ocrx_word' id='word_1_20' title='bbox 1294 157 1493 193; x_wconf 69' lang='lat' dir='ltr'>Admotum,</span> 
     </span>
     <span class='ocr_line' id='line_1_5' title="bbox 852 206 904 230; baseline -0.019 0"><span class='ocrx_word' id='word_1_21' title='bbox 852 206 904 230; x_wconf 78' lang='lat'>48.</span> 
     </span>
    </p>
   </div>
   <div class='ocr_carea' id='block_1_4' title="bbox 81 242 1287 287">
    <p class='ocr_par' dir='ltr' id='par_1_4' title="bbox 81 242 1287 287">
     <span class='ocr_line' id='line_1_6' title="bbox 81 242 1287 287; baseline -0.007 -9"><span class='ocrx_word' id='word_1_22' title='bbox 81 249 120 278; x_wconf 84' lang='lat' dir='ltr'>C.</span> <span class='ocrx_word' id='word_1_23' title='bbox 130 248 251 287; x_wconf 88' lang='lat' dir='ltr'>Oppius</span> <span class='ocrx_word' id='word_1_24' title='bbox 262 249 406 278; x_wconf 88' lang='lat' dir='ltr'>tribunus</span> <span class='ocrx_word' id='word_1_25' title='bbox 422 248 520 286; x_wconf 81' lang='lat' dir='ltr'>plebis</span> <span class='ocrx_word' id='word_1_26' title='bbox 532 250 664 280; x_wconf 83' lang='lat' dir='ltr'>creatus.</span> <span class='ocrx_word' id='word_1_27' title='bbox 676 251 764 279; x_wconf 85' lang='lat'><strong>3,54.</strong></span> <span class='ocrx_word' id='word_1_28' title='bbox 809 245 920 273; x_wconf 79' lang='lat' dir='ltr'>Oratio</span> <span class='ocrx_word' id='word_1_29' title='bbox 938 242 1150 282; x_wconf 84' lang='lat' dir='ltr'>Apollonidae,</span> <span class='ocrx_word' id='word_1_30' title='bbox 1168 246 1224 277; x_wconf 89' lang='lat'>24,</span> <span class='ocrx_word' id='word_1_31' title='bbox 1236 245 1287 270; x_wconf 86' lang='lat'>28.</span> 
     </span>
    </p>
   </div>
   <div class='ocr_carea' id='block_1_5' title="bbox 82 289 786 2824">
    <p class='ocr_par' dir='ltr' id='par_1_5' title="bbox 82 289 766 450">
     <span class='ocr_line' id='line_1_7' title="bbox 82 289 766 331; baseline -0.004 -10"><span class='ocrx_word' id='word_1_32' title='bbox 82 290 121 321; x_wconf 91' lang='lat' dir='ltr'>C.</span> <span class='ocrx_word' id='word_1_33' title='bbox 138 292 274 330; x_wconf 83' lang='lat' dir='ltr'>Oppius,</span> <span class='ocrx_word' id='word_1_34' title='bbox 304 292 466 331; x_wconf 84' lang='lat' dir='ltr'>praefectus</span> <span class='ocrx_word' id='word_1_35' title='bbox 492 289 626 324; x_wconf 74' lang='lat' dir='ltr'>sociOm,</span> <span class='ocrx_word' id='word_1_36' title='bbox 646 289 766 318; x_wconf 85' lang='lat' dir='ltr'>invadit</span> 
     </span>
     <span class='ocr_line' id='line_1_8' title="bbox 125 333 765 373; baseline -0.003 -10"><span class='ocrx_word' id='word_1_37' title='bbox 125 335 332 364; x_wconf 78' lang='lat' dir='ltr'>tumultuaria</span> <span class='ocrx_word' id='word_1_38' title='bbox 350 344 444 364; x_wconf 81' lang='lat' dir='ltr'>manu</span> <span class='ocrx_word' id='word_1_39' title='bbox 466 343 574 373; x_wconf 82' lang='lat' dir='ltr'>agrum</span> <span class='ocrx_word' id='word_1_40' title='bbox 602 333 765 368; x_wconf 88' lang='lat' dir='ltr'>Boiorum,</span> 
     </span>
     <span class='ocr_line' id='line_1_9' title="bbox 124 376 766 413; baseline -0.005 -6"><span class='ocrx_word' id='word_1_41' title='bbox 124 382 180 412; x_wconf 89' lang='lat'>31,</span> <span class='ocrx_word' id='word_1_42' title='bbox 197 382 227 408; x_wconf 87' lang='grc'>2.</span> <span class='ocrx_word' id='word_1_43' title='bbox 237 378 467 407; x_wconf 88' lang='lat' dir='ltr'>circumventus</span> <span class='ocrx_word' id='word_1_44' title='bbox 480 387 498 406; x_wconf 79' lang='lat' dir='ltr'>a</span> <span class='ocrx_word' id='word_1_45' title='bbox 513 377 612 413; x_wconf 81' lang='lat' dir='ltr'>Boiis,</span> <span class='ocrx_word' id='word_1_46' title='bbox 625 376 766 413; x_wconf 69' lang='lat' dir='ltr'>caeditur,</span> 
     </span>
     <span class='ocr_line' id='line_1_10' title="bbox 125 420 200 450; baseline -0.027 0"><span class='ocrx_word' id='word_1_47' title='bbox 125 420 200 450; x_wconf 82' lang='lat' dir='ltr'><em>ibid.</em></span> 
     </span>
    </p>

    <p class='ocr_par' dir='ltr' id='par_1_6' title="bbox 83 462 680 501">
     <span class='ocr_line' id='line_1_11' title="bbox 83 462 680 501; baseline -0.002 -10"><span class='ocrx_word' id='word_1_48' title='bbox 83 463 119 491; x_wconf 90' lang='lat' dir='ltr'>C.</span> <span class='ocrx_word' id='word_1_49' title='bbox 137 463 272 501; x_wconf 85' lang='lat' dir='ltr'>Oppius,</span> <span class='ocrx_word' id='word_1_50' title='bbox 288 463 434 492; x_wconf 82' lang='lat' dir='ltr'>tribunus</span> <span class='ocrx_word' id='word_1_51' title='bbox 452 462 564 501; x_wconf 87' lang='lat' dir='ltr'>plebis,</span> <span class='ocrx_word' id='word_1_52' title='bbox 578 466 633 498; x_wconf 89' lang='lat'>34,</span> <span class='ocrx_word' id='word_1_53' title='bbox 656 467 680 490; x_wconf 85' lang='lat'>1.</span> 
     </span>
    </p>

    <p class='ocr_par' dir='ltr' id='par_1_7' title="bbox 83 506 697 545">
     <span class='ocr_line' id='line_1_12' title="bbox 83 506 697 545; baseline -0.002 -11"><span class='ocrx_word' id='word_1_54' title='bbox 83 506 117 534; x_wconf 89' lang='lat' dir='ltr'>L.</span> <span class='ocrx_word' id='word_1_55' title='bbox 133 507 267 545; x_wconf 82' lang='lat' dir='ltr'>Oppius,</span> <span class='ocrx_word' id='word_1_56' title='bbox 284 507 430 535; x_wconf 87' lang='lat' dir='ltr'>tribunus</span> <span class='ocrx_word' id='word_1_57' title='bbox 447 506 557 545; x_wconf 83' lang='lat' dir='ltr'>plebis,</span> <span class='ocrx_word' id='word_1_58' title='bbox 575 509 630 542; x_wconf 87' lang='lat'>32,</span> <span class='ocrx_word' id='word_1_59' title='bbox 647 509 697 534; x_wconf 86' lang='lat'>28.</span> 
     </span>
    </p>

    <p class='ocr_par' dir='ltr' id='par_1_8' title="bbox 83 548 768 755">
     <span class='ocr_line' id='line_1_13' title="bbox 83 548 766 588; baseline -0.003 -10"><span class='ocrx_word' id='word_1_60' title='bbox 83 548 118 577; x_wconf 88' lang='lat' dir='ltr'>L.</span> <span class='ocrx_word' id='word_1_61' title='bbox 142 549 264 588; x_wconf 87' lang='lat' dir='ltr'>Oppius</span> <span class='ocrx_word' id='word_1_62' title='bbox 287 550 455 585; x_wconf 82' lang='lat' dir='ltr'>Salinator,</span> <span class='ocrx_word' id='word_1_63' title='bbox 486 553 558 587; x_wconf 86' lang='lat' dir='ltr'>post</span> <span class='ocrx_word' id='word_1_64' title='bbox 587 548 766 578; x_wconf 75' lang='lat' dir='ltr'>aedilitatem</span> 
     </span>
     <span class='ocr_line' id='line_1_14' title="bbox 126 591 768 632; baseline -0.003 -11"><span class='ocrx_word' id='word_1_65' title='bbox 126 593 236 632; x_wconf 89' lang='lat' dir='ltr'>plebis,</span> <span class='ocrx_word' id='word_1_66' title='bbox 254 592 287 621; x_wconf 92' lang='lat' dir='ltr'>in</span> <span class='ocrx_word' id='word_1_67' title='bbox 313 592 452 621; x_wconf 84' lang='lat' dir='ltr'>Siciliam</span> <span class='ocrx_word' id='word_1_68' title='bbox 479 592 608 621; x_wconf 76' lang='lat' dir='ltr'><strong>classem</strong></span> <span class='ocrx_word' id='word_1_69' title='bbox 636 591 768 630; x_wconf 86' lang='lat' dir='ltr'>triginta</span> 
     </span>
     <span class='ocr_line' id='line_1_15' title="bbox 127 635 766 674; baseline -0.005 -9"><span class='ocrx_word' id='word_1_70' title='bbox 127 636 254 665; x_wconf 87' lang='lat' dir='ltr'>navium</span> <span class='ocrx_word' id='word_1_71' title='bbox 271 635 380 664; x_wconf 88' lang='lat' dir='ltr'>ducere</span> <span class='ocrx_word' id='word_1_72' title='bbox 393 635 534 674; x_wconf 87' lang='lat' dir='ltr'>jubetur,</span> <span class='ocrx_word' id='word_1_73' title='bbox 546 639 601 670; x_wconf 86' lang='lat'>35,</span> <span class='ocrx_word' id='word_1_74' title='bbox 617 639 666 663; x_wconf 97' lang='grc'>23.</span> <span class='ocrx_word' id='word_1_75' title='bbox 684 643 766 663; x_wconf 78' lang='lat' dir='ltr'>crea-</span> 
     </span>
     <span class='ocr_line' id='line_1_16' title="bbox 126 678 768 716; baseline -0.002 -9"><span class='ocrx_word' id='word_1_76' title='bbox 126 682 180 708; x_wconf 83' lang='lat' dir='ltr'>tur</span> <span class='ocrx_word' id='word_1_77' title='bbox 206 682 332 716; x_wconf 64' lang='lat' dir='ltr'>praetor,</span> <span class='ocrx_word' id='word_1_78' title='bbox 349 683 401 708; x_wconf 91' lang='lat'>24.</span> <span class='ocrx_word' id='word_1_79' title='bbox 423 679 554 708; x_wconf 87' lang='lat' dir='ltr'>sortitur</span> <span class='ocrx_word' id='word_1_80' title='bbox 580 678 768 712; x_wconf 76' lang='lat' dir='ltr'>Sardiniam,</span> 
     </span>
     <span class='ocr_line' id='line_1_17' title="bbox 126 723 228 755; baseline -0.02 -4"><span class='ocrx_word' id='word_1_81' title='bbox 126 723 180 755; x_wconf 80' lang='lat'>36,</span> <span class='ocrx_word' id='word_1_82' title='bbox 198 725 228 749; x_wconf 88' lang='lat'>2.</span> 
     </span>
    </p>

    <p class='ocr_par' dir='ltr' id='par_1_9' title="bbox 84 763 767 884">
     <span class='ocr_line' id='line_1_18' title="bbox 84 763 767 803; baseline -0.003 -9"><span class='ocrx_word' id='word_1_83' title='bbox 84 765 128 794; x_wconf 91' lang='lat' dir='ltr'>M.</span> <span class='ocrx_word' id='word_1_84' title='bbox 144 764 278 803; x_wconf 90' lang='lat' dir='ltr'>Oppius,</span> <span class='ocrx_word' id='word_1_85' title='bbox 293 764 325 792; x_wconf 93' lang='lat' dir='ltr'>in</span> <span class='ocrx_word' id='word_1_86' title='bbox 342 764 515 793; x_wconf 82' lang='lat' dir='ltr'>secessione</span> <span class='ocrx_word' id='word_1_87' title='bbox 528 763 679 801; x_wconf 87' lang='lat' dir='ltr'>militum,</span> <span class='ocrx_word' id='word_1_88' title='bbox 697 773 767 792; x_wconf 89' lang='lat' dir='ltr'>curn</span> 
     </span>
     <span class='ocr_line' id='line_1_19' title="bbox 126 808 767 847; baseline -0.002 -11"><span class='ocrx_word' id='word_1_89' title='bbox 126 808 195 837; x_wconf 89' lang='lat' dir='ltr'>Sex.</span> <span class='ocrx_word' id='word_1_90' title='bbox 213 808 345 836; x_wconf 87' lang='lat' dir='ltr'>Manilio</span> <span class='ocrx_word' id='word_1_91' title='bbox 370 816 498 836; x_wconf 77' lang='lat' dir='ltr'>summa:</span> <span class='ocrx_word' id='word_1_92' title='bbox 524 816 624 837; x_wconf 90' lang='lat' dir='ltr'>rerum</span> <span class='ocrx_word' id='word_1_93' title='bbox 646 811 767 847; x_wconf 68' lang='lat' dir='ltr'>praeest,</span> 
     </span>
     <span class='ocr_line' id='line_1_20' title="bbox 128 855 234 884; baseline -0.019 -3"><span class='ocrx_word' id='word_1_94' title='bbox 128 855 161 884; x_wconf 85' lang='lat'>3,</span> <span class='ocrx_word' id='word_1_95' title='bbox 180 855 234 880; x_wconf 84' lang='lat'>51.</span> 
     </span>
    </p>

    <p class='ocr_par' dir='ltr' id='par_1_10' title="bbox 84 892 771 1268">
     <span class='ocr_line' id='line_1_21' title="bbox 84 892 769 933; baseline -0.004 -10"><span class='ocrx_word' id='word_1_96' title='bbox 84 894 137 933; x_wconf 91' lang='lat' dir='ltr'>Sp.</span> <span class='ocrx_word' id='word_1_97' title='bbox 149 894 276 932; x_wconf 79' lang='lat' dir='ltr'>¹Oppius</span> <span class='ocrx_word' id='word_1_98' title='bbox 295 892 449 922; x_wconf 86' lang='lat' dir='ltr'>Cornicen</span> <span class='ocrx_word' id='word_1_99' title='bbox 465 893 619 922; x_wconf 86' lang='lat' dir='ltr'>decemvir</span> <span class='ocrx_word' id='word_1_100' title='bbox 635 895 769 928; x_wconf 86' lang='lat' dir='ltr'>creatur,</span> 
     </span>
     <span class='ocr_line' id='line_1_22' title="bbox 127 935 769 974; baseline -0.003 -8"><span class='ocrx_word' id='word_1_101' title='bbox 127 941 224 974; x_wconf 86' lang='lat'><strong>3,35.</strong></span> <span class='ocrx_word' id='word_1_102' title='bbox 236 936 417 965; x_wconf 88' lang='lat' dir='ltr'>decemviris</span> <span class='ocrx_word' id='word_1_103' title='bbox 430 936 498 964; x_wconf 88' lang='lat' dir='ltr'>aliis</span> <span class='ocrx_word' id='word_1_104' title='bbox 515 935 553 964; x_wconf 87' lang='lat' dir='ltr'>ad</span> <span class='ocrx_word' id='word_1_105' title='bbox 568 936 681 965; x_wconf 89' lang='lat' dir='ltr'>bellum</span> <span class='ocrx_word' id='word_1_106' title='bbox 698 945 769 974; x_wconf 89' lang='lat' dir='ltr'>pro-</span> 
     </span>
     <span class='ocr_line' id='line_1_23' title="bbox 129 979 768 1017; baseline -0.003 -8"><span class='ocrx_word' id='word_1_107' title='bbox 129 980 342 1009; x_wconf 85' lang='lat' dir='ltr'>ficiscentibus</span> <span class='ocrx_word' id='word_1_108' title='bbox 359 979 419 1017; x_wconf 90' lang='lat' dir='ltr'>Ap.</span> <span class='ocrx_word' id='word_1_109' title='bbox 437 979 569 1008; x_wconf 86' lang='lat' dir='ltr'>Claudio</span> <span class='ocrx_word' id='word_1_110' title='bbox 584 979 708 1016; x_wconf 83' lang='lat' dir='ltr'>adjutor</span> <span class='ocrx_word' id='word_1_111' title='bbox 731 979 768 1008; x_wconf 82' lang='lat' dir='ltr'>ad</span> 
     </span>
     <span class='ocr_line' id='line_1_24' title="bbox 127 1022 769 1058; baseline -0.003 -6"><span class='ocrx_word' id='word_1_112' title='bbox 127 1023 236 1052; x_wconf 84' lang='lat' dir='ltr'>urbem</span> <span class='ocrx_word' id='word_1_113' title='bbox 247 1022 395 1052; x_wconf 78' lang='lat' dir='ltr'>tuendam</span> <span class='ocrx_word' id='word_1_114' title='bbox 407 1022 563 1058; x_wconf 84' lang='lat' dir='ltr'>datur,41.</span> <span class='ocrx_word' id='word_1_115' title='bbox 577 1026 613 1051; x_wconf 88' lang='lat' dir='ltr'>ut</span> <span class='ocrx_word' id='word_1_116' title='bbox 621 1022 769 1051; x_wconf 79' lang='lat' dir='ltr'>auxilium</span> 
     </span>
     <span class='ocr_line' id='line_1_25' title="bbox 129 1065 769 1105; baseline -0.005 -10"><span class='ocrx_word' id='word_1_117' title='bbox 129 1066 254 1105; x_wconf 81' lang='lat' dir='ltr'>collegae</span> <span class='ocrx_word' id='word_1_118' title='bbox 270 1065 363 1100; x_wconf 81' lang='lat' dir='ltr'>ferat,</span> <span class='ocrx_word' id='word_1_119' title='bbox 378 1065 412 1093; x_wconf 91' lang='lat' dir='ltr'>in</span> <span class='ocrx_word' id='word_1_120' title='bbox 428 1066 529 1094; x_wconf 84' lang='lat' dir='ltr'>sorum</span> <span class='ocrx_word' id='word_1_121' title='bbox 543 1065 699 1103; x_wconf 84' lang='lat' dir='ltr'>irrumpit,</span> <span class='ocrx_word' id='word_1_122' title='bbox 716 1068 769 1095; x_wconf 82' lang='lat'>49.</span> 
     </span>
     <span class='ocr_line' id='line_1_26' title="bbox 129 1108 769 1144; baseline -0.005 -6"><span class='ocrx_word' id='word_1_123' title='bbox 129 1113 272 1138; x_wconf 82' lang='lat' dir='ltr'>senatum</span> <span class='ocrx_word' id='word_1_124' title='bbox 303 1108 408 1144; x_wconf 87' lang='lat' dir='ltr'>habet,</span> <span class='ocrx_word' id='word_1_125' title='bbox 434 1112 483 1136; x_wconf 88' lang='grc'>50.</span> <span class='ocrx_word' id='word_1_126' title='bbox 515 1113 689 1140; x_wconf 85' lang='lat' dir='ltr'>accusatur,</span> <span class='ocrx_word' id='word_1_127' title='bbox 718 1112 769 1136; x_wconf 90' lang='lat'>58.</span> 
     </span>
     <span class='ocr_line' id='line_1_27' title="bbox 128 1150 771 1189; baseline -0.003 -7"><span class='ocrx_word' id='word_1_128' title='bbox 128 1152 261 1182; x_wconf 83' lang='lat' dir='ltr'>testisin</span> <span class='ocrx_word' id='word_1_129' title='bbox 277 1160 347 1180; x_wconf 92' lang='lat' dir='ltr'>eum</span> <span class='ocrx_word' id='word_1_130' title='bbox 360 1151 618 1189; x_wconf 59' lang='lat' dir='ltr'>productusa&#39;bicl.</span> <span class='ocrx_word' id='word_1_131' title='bbox 636 1150 771 1189; x_wconf 74' lang='lat' dir='ltr'>Oppius,</span> 
     </span>
     <span class='ocr_line' id='line_1_28' title="bbox 129 1194 769 1231; baseline -0.003 -7"><span class='ocrx_word' id='word_1_132' title='bbox 129 1196 164 1224; x_wconf 91' lang='lat' dir='ltr'>in</span> <span class='ocrx_word' id='word_1_133' title='bbox 178 1194 303 1224; x_wconf 86' lang='lat' dir='ltr'>vincula</span> <span class='ocrx_word' id='word_1_134' title='bbox 318 1194 444 1231; x_wconf 86' lang='lat' dir='ltr'>ductus,</span> <span class='ocrx_word' id='word_1_135' title='bbox 459 1194 518 1223; x_wconf 85' lang='lat' dir='ltr'>sibi</span> <span class='ocrx_word' id='word_1_136' title='bbox 535 1203 645 1223; x_wconf 90' lang='lat' dir='ltr'>manus</span> <span class='ocrx_word' id='word_1_137' title='bbox 662 1194 769 1231; x_wconf 83' lang='lat' dir='ltr'>infert,</span> 
     </span>
     <span class='ocr_line' id='line_1_29' title="bbox 131 1238 209 1268; baseline 0.013 -1"><span class='ocrx_word' id='word_1_138' title='bbox 131 1238 209 1268; x_wconf 79' lang='lat' dir='ltr'>ibid.</span> 
     </span>
    </p>

    <p class='ocr_par' dir='ltr' id='par_1_11' title="bbox 90 1280 728 1321">
     <span class='ocr_line' id='line_1_30' title="bbox 90 1280 728 1321; baseline -0.006 -8"><span class='ocrx_word' id='word_1_139' title='bbox 90 1281 263 1321; x_wconf 83' lang='lat' dir='ltr'>Oppidum,</span> <span class='ocrx_word' id='word_1_140' title='bbox 279 1289 350 1319; x_wconf 87' lang='lat' dir='ltr'>pars</span> <span class='ocrx_word' id='word_1_141' title='bbox 366 1280 453 1310; x_wconf 85' lang='lat' dir='ltr'>urbis</span> <span class='ocrx_word' id='word_1_142' title='bbox 468 1280 591 1317; x_wconf 81' lang='lat' dir='ltr'>Romae,</span> <span class='ocrx_word' id='word_1_143' title='bbox 606 1284 659 1314; x_wconf 88' lang='lat'>42,</span> <span class='ocrx_word' id='word_1_144' title='bbox 676 1283 728 1309; x_wconf 89' lang='lat'>20.</span> 
     </span>
    </p>

    <p class='ocr_par' dir='ltr' id='par_1_12' title="bbox 89 1323 773 1441">
     <span class='ocr_line' id='line_1_31' title="bbox 89 1323 773 1365; baseline -0.007 -9"><span class='ocrx_word' id='word_1_145' title='bbox 89 1327 189 1365; x_wconf 80' lang='lat' dir='ltr'>OpuS,</span> <span class='ocrx_word' id='word_1_146' title='bbox 203 1324 278 1354; x_wconf 91' lang='lat' dir='ltr'>urbs</span> <span class='ocrx_word' id='word_1_147' title='bbox 286 1324 437 1360; x_wconf 90' lang='lat' dir='ltr'>Locridis,</span> <span class='ocrx_word' id='word_1_148' title='bbox 447 1324 568 1362; x_wconf 87' lang='lat' dir='ltr'>capitur</span> <span class='ocrx_word' id='word_1_149' title='bbox 579 1333 614 1353; x_wconf 91' lang='lat' dir='ltr'>ac</span> <span class='ocrx_word' id='word_1_150' title='bbox 627 1323 773 1361; x_wconf 87' lang='lat' dir='ltr'>diripitur</span> 
     </span>
     <span class='ocr_line' id='line_1_32' title="bbox 132 1366 773 1406; baseline -0.006 -8"><span class='ocrx_word' id='word_1_151' title='bbox 132 1368 171 1398; x_wconf 87' lang='lat' dir='ltr'>ab</span> <span class='ocrx_word' id='word_1_152' title='bbox 188 1367 311 1404; x_wconf 88' lang='lat' dir='ltr'>Attalo,</span> <span class='ocrx_word' id='word_1_153' title='bbox 328 1370 381 1404; x_wconf 87' lang='lat'>28,</span> <span class='ocrx_word' id='word_1_154' title='bbox 397 1370 425 1398; x_wconf 91' lang='grc'>7.</span> <span class='ocrx_word' id='word_1_155' title='bbox 439 1367 567 1406; x_wconf 86' lang='lat' dir='ltr'>Opunte</span> <span class='ocrx_word' id='word_1_156' title='bbox 584 1366 773 1402; x_wconf 87' lang='lat' dir='ltr'>sediti0‚32,</span> 
     </span>
     <span class='ocr_line' id='line_1_33' title="bbox 131 1416 185 1441; baseline -0.037 0"><span class='ocrx_word' id='word_1_157' title='bbox 131 1416 185 1441; x_wconf 80' lang='lat'>32.</span> 
     </span>
    </p>

    <p class='ocr_par' dir='ltr' id='par_1_13' title="bbox 85 1451 774 1534">
     <span class='ocr_line' id='line_1_34' title="bbox 85 1451 774 1494; baseline -0.007 -9"><span class='ocrx_word' id='word_1_158' title='bbox 85 1455 302 1494; x_wconf 83' lang='lat' dir='ltr'>Opuntiorum</span> <span class='ocrx_word' id='word_1_159' title='bbox 315 1453 611 1492; x_wconf 88' lang='lat' dir='ltr'>emporium,Cynus</span> <span class='ocrx_word' id='word_1_160' title='bbox 623 1451 774 1487; x_wconf 87' lang='lat' dir='ltr'>Locridis,</span> 
     </span>
     <span class='ocr_line' id='line_1_35' title="bbox 137 1499 242 1534; baseline 0 -7"><span class='ocrx_word' id='word_1_161' title='bbox 137 1503 192 1534; x_wconf 84' lang='lat'>28,</span> <span class='ocrx_word' id='word_1_162' title='bbox 211 1499 242 1527; x_wconf 86' lang='lat'>6.</span> 
     </span>
    </p>

    <p class='ocr_par' dir='ltr' id='par_1_14' title="bbox 89 1539 743 1580">
     <span class='ocr_line' id='line_1_36' title="bbox 89 1539 743 1580; baseline -0.009 -10"><span class='ocrx_word' id='word_1_163' title='bbox 89 1541 152 1570; x_wconf 88' lang='lat' dir='ltr'>Ora</span> <span class='ocrx_word' id='word_1_164' title='bbox 166 1550 222 1580; x_wconf 91' lang='lat' dir='ltr'>pro</span> <span class='ocrx_word' id='word_1_165' title='bbox 237 1541 312 1570; x_wconf 83' lang='lat' dir='ltr'>fune</span> <span class='ocrx_word' id='word_1_166' title='bbox 327 1539 467 1575; x_wconf 86' lang='lat' dir='ltr'>nautico,</span> <span class='ocrx_word' id='word_1_167' title='bbox 483 1543 536 1572; x_wconf 88' lang='lat'>22,</span> <span class='ocrx_word' id='word_1_168' title='bbox 556 1542 606 1568; x_wconf 88' lang='grc'>19.</span> <span class='ocrx_word' id='word_1_169' title='bbox 623 1541 676 1574; x_wconf 86' lang='grc'>28,</span> <span class='ocrx_word' id='word_1_170' title='bbox 691 1539 743 1566; x_wconf 84' lang='grc'>36.</span> 
     </span>
    </p>

    <p class='ocr_par' dir='ltr' id='par_1_15' title="bbox 88 1581 772 1663">
     <span class='ocr_line' id='line_1_37' title="bbox 88 1581 772 1623; baseline -0.009 -9"><span class='ocrx_word' id='word_1_171' title='bbox 88 1584 260 1614; x_wconf 79' lang='lat' dir='ltr'>Graculum</span> <span class='ocrx_word' id='word_1_172' title='bbox 278 1583 435 1623; x_wconf 85' lang='lat' dir='ltr'>Apollinis</span> <span class='ocrx_word' id='word_1_173' title='bbox 452 1583 489 1612; x_wconf 88' lang='lat' dir='ltr'>ad</span> <span class='ocrx_word' id='word_1_174' title='bbox 508 1581 627 1611; x_wconf 89' lang='lat' dir='ltr'>Hieran</span> <span class='ocrx_word' id='word_1_175' title='bbox 641 1581 772 1616; x_wconf 80' lang='lat' dir='ltr'>Comen,</span> 
     </span>
     <span class='ocr_line' id='line_1_38' title="bbox 135 1631 261 1663; baseline -0.016 -6"><span class='ocrx_word' id='word_1_176' title='bbox 135 1632 192 1663; x_wconf 77' lang='lat' dir='ltr'>as,</span> <span class='ocrx_word' id='word_1_177' title='bbox 213 1631 261 1656; x_wconf 87' lang='lat'>13.</span> 
     </span>
    </p>

    <p class='ocr_par' dir='ltr' id='par_1_16' title="bbox 111 1668 775 1749">
     <span class='ocr_line' id='line_1_39' title="bbox 111 1668 775 1709; baseline -0.009 -10"><span class='ocrx_word' id='word_1_178' title='bbox 111 1669 369 1709; x_wconf 85' lang='lat' dir='ltr'>—Delphicum,</span> <span class='ocrx_word' id='word_1_179' title='bbox 391 1672 420 1706; x_wconf 89' lang='lat'>1,</span> <span class='ocrx_word' id='word_1_180' title='bbox 436 1670 488 1698; x_wconf 83' lang='lat'>56.</span> <span class='ocrx_word' id='word_1_181' title='bbox 501 1672 531 1702; x_wconf 87' lang='grc'>5,</span> <span class='ocrx_word' id='word_1_182' title='bbox 552 1671 601 1698; x_wconf 87' lang='lat'>15.</span> <span class='ocrx_word' id='word_1_183' title='bbox 613 1669 732 1703; x_wconf 84' lang='lat'>29,10.</span> <span class='ocrx_word' id='word_1_184' title='bbox 747 1668 775 1694; x_wconf 81' lang='lat' dir='ltr'>et</span> 
     </span>
     <span class='ocr_line' id='line_1_40' title="bbox 138 1717 330 1749; baseline -0.01 -7"><span class='ocrx_word' id='word_1_185' title='bbox 138 1717 186 1742; x_wconf 89' lang='lat'>11.</span> <span class='ocrx_word' id='word_1_186' title='bbox 203 1717 259 1749; x_wconf 86' lang='lat'>41,</span> <span class='ocrx_word' id='word_1_187' title='bbox 278 1717 330 1744; x_wconf 82' lang='lat'>27.</span> 
     </span>
    </p>

    <p class='ocr_par' dir='ltr' id='par_1_17' title="bbox 111 1755 561 1791">
     <span class='ocr_line' id='line_1_41' title="bbox 111 1755 561 1791; baseline -0.007 -5"><span class='ocrx_word' id='word_1_188' title='bbox 111 1771 156 1779; x_wconf 92' lang='lat'>—</span> <span class='ocrx_word' id='word_1_189' title='bbox 171 1755 325 1786; x_wconf 66' lang='lat' dir='ltr'>Dodonaei</span> <span class='ocrx_word' id='word_1_190' title='bbox 340 1755 442 1791; x_wconf 77' lang='lat' dir='ltr'>Jovis,</span> <span class='ocrx_word' id='word_1_191' title='bbox 460 1758 491 1790; x_wconf 88' lang='lat'>8,</span> <span class='ocrx_word' id='word_1_192' title='bbox 509 1758 561 1783; x_wconf 92' lang='lat'>24.</span> 
     </span>
    </p>

    <p class='ocr_par' dir='ltr' id='par_1_18' title="bbox 91 1794 776 1878">
     <span class='ocr_line' id='line_1_42' title="bbox 91 1794 776 1834; baseline -0.009 -5"><span class='ocrx_word' id='word_1_193' title='bbox 91 1799 202 1829; x_wconf 83' lang='lat' dir='ltr'>Oratio</span> <span class='ocrx_word' id='word_1_194' title='bbox 226 1797 323 1829; x_wconf 91' lang='lat' dir='ltr'>Acilii</span> <span class='ocrx_word' id='word_1_195' title='bbox 347 1797 539 1834; x_wconf 84' lang='lat' dir='ltr'>Glabrionis,</span> <span class='ocrx_word' id='word_1_196' title='bbox 566 1795 714 1831; x_wconf 89' lang='lat' dir='ltr'>consulis,</span> <span class='ocrx_word' id='word_1_197' title='bbox 738 1794 776 1824; x_wconf 79' lang='lat' dir='ltr'>ad</span> 
     </span>
     <span class='ocr_line' id='line_1_43' title="bbox 138 1843 411 1878; baseline -0.004 -6"><span class='ocrx_word' id='word_1_198' title='bbox 138 1843 269 1878; x_wconf 83' lang='lat' dir='ltr'>milites,</span> <span class='ocrx_word' id='word_1_199' title='bbox 286 1844 341 1874; x_wconf 85' lang='grc'>36,</span> <span class='ocrx_word' id='word_1_200' title='bbox 360 1845 411 1872; x_wconf 88' lang='lat'>17.</span> 
     </span>
    </p>

    <p class='ocr_par' dir='ltr' id='par_1_19' title="bbox 114 1884 583 1919">
     <span class='ocr_line' id='line_1_44' title="bbox 114 1884 583 1919; baseline -0.011 -4"><span class='ocrx_word' id='word_1_201' title='bbox 114 1901 159 1909; x_wconf 90' lang='lat'>-</span> <span class='ocrx_word' id='word_1_202' title='bbox 169 1885 289 1915; x_wconf 85' lang='lat' dir='ltr'>AEmilii</span> <span class='ocrx_word' id='word_1_203' title='bbox 306 1884 469 1919; x_wconf 80' lang='lat' dir='ltr'>Mamerci,</span> <span class='ocrx_word' id='word_1_204' title='bbox 485 1888 518 1919; x_wconf 91' lang='grc'>4,</span> <span class='ocrx_word' id='word_1_205' title='bbox 531 1886 583 1912; x_wconf 84' lang='grc'>32.</span> 
     </span>
    </p>

    <p class='ocr_par' dir='ltr' id='par_1_20' title="bbox 113 1923 776 2008">
     <span class='ocr_line' id='line_1_45' title="bbox 113 1923 776 1965; baseline -0.009 -7"><span class='ocrx_word' id='word_1_206' title='bbox 113 1944 157 1952; x_wconf 90' lang='lat'>—-</span> <span class='ocrx_word' id='word_1_207' title='bbox 171 1928 289 1958; x_wconf 90' lang='lat' dir='ltr'>AEmilii</span> <span class='ocrx_word' id='word_1_208' title='bbox 319 1927 433 1965; x_wconf 83' lang='lat' dir='ltr'>Paulli,</span> <span class='ocrx_word' id='word_1_209' title='bbox 460 1926 589 1964; x_wconf 83' lang='lat' dir='ltr'>jamjam</span> <span class='ocrx_word' id='word_1_210' title='bbox 622 1923 776 1957; x_wconf 86' lang='lat' dir='ltr'>morituri,</span> 
     </span>
     <span class='ocr_line' id='line_1_46' title="bbox 140 1975 263 2008; baseline -0.008 -8"><span class='ocrx_word' id='word_1_211' title='bbox 140 1976 195 2008; x_wconf 79' lang='lat'>22,</span> <span class='ocrx_word' id='word_1_212' title='bbox 211 1975 263 2002; x_wconf 83' lang='lat'>49.</span> 
     </span>
    </p>

    <p class='ocr_par' dir='ltr' id='par_1_21' title="bbox 116 2012 779 2216">
     <span class='ocr_line' id='line_1_47' title="bbox 116 2012 778 2049; baseline -0.009 -5"><span class='ocrx_word' id='word_1_213' title='bbox 116 2030 159 2038; x_wconf 93' lang='lat'>--</span> <span class='ocrx_word' id='word_1_214' title='bbox 174 2013 293 2043; x_wconf 89' lang='lat' dir='ltr'>AEmilii</span> <span class='ocrx_word' id='word_1_215' title='bbox 310 2012 424 2049; x_wconf 84' lang='lat' dir='ltr'>Paulli,</span> <span class='ocrx_word' id='word_1_216' title='bbox 434 2012 583 2049; x_wconf 90' lang='lat' dir='ltr'>consulis,</span> <span class='ocrx_word' id='word_1_217' title='bbox 595 2015 648 2044; x_wconf 87' lang='grc'>44,</span> <span class='ocrx_word' id='word_1_218' title='bbox 660 2014 710 2039; x_wconf 88' lang='lat'>22.</span> <span class='ocrx_word' id='word_1_219' title='bbox 724 2014 778 2039; x_wconf 87' lang='lat'>34.</span> 
     </span>
     <span class='ocr_line' id='line_1_48' title="bbox 137 2056 778 2092; baseline -0.006 -5"><span class='ocrx_word' id='word_1_220' title='bbox 137 2061 169 2087; x_wconf 77' lang='lat' dir='ltr'>et</span> <span class='ocrx_word' id='word_1_221' title='bbox 184 2061 235 2086; x_wconf 87' lang='grc'>38.</span> <span class='ocrx_word' id='word_1_222' title='bbox 253 2057 290 2086; x_wconf 87' lang='lat' dir='ltr'>ad</span> <span class='ocrx_word' id='word_1_223' title='bbox 306 2056 427 2092; x_wconf 83' lang='lat' dir='ltr'>Persea,</span> <span class='ocrx_word' id='word_1_224' title='bbox 443 2064 514 2084; x_wconf 89' lang='lat' dir='ltr'>mox</span> <span class='ocrx_word' id='word_1_225' title='bbox 524 2056 562 2084; x_wconf 84' lang='lat' dir='ltr'>ad</span> <span class='ocrx_word' id='word_1_226' title='bbox 579 2063 663 2086; x_wconf 81' lang='lat' dir='ltr'>suOS,</span> <span class='ocrx_word' id='word_1_227' title='bbox 676 2057 730 2087; x_wconf 89' lang='lat'>45,</span> <span class='ocrx_word' id='word_1_228' title='bbox 749 2057 778 2083; x_wconf 87' lang='lat'>8.</span> 
     </span>
     <span class='ocr_line' id='line_1_49' title="bbox 138 2097 779 2138; baseline -0.006 -9"><span class='ocrx_word' id='word_1_229' title='bbox 138 2101 209 2135; x_wconf 78' lang='lat' dir='ltr'>alia,</span> <span class='ocrx_word' id='word_1_230' title='bbox 226 2109 288 2138; x_wconf 87' lang='lat' dir='ltr'>qua</span> <span class='ocrx_word' id='word_1_231' title='bbox 304 2099 417 2128; x_wconf 89' lang='lat' dir='ltr'>liberos</span> <span class='ocrx_word' id='word_1_232' title='bbox 433 2107 498 2127; x_wconf 82' lang='lat' dir='ltr'>esse</span> <span class='ocrx_word' id='word_1_233' title='bbox 525 2098 618 2136; x_wconf 84' lang='lat' dir='ltr'>jubet</span> <span class='ocrx_word' id='word_1_234' title='bbox 632 2097 779 2126; x_wconf 87' lang='lat' dir='ltr'>Macedo·</span> 
     </span>
     <span class='ocr_line' id='line_1_50' title="bbox 138 2140 776 2181; baseline -0.008 -8"><span class='ocrx_word' id='word_1_235' title='bbox 138 2153 208 2181; x_wconf 89' lang='lat' dir='ltr'>nes,</span> <span class='ocrx_word' id='word_1_236' title='bbox 233 2147 283 2173; x_wconf 88' lang='grc'>29.</span> <span class='ocrx_word' id='word_1_237' title='bbox 307 2142 344 2171; x_wconf 86' lang='lat' dir='ltr'>de</span> <span class='ocrx_word' id='word_1_238' title='bbox 365 2141 490 2181; x_wconf 75' lang='lat' dir='ltr'>publica</span> <span class='ocrx_word' id='word_1_239' title='bbox 505 2150 622 2180; x_wconf 79' lang='lat' dir='ltr'>suaque</span> <span class='ocrx_word' id='word_1_240' title='bbox 638 2140 776 2176; x_wconf 84' lang='lat' dir='ltr'>fortuna,</span> 
     </span>
     <span class='ocr_line' id='line_1_51' title="bbox 139 2191 195 2216; baseline -0.018 0"><span class='ocrx_word' id='word_1_241' title='bbox 139 2191 195 2216; x_wconf 77' lang='lat'>41.</span> 
     </span>
    </p>

    <p class='ocr_par' dir='ltr' id='par_1_22' title="bbox 115 2227 778 2263">
     <span class='ocr_line' id='line_1_52' title="bbox 115 2227 778 2263; baseline -0.009 -4"><span class='ocrx_word' id='word_1_242' title='bbox 115 2246 160 2253; x_wconf 92' lang='lat'>—</span> <span class='ocrx_word' id='word_1_243' title='bbox 175 2228 352 2259; x_wconf 85' lang='lat' dir='ltr'>AEtolorum</span> <span class='ocrx_word' id='word_1_244' title='bbox 365 2230 475 2257; x_wconf 89' lang='lat' dir='ltr'>contra</span> <span class='ocrx_word' id='word_1_245' title='bbox 486 2227 657 2262; x_wconf 80' lang='lat' dir='ltr'>Romanos,</span> <span class='ocrx_word' id='word_1_246' title='bbox 669 2229 778 2263; x_wconf 88' lang='lat'><strong>31‚29.</strong></span> 
     </span>
    </p>

    <p class='ocr_par' dir='ltr' id='par_1_23' title="bbox 117 2269 681 2305">
     <span class='ocr_line' id='line_1_53' title="bbox 117 2269 681 2305; baseline -0.007 -3"><span class='ocrx_word' id='word_1_247' title='bbox 117 2289 161 2297; x_wconf 92' lang='lat'>—</span> <span class='ocrx_word' id='word_1_248' title='bbox 176 2272 345 2302; x_wconf 73' lang='lat' dir='ltr'>Alexandri</span> <span class='ocrx_word' id='word_1_249' title='bbox 359 2269 546 2302; x_wconf 84' lang='lat' dir='ltr'>Acarnanis,</span> <span class='ocrx_word' id='word_1_250' title='bbox 557 2273 611 2305; x_wconf 89' lang='lat'>35,</span> <span class='ocrx_word' id='word_1_251' title='bbox 631 2273 681 2298; x_wconf 85' lang='lat'>18.</span> 
     </span>
    </p>

    <p class='ocr_par' dir='ltr' id='par_1_24' title="bbox 116 2313 780 2388">
     <span class='ocr_line' id='line_1_54' title="bbox 116 2313 780 2351; baseline -0.009 -5"><span class='ocrx_word' id='word_1_252' title='bbox 116 2334 160 2342; x_wconf 87' lang='lat'>-—</span> <span class='ocrx_word' id='word_1_253' title='bbox 176 2315 345 2345; x_wconf 84' lang='lat' dir='ltr'>Alexandri</span> <span class='ocrx_word' id='word_1_254' title='bbox 360 2314 457 2344; x_wconf 88' lang='lat' dir='ltr'>AEtoli</span> <span class='ocrx_word' id='word_1_255' title='bbox 473 2313 505 2342; x_wconf 92' lang='lat' dir='ltr'>in</span> <span class='ocrx_word' id='word_1_256' title='bbox 519 2313 709 2351; x_wconf 90' lang='lat' dir='ltr'>Philippum,</span> <span class='ocrx_word' id='word_1_257' title='bbox 725 2315 780 2348; x_wconf 89' lang='grc'>32,</span> 
     </span>
     <span class='ocr_line' id='line_1_55' title="bbox 141 2363 196 2388; baseline 0 0"><span class='ocrx_word' id='word_1_258' title='bbox 141 2363 196 2388; x_wconf 85' lang='grc'>33.</span> 
     </span>
    </p>

    <p class='ocr_par' dir='ltr' id='par_1_25' title="bbox 119 2398 690 2439">
     <span class='ocr_line' id='line_1_56' title="bbox 119 2398 690 2439; baseline -0.007 -8"><span class='ocrx_word' id='word_1_259' title='bbox 119 2417 164 2425; x_wconf 90' lang='lat'><em>-</em></span> <span class='ocrx_word' id='word_1_260' title='bbox 176 2398 283 2431; x_wconf 81' lang='lat' dir='ltr'>Alorci</span> <span class='ocrx_word' id='word_1_261' title='bbox 299 2401 337 2430; x_wconf 87' lang='lat' dir='ltr'>ad</span> <span class='ocrx_word' id='word_1_262' title='bbox 352 2399 555 2439; x_wconf 87' lang='lat' dir='ltr'>Saguntinos,</span> <span class='ocrx_word' id='word_1_263' title='bbox 573 2403 625 2433; x_wconf 86' lang='lat'>21,</span> <span class='ocrx_word' id='word_1_264' title='bbox 642 2403 690 2428; x_wconf 87' lang='grc'><strong>13.</strong></span> 
     </span>
    </p>

    <p class='ocr_par' dir='ltr' id='par_1_26' title="bbox 117 2443 780 2481">
     <span class='ocr_line' id='line_1_57' title="bbox 117 2443 780 2481; baseline -0.008 -7"><span class='ocrx_word' id='word_1_265' title='bbox 117 2462 161 2470; x_wconf 90' lang='lat'>—-</span> <span class='ocrx_word' id='word_1_266' title='bbox 172 2443 390 2473; x_wconf 89' lang='lat' dir='ltr'>Andranodori</span> <span class='ocrx_word' id='word_1_267' title='bbox 400 2444 437 2472; x_wconf 89' lang='lat' dir='ltr'>ad</span> <span class='ocrx_word' id='word_1_268' title='bbox 449 2443 780 2481; x_wconf 82' lang='lat' dir='ltr'>Syracusanos,24,22.</span> 
     </span>
    </p>

    <p class='ocr_par' dir='ltr' id='par_1_27' title="bbox 119 2486 785 2694">
     <span class='ocr_line' id='line_1_58' title="bbox 119 2486 783 2522; baseline -0.003 -5"><span class='ocrx_word' id='word_1_269' title='bbox 119 2487 343 2517; x_wconf 86' lang='lat' dir='ltr'>—Annibalis</span> <span class='ocrx_word' id='word_1_270' title='bbox 359 2487 396 2515; x_wconf 90' lang='lat' dir='ltr'>ad</span> <span class='ocrx_word' id='word_1_271' title='bbox 412 2486 541 2519; x_wconf 87' lang='lat' dir='ltr'>milites,</span> <span class='ocrx_word' id='word_1_272' title='bbox 558 2489 612 2522; x_wconf 91' lang='lat'>21,</span> <span class='ocrx_word' id='word_1_273' title='bbox 627 2489 679 2516; x_wconf 89' lang='grc'><strong>21.</strong></span> <span class='ocrx_word' id='word_1_274' title='bbox 691 2489 720 2514; x_wconf 83' lang='lat' dir='ltr'>et</span> <span class='ocrx_word' id='word_1_275' title='bbox 730 2490 783 2515; x_wconf 89' lang='lat'>43.</span> 
     </span>
     <span class='ocr_line' id='line_1_59' title="bbox 143 2529 783 2567; baseline -0.005 -7"><span class='ocrx_word' id='word_1_276' title='bbox 143 2534 199 2566; x_wconf 87' lang='lat'>23,</span> <span class='ocrx_word' id='word_1_277' title='bbox 215 2533 266 2560; x_wconf 87' lang='lat'>45.</span> <span class='ocrx_word' id='word_1_278' title='bbox 285 2530 322 2559; x_wconf 89' lang='lat' dir='ltr'>ad</span> <span class='ocrx_word' id='word_1_279' title='bbox 339 2529 529 2567; x_wconf 86' lang='lat' dir='ltr'>Scipionem,</span> <span class='ocrx_word' id='word_1_280' title='bbox 545 2533 599 2564; x_wconf 93' lang='lat'>30,</span> <span class='ocrx_word' id='word_1_281' title='bbox 613 2533 665 2558; x_wconf 85' lang='lat'>30.</span> <span class='ocrx_word' id='word_1_282' title='bbox 681 2529 719 2557; x_wconf 89' lang='lat' dir='ltr'>ad</span> <span class='ocrx_word' id='word_1_283' title='bbox 736 2538 783 2557; x_wconf 92' lang='lat' dir='ltr'>se-</span> 
     </span>
     <span class='ocr_line' id='line_1_60' title="bbox 143 2572 784 2612; baseline -0.003 -10"><span class='ocrx_word' id='word_1_284' title='bbox 143 2577 253 2602; x_wconf 89' lang='lat' dir='ltr'>natum</span> <span class='ocrx_word' id='word_1_285' title='bbox 270 2572 573 2612; x_wconf 81' lang='lat' dir='ltr'>Carthaginiensem,</span> <span class='ocrx_word' id='word_1_286' title='bbox 588 2575 640 2600; x_wconf 88' lang='lat'>34.</span> <span class='ocrx_word' id='word_1_287' title='bbox 664 2572 702 2600; x_wconf 89' lang='lat' dir='ltr'>ad</span> <span class='ocrx_word' id='word_1_288' title='bbox 717 2572 784 2600; x_wconf 89' lang='lat' dir='ltr'>An-</span> 
     </span>
     <span class='ocr_line' id='line_1_61' title="bbox 143 2615 785 2653; baseline 0 -9"><span class='ocrx_word' id='word_1_289' title='bbox 143 2615 299 2651; x_wconf 79' lang='lat' dir='ltr'>tiochum,</span> <span class='ocrx_word' id='word_1_290' title='bbox 324 2620 380 2652; x_wconf 87' lang='lat'>35,</span> <span class='ocrx_word' id='word_1_291' title='bbox 406 2619 457 2646; x_wconf 84' lang='lat'>19.</span> <span class='ocrx_word' id='word_1_292' title='bbox 479 2618 535 2652; x_wconf 83' lang='lat'>36,</span> <span class='ocrx_word' id='word_1_293' title='bbox 560 2619 590 2646; x_wconf 92' lang='grc'><strong>7.</strong></span> <span class='ocrx_word' id='word_1_294' title='bbox 615 2618 785 2653; x_wconf 82' lang='lat' dir='ltr'>antequam</span> 
     </span>
     <span class='ocr_line' id='line_1_62' title="bbox 144 2662 599 2694; baseline -0.004 -7"><span class='ocrx_word' id='word_1_295' title='bbox 144 2667 298 2687; x_wconf 78' lang='lat' dir='ltr'>venenum</span> <span class='ocrx_word' id='word_1_296' title='bbox 315 2662 462 2694; x_wconf 86' lang='lat' dir='ltr'>sumeret,</span> <span class='ocrx_word' id='word_1_297' title='bbox 477 2662 532 2694; x_wconf 88' lang='lat'>39,</span> <span class='ocrx_word' id='word_1_298' title='bbox 549 2662 599 2687; x_wconf 81' lang='lat'>51.</span> 
     </span>
    </p>

    <p class='ocr_par' dir='ltr' id='par_1_28' title="bbox 121 2700 786 2780">
     <span class='ocr_line' id='line_1_63' title="bbox 121 2700 786 2739; baseline 0 -8"><span class='ocrx_word' id='word_1_299' title='bbox 121 2716 167 2725; x_wconf 94' lang='lat'>—</span> <span class='ocrx_word' id='word_1_300' title='bbox 180 2700 279 2731; x_wconf 86' lang='lat' dir='ltr'>Annii</span> <span class='ocrx_word' id='word_1_301' title='bbox 303 2700 415 2738; x_wconf 88' lang='lat' dir='ltr'>Setini,</span> <span class='ocrx_word' id='word_1_302' title='bbox 432 2701 571 2739; x_wconf 83' lang='lat' dir='ltr'>praetoris</span> <span class='ocrx_word' id='word_1_303' title='bbox 587 2700 786 2736; x_wconf 81' lang='lat' dir='ltr'>Latinorum,</span> 
     </span>
     <span class='ocr_line' id='line_1_64' title="bbox 147 2743 620 2780; baseline -0.004 -6"><span class='ocrx_word' id='word_1_304' title='bbox 147 2749 179 2780; x_wconf 88' lang='lat'>8,</span> <span class='ocrx_word' id='word_1_305' title='bbox 194 2748 225 2773; x_wconf 87' lang='lat'>4.</span> <span class='ocrx_word' id='word_1_306' title='bbox 241 2743 274 2773; x_wconf 91' lang='lat' dir='ltr'>in</span> <span class='ocrx_word' id='word_1_307' title='bbox 290 2747 401 2774; x_wconf 82' lang='lat' dir='ltr'>senatu</span> <span class='ocrx_word' id='word_1_308' title='bbox 415 2745 572 2778; x_wconf 83' lang='lat' dir='ltr'>Romano,</span> <span class='ocrx_word' id='word_1_309' title='bbox 591 2747 620 2773; x_wconf 87' lang='grc'><strong>5.</strong></span> 
     </span>
    </p>

    <p class='ocr_par' dir='ltr' id='par_1_29' title="bbox 121 2786 786 2824">
     <span class='ocr_line' id='line_1_65' title="bbox 121 2786 786 2824; baseline -0.006 -6"><span class='ocrx_word' id='word_1_310' title='bbox 121 2805 165 2813; x_wconf 90' lang='grc'>-</span> <span class='ocrx_word' id='word_1_311' title='bbox 180 2786 330 2818; x_wconf 80' lang='lat' dir='ltr'>Antiochi</span> <span class='ocrx_word' id='word_1_312' title='bbox 344 2787 378 2819; x_wconf 87' lang='lat' dir='ltr'>in</span> <span class='ocrx_word' id='word_1_313' title='bbox 392 2787 718 2824; x_wconf 84' lang='lat' dir='ltr'>concilioAEtolorum,</span> <span class='ocrx_word' id='word_1_314' title='bbox 731 2790 786 2823; x_wconf 73' lang='lat'>35,</span> 
     </span>
    </p>
   </div>
   <div class='ocr_carea' id='block_1_6' title="bbox 829 286 1513 2816">
    <p class='ocr_par' dir='ltr' id='par_1_30' title="bbox 830 286 1492 320">
     <span class='ocr_line' id='line_1_66' title="bbox 830 286 1492 320; baseline -0.006 -4"><span class='ocrx_word' id='word_1_315' title='bbox 830 305 872 311; x_wconf 93' lang='lat'><strong>—</strong></span> <span class='ocrx_word' id='word_1_316' title='bbox 889 287 1022 316; x_wconf 90' lang='lat' dir='ltr'>Arconis</span> <span class='ocrx_word' id='word_1_317' title='bbox 1037 290 1148 315; x_wconf 86' lang='lat' dir='ltr'>contra</span> <span class='ocrx_word' id='word_1_318' title='bbox 1163 286 1373 319; x_wconf 82' lang='lat' dir='ltr'>Callicratem,</span> <span class='ocrx_word' id='word_1_319' title='bbox 1385 289 1492 320; x_wconf 77' lang='lat'>41,29.</span> 
     </span>
    </p>

    <p class='ocr_par' dir='ltr' id='par_1_31' title="bbox 829 328 1494 402">
     <span class='ocr_line' id='line_1_67' title="bbox 829 328 1494 364; baseline -0.005 -5"><span class='ocrx_word' id='word_1_320' title='bbox 829 346 872 352; x_wconf 93' lang='lat'>—</span> <span class='ocrx_word' id='word_1_321' title='bbox 888 330 1035 360; x_wconf 80' lang='lat' dir='ltr'>Aristaeni</span> <span class='ocrx_word' id='word_1_322' title='bbox 1049 330 1080 358; x_wconf 89' lang='lat' dir='ltr'>in</span> <span class='ocrx_word' id='word_1_323' title='bbox 1094 329 1226 359; x_wconf 91' lang='lat' dir='ltr'>concilio</span> <span class='ocrx_word' id='word_1_324' title='bbox 1238 328 1494 364; x_wconf 81' lang='lat' dir='ltr'>Achaeorum,32,</span> 
     </span>
     <span class='ocr_line' id='line_1_68' title="bbox 854 378 1020 402; baseline 0.006 -1"><span class='ocrx_word' id='word_1_325' title='bbox 854 378 904 402; x_wconf 78' lang='lat'>20.</span> <span class='ocrx_word' id='word_1_326' title='bbox 923 379 952 402; x_wconf 84' lang='lat' dir='ltr'>et</span> <span class='ocrx_word' id='word_1_327' title='bbox 969 378 1020 402; x_wconf 83' lang='lat'>21.</span> 
     </span>
    </p>

    <p class='ocr_par' dir='ltr' id='par_1_32' title="bbox 830 414 1493 489">
     <span class='ocr_line' id='line_1_69' title="bbox 830 414 1493 456; baseline -0.006 -10"><span class='ocrx_word' id='word_1_328' title='bbox 830 432 873 439; x_wconf 91' lang='lat'>—-</span> <span class='ocrx_word' id='word_1_329' title='bbox 889 417 1081 456; x_wconf 80' lang='lat' dir='ltr'>Astymedis,</span> <span class='ocrx_word' id='word_1_330' title='bbox 1105 415 1301 446; x_wconf 87' lang='lat' dir='ltr'>Rhodiorum</span> <span class='ocrx_word' id='word_1_331' title='bbox 1318 414 1425 452; x_wconf 81' lang='lat' dir='ltr'>legati,</span> <span class='ocrx_word' id='word_1_332' title='bbox 1438 418 1493 450; x_wconf 78' lang='lat'>45,</span> 
     </span>
     <span class='ocr_line' id='line_1_70' title="bbox 854 463 906 489; baseline 0 -1"><span class='ocrx_word' id='word_1_333' title='bbox 854 463 906 489; x_wconf 81' lang='lat'>21.</span> 
     </span>
    </p>

    <p class='ocr_par' dir='ltr' id='par_1_33' title="bbox 831 502 1497 584">
     <span class='ocr_line' id='line_1_71' title="bbox 831 502 1497 542; baseline 0 -12"><span class='ocrx_word' id='word_1_334' title='bbox 831 502 1130 532; x_wconf 81' lang='lat' dir='ltr'>-Atheniensium</span> <span class='ocrx_word' id='word_1_335' title='bbox 1154 503 1340 542; x_wconf 84' lang='lat' dir='ltr'>legatorum,</span> <span class='ocrx_word' id='word_1_336' title='bbox 1364 504 1420 537; x_wconf 84' lang='grc'>31,</span> <span class='ocrx_word' id='word_1_337' title='bbox 1443 504 1497 529; x_wconf 85' lang='grc'>30.</span> 
     </span>
     <span class='ocr_line' id='line_1_72' title="bbox 854 546 1387 584; baseline -0.002 -10"><span class='ocrx_word' id='word_1_338' title='bbox 854 546 886 575; x_wconf 90' lang='lat' dir='ltr'>in</span> <span class='ocrx_word' id='word_1_339' title='bbox 900 546 1032 574; x_wconf 91' lang='lat' dir='ltr'>concilio</span> <span class='ocrx_word' id='word_1_340' title='bbox 1047 546 1248 580; x_wconf 77' lang='lat' dir='ltr'>Panaetolico,</span> <span class='ocrx_word' id='word_1_341' title='bbox 1264 551 1319 584; x_wconf 88' lang='lat'>35,</span> <span class='ocrx_word' id='word_1_342' title='bbox 1336 548 1387 573; x_wconf 96' lang='lat'>32.</span> 
     </span>
    </p>

    <p class='ocr_par' dir='ltr' id='par_1_34' title="bbox 832 589 1495 624">
     <span class='ocr_line' id='line_1_73' title="bbox 832 589 1495 624; baseline 0.005 -7"><span class='ocrx_word' id='word_1_343' title='bbox 832 605 876 612; x_wconf 97' lang='lat'><strong>—</strong></span> <span class='ocrx_word' id='word_1_344' title='bbox 890 589 990 618; x_wconf 85' lang='lat' dir='ltr'>Baebii</span> <span class='ocrx_word' id='word_1_345' title='bbox 1008 589 1161 618; x_wconf 87' lang='lat' dir='ltr'>Herennii</span> <span class='ocrx_word' id='word_1_346' title='bbox 1179 591 1210 619; x_wconf 91' lang='lat' dir='ltr'>in</span> <span class='ocrx_word' id='word_1_347' title='bbox 1226 590 1358 624; x_wconf 90' lang='lat' dir='ltr'>nobiles,</span> <span class='ocrx_word' id='word_1_348' title='bbox 1375 591 1428 620; x_wconf 85' lang='lat'>22,</span> <span class='ocrx_word' id='word_1_349' title='bbox 1442 590 1495 616; x_wconf 79' lang='lat'>34·</span> 
     </span>
    </p>

    <p class='ocr_par' dir='ltr' id='par_1_35' title="bbox 833 632 1495 705">
     <span class='ocr_line' id='line_1_74' title="bbox 833 632 1495 668; baseline 0.003 -8"><span class='ocrx_word' id='word_1_350' title='bbox 833 650 876 656; x_wconf 90' lang='lat'>—</span> <span class='ocrx_word' id='word_1_351' title='bbox 893 633 933 664; x_wconf 79' lang='lat' dir='ltr'>Q.</span> <span class='ocrx_word' id='word_1_352' title='bbox 950 632 1066 661; x_wconf 80' lang='lat' dir='ltr'>Caecilii</span> <span class='ocrx_word' id='word_1_353' title='bbox 1082 633 1202 662; x_wconf 86' lang='lat' dir='ltr'>Metelli</span> <span class='ocrx_word' id='word_1_354' title='bbox 1219 633 1257 662; x_wconf 86' lang='lat' dir='ltr'>ad</span> <span class='ocrx_word' id='word_1_355' title='bbox 1269 640 1426 668; x_wconf 78' lang='lat' dir='ltr'>censoreS,</span> <span class='ocrx_word' id='word_1_356' title='bbox 1440 634 1495 667; x_wconf 85' lang='lat'>40,</span> 
     </span>
     <span class='ocr_line' id='line_1_75' title="bbox 855 677 911 705; baseline -0.036 0"><span class='ocrx_word' id='word_1_357' title='bbox 855 677 911 705; x_wconf 84' lang='lat'>46.</span> 
     </span>
    </p>

    <p class='ocr_par' dir='ltr' id='par_1_36' title="bbox 833 718 1354 756">
     <span class='ocr_line' id='line_1_76' title="bbox 833 718 1354 756; baseline 0.002 -10"><span class='ocrx_word' id='word_1_358' title='bbox 833 734 876 740; x_wconf 95' lang='lat'>——</span> <span class='ocrx_word' id='word_1_359' title='bbox 891 718 1039 747; x_wconf 73' lang='lat' dir='ltr'>Caeritum</span> <span class='ocrx_word' id='word_1_360' title='bbox 1058 718 1242 754; x_wconf 76' lang='lat' dir='ltr'>legatorum,</span> <span class='ocrx_word' id='word_1_361' title='bbox 1255 724 1286 756; x_wconf 85' lang='lat'>7,</span> <span class='ocrx_word' id='word_1_362' title='bbox 1303 723 1354 748; x_wconf 89' lang='grc'><strong>20.</strong></span> 
     </span>
    </p>

    <p class='ocr_par' dir='ltr' id='par_1_37' title="bbox 834 761 1496 840">
     <span class='ocr_line' id='line_1_77' title="bbox 834 761 1496 798; baseline 0 -8"><span class='ocrx_word' id='word_1_363' title='bbox 834 778 877 785; x_wconf 88' lang='lat'>—-</span> <span class='ocrx_word' id='word_1_364' title='bbox 894 761 1067 791; x_wconf 86' lang='lat' dir='ltr'>Callicratis</span> <span class='ocrx_word' id='word_1_365' title='bbox 1082 763 1189 792; x_wconf 85' lang='lat' dir='ltr'>Achoei</span> <span class='ocrx_word' id='word_1_366' title='bbox 1211 766 1321 792; x_wconf 89' lang='lat' dir='ltr'>contra</span> <span class='ocrx_word' id='word_1_367' title='bbox 1337 763 1496 798; x_wconf 85' lang='lat' dir='ltr'>Perseum,</span> 
     </span>
     <span class='ocr_line' id='line_1_78' title="bbox 855 808 983 840; baseline 0.008 -7"><span class='ocrx_word' id='word_1_368' title='bbox 855 808 910 840; x_wconf 85' lang='lat'>41,</span> <span class='ocrx_word' id='word_1_369' title='bbox 930 808 983 834; x_wconf 88' lang='lat'>28.</span> 
     </span>
    </p>

    <p class='ocr_par' dir='ltr' id='par_1_38' title="bbox 831 849 1440 887">
     <span class='ocr_line' id='line_1_79' title="bbox 831 849 1440 887; baseline 0.003 -12"><span class='ocrx_word' id='word_1_370' title='bbox 831 864 875 871; x_wconf 90' lang='lat'>—</span> <span class='ocrx_word' id='word_1_371' title='bbox 891 849 1122 885; x_wconf 80' lang='lat' dir='ltr'>Campanorum</span> <span class='ocrx_word' id='word_1_372' title='bbox 1139 849 1325 887; x_wconf 81' lang='lat' dir='ltr'>legatorum,</span> <span class='ocrx_word' id='word_1_373' title='bbox 1343 853 1374 885; x_wconf 93' lang='grc'>7,</span> <span class='ocrx_word' id='word_1_374' title='bbox 1386 852 1440 881; x_wconf 80' lang='grc'>30.</span> 
     </span>
    </p>

    <p class='ocr_par' dir='ltr' id='par_1_39' title="bbox 834 891 1145 925">
     <span class='ocr_line' id='line_1_80' title="bbox 834 891 1145 925; baseline 0 -6"><span class='ocrx_word' id='word_1_375' title='bbox 834 906 877 914; x_wconf 88' lang='grc'>--</span> <span class='ocrx_word' id='word_1_376' title='bbox 889 891 1047 924; x_wconf 84' lang='lat' dir='ltr'>Canuleii,</span> <span class='ocrx_word' id='word_1_377' title='bbox 1065 896 1097 925; x_wconf 90' lang='lat'>4,</span> <span class='ocrx_word' id='word_1_378' title='bbox 1115 895 1145 921; x_wconf 89' lang='lat'>3.</span> 
     </span>
    </p>

    <p class='ocr_par' dir='ltr' id='par_1_40' title="bbox 834 933 1498 1057">
     <span class='ocr_line' id='line_1_81' title="bbox 834 933 1498 973; baseline 0 -11"><span class='ocrx_word' id='word_1_379' title='bbox 834 946 877 955; x_wconf 90' lang='lat'>-—-</span> <span class='ocrx_word' id='word_1_380' title='bbox 892 934 1200 973; x_wconf 86' lang='lat' dir='ltr'>Carthaginiensium</span> <span class='ocrx_word' id='word_1_381' title='bbox 1244 935 1415 973; x_wconf 86' lang='lat' dir='ltr'>legatorum</span> <span class='ocrx_word' id='word_1_382' title='bbox 1461 933 1498 962; x_wconf 91' lang='lat' dir='ltr'>de</span> 
     </span>
     <span class='ocr_line' id='line_1_82' title="bbox 855 977 1498 1017; baseline 0 -12"><span class='ocrx_word' id='word_1_383' title='bbox 855 985 942 1014; x_wconf 83' lang='lat' dir='ltr'>pace,</span> <span class='ocrx_word' id='word_1_384' title='bbox 957 981 1011 1013; x_wconf 90' lang='lat'>30,</span> <span class='ocrx_word' id='word_1_385' title='bbox 1030 981 1080 1006; x_wconf 91' lang='lat'>22.</span> <span class='ocrx_word' id='word_1_386' title='bbox 1109 983 1139 1007; x_wconf 80' lang='lat' dir='ltr'>et</span> <span class='ocrx_word' id='word_1_387' title='bbox 1165 982 1218 1008; x_wconf 87' lang='lat'>42.</span> <span class='ocrx_word' id='word_1_388' title='bbox 1242 977 1438 1017; x_wconf 85' lang='lat' dir='ltr'>querentium</span> <span class='ocrx_word' id='word_1_389' title='bbox 1462 977 1498 1005; x_wconf 85' lang='lat' dir='ltr'>de</span> 
     </span>
     <span class='ocr_line' id='line_1_83' title="bbox 856 1020 1179 1057; baseline 0.003 -9"><span class='ocrx_word' id='word_1_390' title='bbox 856 1020 1038 1056; x_wconf 87' lang='lat' dir='ltr'>Masinissa,</span> <span class='ocrx_word' id='word_1_391' title='bbox 1054 1024 1108 1057; x_wconf 88' lang='lat'>42,</span> <span class='ocrx_word' id='word_1_392' title='bbox 1128 1025 1179 1049; x_wconf 84' lang='lat'>23.</span> 
     </span>
    </p>

    <p class='ocr_par' dir='ltr' id='par_1_41' title="bbox 834 1064 1284 1101">
     <span class='ocr_line' id='line_1_84' title="bbox 834 1064 1284 1101; baseline 0.004 -10"><span class='ocrx_word' id='word_1_393' title='bbox 834 1080 877 1086; x_wconf 93' lang='lat'>—</span> <span class='ocrx_word' id='word_1_394' title='bbox 893 1065 953 1101; x_wconf 89' lang='lat' dir='ltr'><strong>Ap.</strong></span> <span class='ocrx_word' id='word_1_395' title='bbox 970 1064 1092 1092; x_wconf 87' lang='lat' dir='ltr'>Claudii</span> <span class='ocrx_word' id='word_1_396' title='bbox 1109 1065 1163 1098; x_wconf 90' lang='lat' dir='ltr'>rei,</span> <span class='ocrx_word' id='word_1_397' title='bbox 1178 1069 1212 1099; x_wconf 90' lang='lat'>3,</span> <span class='ocrx_word' id='word_1_398' title='bbox 1230 1067 1284 1094; x_wconf 84' lang='lat'>56.</span> 
     </span>
    </p>

    <p class='ocr_par' dir='ltr' id='par_1_42' title="bbox 834 1105 1498 1183">
     <span class='ocr_line' id='line_1_85' title="bbox 834 1105 1498 1145; baseline 0 -11"><span class='ocrx_word' id='word_1_399' title='bbox 834 1120 878 1127; x_wconf 91' lang='lat'>—</span> <span class='ocrx_word' id='word_1_400' title='bbox 891 1105 953 1145; x_wconf 87' lang='lat' dir='ltr'><strong>Ap.</strong></span> <span class='ocrx_word' id='word_1_401' title='bbox 971 1106 1106 1143; x_wconf 83' lang='lat' dir='ltr'>Claudii,</span> <span class='ocrx_word' id='word_1_402' title='bbox 1123 1111 1156 1143; x_wconf 88' lang='grc'>4,</span> <span class='ocrx_word' id='word_1_403' title='bbox 1172 1112 1225 1136; x_wconf 88' lang='grc'>48.</span> <span class='ocrx_word' id='word_1_404' title='bbox 1241 1111 1273 1143; x_wconf 87' lang='grc'>5,</span> <span class='ocrx_word' id='word_1_405' title='bbox 1289 1110 1319 1135; x_wconf 87' lang='grc'><strong>3.</strong></span> <span class='ocrx_word' id='word_1_406' title='bbox 1348 1107 1380 1135; x_wconf 87' lang='lat' dir='ltr'>in</span> <span class='ocrx_word' id='word_1_407' title='bbox 1399 1106 1498 1135; x_wconf 84' lang='lat' dir='ltr'>tribu-</span> 
     </span>
     <span class='ocr_line' id='line_1_86' title="bbox 857 1150 1046 1183; baseline -0.011 -6"><span class='ocrx_word' id='word_1_408' title='bbox 857 1157 927 1183; x_wconf 82' lang='lat' dir='ltr'>nos,</span> <span class='ocrx_word' id='word_1_409' title='bbox 944 1150 975 1183; x_wconf 87' lang='lat'>6,</span> <span class='ocrx_word' id='word_1_410' title='bbox 995 1153 1046 1178; x_wconf 88' lang='grc'><strong>40.</strong></span> 
     </span>
    </p>

    <p class='ocr_par' dir='ltr' id='par_1_43' title="bbox 835 1191 1448 1232">
     <span class='ocr_line' id='line_1_87' title="bbox 835 1191 1448 1232; baseline -0.002 -12"><span class='ocrx_word' id='word_1_411' title='bbox 835 1207 878 1214; x_wconf 89' lang='lat'>—·</span> <span class='ocrx_word' id='word_1_412' title='bbox 895 1191 931 1221; x_wconf 89' lang='lat' dir='ltr'>C.</span> <span class='ocrx_word' id='word_1_413' title='bbox 949 1191 1084 1228; x_wconf 78' lang='lat' dir='ltr'>Claudii,</span> <span class='ocrx_word' id='word_1_414' title='bbox 1103 1193 1206 1231; x_wconf 83' lang='lat' dir='ltr'>patrui</span> <span class='ocrx_word' id='word_1_415' title='bbox 1223 1193 1332 1232; x_wconf 82' lang='lat' dir='ltr'>Appii,</span> <span class='ocrx_word' id='word_1_416' title='bbox 1347 1196 1381 1228; x_wconf 88' lang='grc'>3,</span> <span class='ocrx_word' id='word_1_417' title='bbox 1396 1195 1448 1220; x_wconf 87' lang='grc'>40.</span> 
     </span>
    </p>

    <p class='ocr_par' dir='ltr' id='par_1_44' title="bbox 835 1235 1500 1358">
     <span class='ocr_line' id='line_1_88' title="bbox 835 1235 1500 1274; baseline 0.002 -11"><span class='ocrx_word' id='word_1_418' title='bbox 835 1252 878 1258; x_wconf 89' lang='lat'>—</span> <span class='ocrx_word' id='word_1_419' title='bbox 893 1235 939 1264; x_wconf 90' lang='lat' dir='ltr'>M.</span> <span class='ocrx_word' id='word_1_420' title='bbox 958 1235 1079 1264; x_wconf 89' lang='lat' dir='ltr'>Claudii</span> <span class='ocrx_word' id='word_1_421' title='bbox 1104 1235 1257 1272; x_wconf 80' lang='lat' dir='ltr'>Marcelli,</span> <span class='ocrx_word' id='word_1_422' title='bbox 1284 1236 1500 1274; x_wconf 81' lang='lat' dir='ltr'>respondentis</span> 
     </span>
     <span class='ocr_line' id='line_1_89' title="bbox 857 1278 1500 1316; baseline 0.003 -10"><span class='ocrx_word' id='word_1_423' title='bbox 857 1278 1079 1307; x_wconf 83' lang='lat' dir='ltr'>accusantibus</span> <span class='ocrx_word' id='word_1_424' title='bbox 1095 1278 1218 1313; x_wconf 83' lang='lat' dir='ltr'>Siculis,</span> <span class='ocrx_word' id='word_1_425' title='bbox 1229 1282 1282 1315; x_wconf 89' lang='lat'>26,</span> <span class='ocrx_word' id='word_1_426' title='bbox 1294 1283 1347 1308; x_wconf 88' lang='grc'>31.</span> <span class='ocrx_word' id='word_1_427' title='bbox 1363 1279 1500 1316; x_wconf 82' lang='lat' dir='ltr'>ejusdem</span> 
     </span>
     <span class='ocr_line' id='line_1_90' title="bbox 857 1321 1355 1358; baseline 0 -8"><span class='ocrx_word' id='word_1_428' title='bbox 857 1321 896 1350; x_wconf 86' lang='lat' dir='ltr'>ad</span> <span class='ocrx_word' id='word_1_429' title='bbox 913 1321 1027 1350; x_wconf 85' lang='lat' dir='ltr'>milites</span> <span class='ocrx_word' id='word_1_430' title='bbox 1044 1321 1078 1350; x_wconf 89' lang='lat' dir='ltr'>in</span> <span class='ocrx_word' id='word_1_431' title='bbox 1095 1322 1217 1354; x_wconf 84' lang='lat' dir='ltr'>castris,</span> <span class='ocrx_word' id='word_1_432' title='bbox 1237 1326 1290 1358; x_wconf 90' lang='lat'>27,</span> <span class='ocrx_word' id='word_1_433' title='bbox 1307 1326 1355 1350; x_wconf 85' lang='lat'>13.</span> 
     </span>
    </p>

    <p class='ocr_par' dir='ltr' id='par_1_45' title="bbox 836 1364 1502 1403">
     <span class='ocr_line' id='line_1_91' title="bbox 836 1364 1502 1403; baseline 0.002 -10"><span class='ocrx_word' id='word_1_434' title='bbox 836 1380 880 1387; x_wconf 89' lang='lat'>—</span> <span class='ocrx_word' id='word_1_435' title='bbox 896 1364 1058 1393; x_wconf 82' lang='lat' dir='ltr'>consulum</span> <span class='ocrx_word' id='word_1_436' title='bbox 1081 1364 1112 1393; x_wconf 91' lang='lat' dir='ltr'>in</span> <span class='ocrx_word' id='word_1_437' title='bbox 1130 1365 1274 1394; x_wconf 89' lang='lat' dir='ltr'>tribunos</span> <span class='ocrx_word' id='word_1_438' title='bbox 1291 1365 1402 1403; x_wconf 77' lang='lat' dir='ltr'>plebiS,</span> <span class='ocrx_word' id='word_1_439' title='bbox 1418 1369 1452 1402; x_wconf 89' lang='lat'>4,</span> <span class='ocrx_word' id='word_1_440' title='bbox 1471 1369 1502 1395; x_wconf 77' lang='lat'>2.</span> 
     </span>
    </p>

    <p class='ocr_par' dir='ltr' id='par_1_46' title="bbox 836 1407 1501 1487">
     <span class='ocr_line' id='line_1_92' title="bbox 836 1407 1501 1437; baseline 0.002 -1"><span class='ocrx_word' id='word_1_441' title='bbox 836 1425 880 1432; x_wconf 89' lang='lat'>—</span> <span class='ocrx_word' id='word_1_442' title='bbox 894 1407 933 1436; x_wconf 91' lang='lat' dir='ltr'><strong>A.</strong></span> <span class='ocrx_word' id='word_1_443' title='bbox 951 1407 1086 1436; x_wconf 69' lang='lat' dir='ltr'>Cornelii</span> <span class='ocrx_word' id='word_1_444' title='bbox 1104 1408 1191 1437; x_wconf 90' lang='lat' dir='ltr'>Cossi</span> <span class='ocrx_word' id='word_1_445' title='bbox 1209 1408 1370 1437; x_wconf 87' lang='lat' dir='ltr'>dictatoris</span> <span class='ocrx_word' id='word_1_446' title='bbox 1387 1409 1426 1437; x_wconf 89' lang='lat' dir='ltr'>ad</span> <span class='ocrx_word' id='word_1_447' title='bbox 1441 1409 1501 1437; x_wconf 89' lang='lat' dir='ltr'>mi-</span> 
     </span>
     <span class='ocr_line' id='line_1_93' title="bbox 858 1450 1437 1487; baseline 0.005 -9"><span class='ocrx_word' id='word_1_448' title='bbox 858 1450 942 1486; x_wconf 83' lang='lat' dir='ltr'>lites,</span> <span class='ocrx_word' id='word_1_449' title='bbox 961 1453 994 1487; x_wconf 82' lang='lat'>6,</span> <span class='ocrx_word' id='word_1_450' title='bbox 1016 1454 1065 1479; x_wconf 90' lang='lat'>12.</span> <span class='ocrx_word' id='word_1_451' title='bbox 1082 1450 1121 1479; x_wconf 87' lang='lat' dir='ltr'>ad</span> <span class='ocrx_word' id='word_1_452' title='bbox 1136 1451 1182 1479; x_wconf 88' lang='lat' dir='ltr'>M.</span> <span class='ocrx_word' id='word_1_453' title='bbox 1200 1451 1369 1487; x_wconf 85' lang='lat' dir='ltr'>Manlium,</span> <span class='ocrx_word' id='word_1_454' title='bbox 1388 1455 1437 1481; x_wconf 85' lang='lat'>15.</span> 
     </span>
    </p>

    <p class='ocr_par' dir='ltr' id='par_1_47' title="bbox 835 1493 1501 1570">
     <span class='ocr_line' id='line_1_94' title="bbox 835 1493 1501 1524; baseline 0.002 -3"><span class='ocrx_word' id='word_1_455' title='bbox 835 1510 878 1518; x_wconf 93' lang='lat'>—</span> <span class='ocrx_word' id='word_1_456' title='bbox 893 1493 926 1521; x_wconf 94' lang='lat' dir='ltr'>L.</span> <span class='ocrx_word' id='word_1_457' title='bbox 941 1493 1076 1522; x_wconf 89' lang='lat' dir='ltr'>Cornelii</span> <span class='ocrx_word' id='word_1_458' title='bbox 1095 1493 1221 1523; x_wconf 87' lang='lat' dir='ltr'>Lentuli</span> <span class='ocrx_word' id='word_1_459' title='bbox 1238 1495 1270 1523; x_wconf 88' lang='lat' dir='ltr'>in</span> <span class='ocrx_word' id='word_1_460' title='bbox 1287 1495 1420 1524; x_wconf 86' lang='lat' dir='ltr'>consilio</span> <span class='ocrx_word' id='word_1_461' title='bbox 1443 1493 1501 1523; x_wconf 84' lang='lat' dir='ltr'>nii-</span> 
     </span>
     <span class='ocr_line' id='line_1_95' title="bbox 861 1537 1281 1570; baseline 0.002 -5"><span class='ocrx_word' id='word_1_462' title='bbox 861 1537 943 1565; x_wconf 87' lang='lat' dir='ltr'>litari</span> <span class='ocrx_word' id='word_1_463' title='bbox 959 1537 997 1565; x_wconf 87' lang='lat' dir='ltr'>ad</span> <span class='ocrx_word' id='word_1_464' title='bbox 1015 1537 1181 1570; x_wconf 84' lang='lat' dir='ltr'>Caudium,</span> <span class='ocrx_word' id='word_1_465' title='bbox 1199 1542 1231 1569; x_wconf 89' lang='grc'>9.</span> <span class='ocrx_word' id='word_1_466' title='bbox 1249 1541 1281 1567; x_wconf 87' lang='grc'>4.</span> 
     </span>
    </p>

    <p class='ocr_par' dir='ltr' id='par_1_48' title="bbox 838 1580 1503 1651">
     <span class='ocr_line' id='line_1_96' title="bbox 838 1580 1503 1619; baseline -0.002 -11"><span class='ocrx_word' id='word_1_467' title='bbox 838 1596 881 1603; x_wconf 94' lang='grc'>-</span> <span class='ocrx_word' id='word_1_468' title='bbox 897 1580 930 1609; x_wconf 90' lang='grc' dir='ltr'>Ρ.</span> <span class='ocrx_word' id='word_1_469' title='bbox 947 1580 1082 1609; x_wconf 87' lang='lat' dir='ltr'>Cornelii</span> <span class='ocrx_word' id='word_1_470' title='bbox 1092 1580 1245 1619; x_wconf 79' lang='lat' dir='ltr'>Scipionis</span> <span class='ocrx_word' id='word_1_471' title='bbox 1259 1581 1296 1609; x_wconf 90' lang='lat' dir='ltr'>ad</span> <span class='ocrx_word' id='word_1_472' title='bbox 1306 1580 1433 1616; x_wconf 83' lang='lat' dir='ltr'>milites,</span> <span class='ocrx_word' id='word_1_473' title='bbox 1445 1583 1503 1616; x_wconf 83' lang='lat'>21,</span> 
     </span>
     <span class='ocr_line' id='line_1_97' title="bbox 862 1627 914 1651; baseline -0.038 0"><span class='ocrx_word' id='word_1_474' title='bbox 862 1627 914 1651; x_wconf 90' lang='lat'>40.</span> 
     </span>
    </p>

    <p class='ocr_par' dir='ltr' id='par_1_49' title="bbox 837 1665 1505 2006">
     <span class='ocr_line' id='line_1_98' title="bbox 837 1665 1503 1706; baseline 0.003 -13"><span class='ocrx_word' id='word_1_475' title='bbox 837 1683 879 1689; x_wconf 95' lang='lat'>—</span> <span class='ocrx_word' id='word_1_476' title='bbox 893 1666 924 1694; x_wconf 87' lang='lat' dir='ltr'>P.</span> <span class='ocrx_word' id='word_1_477' title='bbox 939 1665 1076 1695; x_wconf 72' lang='lat' dir='ltr'>Cornelii</span> <span class='ocrx_word' id='word_1_478' title='bbox 1086 1666 1253 1705; x_wconf 90' lang='lat' dir='ltr'>Scipionis,</span> <span class='ocrx_word' id='word_1_479' title='bbox 1263 1668 1318 1706; x_wconf 83' lang='lat' dir='ltr'>qui</span> <span class='ocrx_word' id='word_1_480' title='bbox 1328 1666 1503 1703; x_wconf 80' lang='lat' dir='ltr'>Africanus</span> 
     </span>
     <span class='ocr_line' id='line_1_99' title="bbox 860 1706 1502 1747; baseline 0.003 -11"><span class='ocrx_word' id='word_1_481' title='bbox 860 1706 962 1737; x_wconf 76' lang='lat' dir='ltr'>dietus</span> <span class='ocrx_word' id='word_1_482' title='bbox 977 1715 1034 1743; x_wconf 73' lang='lat' dir='ltr'>cst,</span> <span class='ocrx_word' id='word_1_483' title='bbox 1051 1710 1088 1739; x_wconf 85' lang='lat' dir='ltr'>ad</span> <span class='ocrx_word' id='word_1_484' title='bbox 1105 1710 1233 1747; x_wconf 85' lang='lat' dir='ltr'>milites,</span> <span class='ocrx_word' id='word_1_485' title='bbox 1249 1713 1302 1746; x_wconf 88' lang='lat'>26,</span> <span class='ocrx_word' id='word_1_486' title='bbox 1319 1714 1370 1738; x_wconf 91' lang='grc'>41.</span> <span class='ocrx_word' id='word_1_487' title='bbox 1398 1714 1429 1738; x_wconf 76' lang='lat' dir='ltr'>et</span> <span class='ocrx_word' id='word_1_488' title='bbox 1449 1714 1502 1738; x_wconf 84' lang='lat'>43.</span> 
     </span>
     <span class='ocr_line' id='line_1_100' title="bbox 861 1752 1505 1791; baseline -0.002 -10"><span class='ocrx_word' id='word_1_489' title='bbox 861 1753 898 1781; x_wconf 85' lang='lat' dir='ltr'>ad</span> <span class='ocrx_word' id='word_1_490' title='bbox 922 1752 1093 1789; x_wconf 84' lang='lat' dir='ltr'>Allucium,</span> <span class='ocrx_word' id='word_1_491' title='bbox 1123 1753 1350 1782; x_wconf 82' lang='lat' dir='ltr'>Celtiberorum</span> <span class='ocrx_word' id='word_1_492' title='bbox 1389 1753 1505 1791; x_wconf 86' lang='lat' dir='ltr'>princi-</span> 
     </span>
     <span class='ocr_line' id='line_1_101' title="bbox 860 1795 1503 1834; baseline 0.002 -11"><span class='ocrx_word' id='word_1_493' title='bbox 860 1804 943 1834; x_wconf 89' lang='lat' dir='ltr'>pem,</span> <span class='ocrx_word' id='word_1_494' title='bbox 960 1799 1012 1824; x_wconf 88' lang='lat'>50.</span> <span class='ocrx_word' id='word_1_495' title='bbox 1027 1796 1065 1825; x_wconf 84' lang='lat' dir='ltr'>ad</span> <span class='ocrx_word' id='word_1_496' title='bbox 1080 1796 1208 1830; x_wconf 86' lang='lat' dir='ltr'>milites,</span> <span class='ocrx_word' id='word_1_497' title='bbox 1225 1800 1278 1832; x_wconf 84' lang='lat'>28,</span> <span class='ocrx_word' id='word_1_498' title='bbox 1293 1800 1343 1827; x_wconf 85' lang='lat'>27.</span> <span class='ocrx_word' id='word_1_499' title='bbox 1359 1800 1389 1824; x_wconf 80' lang='lat' dir='ltr'>ct</span> <span class='ocrx_word' id='word_1_500' title='bbox 1403 1800 1455 1824; x_wconf 88' lang='lat'>32.</span> <span class='ocrx_word' id='word_1_501' title='bbox 1470 1795 1503 1824; x_wconf 89' lang='lat' dir='ltr'>in</span> 
     </span>
     <span class='ocr_line' id='line_1_102' title="bbox 862 1839 1502 1876; baseline 0 -9"><span class='ocrx_word' id='word_1_502' title='bbox 862 1842 973 1867; x_wconf 78' lang='lat' dir='ltr'>senatu</span> <span class='ocrx_word' id='word_1_503' title='bbox 1004 1840 1219 1876; x_wconf 86' lang='lat' dir='ltr'>respondentis</span> <span class='ocrx_word' id='word_1_504' title='bbox 1249 1839 1358 1873; x_wconf 85' lang='lat' dir='ltr'>Fabio,</span> <span class='ocrx_word' id='word_1_505' title='bbox 1383 1843 1435 1868; x_wconf 87' lang='lat'>43.</span> <span class='ocrx_word' id='word_1_506' title='bbox 1464 1839 1502 1867; x_wconf 90' lang='lat' dir='ltr'>ad</span> 
     </span>
     <span class='ocr_line' id='line_1_103' title="bbox 862 1882 1503 1919; baseline 0 -9"><span class='ocrx_word' id='word_1_507' title='bbox 862 1882 1073 1914; x_wconf 74' lang='lat' dir='ltr'>Masinissam,</span> <span class='ocrx_word' id='word_1_508' title='bbox 1090 1887 1145 1919; x_wconf 89' lang='lat'>30,</span> <span class='ocrx_word' id='word_1_509' title='bbox 1166 1886 1214 1911; x_wconf 89' lang='lat'>14.</span> <span class='ocrx_word' id='word_1_510' title='bbox 1241 1883 1278 1911; x_wconf 84' lang='lat' dir='ltr'>ad</span> <span class='ocrx_word' id='word_1_511' title='bbox 1300 1882 1503 1917; x_wconf 88' lang='lat' dir='ltr'>Annibalem,</span> 
     </span>
     <span class='ocr_line' id='line_1_104' title="bbox 861 1925 1502 1963; baseline -0.002 -9"><span class='ocrx_word' id='word_1_512' title='bbox 861 1929 914 1955; x_wconf 88' lang='lat'>31.</span> <span class='ocrx_word' id='word_1_513' title='bbox 927 1925 964 1954; x_wconf 88' lang='lat' dir='ltr'>ad</span> <span class='ocrx_word' id='word_1_514' title='bbox 975 1926 1094 1963; x_wconf 85' lang='lat' dir='ltr'>legatos</span> <span class='ocrx_word' id='word_1_515' title='bbox 1109 1925 1270 1960; x_wconf 87' lang='lat' dir='ltr'>Antiochi,</span> <span class='ocrx_word' id='word_1_516' title='bbox 1281 1930 1335 1959; x_wconf 87' lang='lat'>37,</span> <span class='ocrx_word' id='word_1_517' title='bbox 1346 1927 1436 1954; x_wconf 76' lang='lat' dir='ltr'>36.et</span> <span class='ocrx_word' id='word_1_518' title='bbox 1450 1928 1502 1954; x_wconf 82' lang='lat'>45.</span> 
     </span>
     <span class='ocr_line' id='line_1_105' title="bbox 862 1967 1285 2006; baseline -0.002 -9"><span class='ocrx_word' id='word_1_519' title='bbox 862 1968 899 1997; x_wconf 86' lang='lat' dir='ltr'>ad</span> <span class='ocrx_word' id='word_1_520' title='bbox 916 1967 1065 2006; x_wconf 88' lang='lat' dir='ltr'>populum</span> <span class='ocrx_word' id='word_1_521' title='bbox 1084 1968 1141 2004; x_wconf 84' lang='lat' dir='ltr'>rei,</span> <span class='ocrx_word' id='word_1_522' title='bbox 1159 1973 1214 2005; x_wconf 86' lang='lat'>38,</span> <span class='ocrx_word' id='word_1_523' title='bbox 1233 1973 1285 1997; x_wconf 82' lang='lat'>51.</span> 
     </span>
    </p>

    <p class='ocr_par' dir='ltr' id='par_1_50' title="bbox 840 2011 1504 2083">
     <span class='ocr_line' id='line_1_106' title="bbox 840 2011 1504 2051; baseline 0 -11"><span class='ocrx_word' id='word_1_524' title='bbox 840 2029 884 2035; x_wconf 97' lang='lat'><strong>—</strong></span> <span class='ocrx_word' id='word_1_525' title='bbox 899 2012 933 2042; x_wconf 87' lang='lat' dir='ltr'>P.</span> <span class='ocrx_word' id='word_1_526' title='bbox 958 2011 1095 2040; x_wconf 86' lang='lat' dir='ltr'>Cornelii</span> <span class='ocrx_word' id='word_1_527' title='bbox 1118 2011 1275 2051; x_wconf 85' lang='lat' dir='ltr'>Scipionis</span> <span class='ocrx_word' id='word_1_528' title='bbox 1291 2012 1427 2048; x_wconf 65' lang='lat' dir='ltr'>Nasicae,</span> <span class='ocrx_word' id='word_1_529' title='bbox 1449 2015 1504 2047; x_wconf 84' lang='lat'>38,</span> 
     </span>
     <span class='ocr_line' id='line_1_107' title="bbox 864 2058 915 2083; baseline 0 0"><span class='ocrx_word' id='word_1_530' title='bbox 864 2058 915 2083; x_wconf 80' lang='lat'>58.</span> 
     </span>
    </p>

    <p class='ocr_par' dir='ltr' id='par_1_51' title="bbox 841 2096 1502 2175">
     <span class='ocr_line' id='line_1_108' title="bbox 841 2096 1502 2133; baseline -0.002 -6"><span class='ocrx_word' id='word_1_531' title='bbox 841 2113 885 2120; x_wconf 93' lang='lat'>—</span> <span class='ocrx_word' id='word_1_532' title='bbox 898 2097 931 2127; x_wconf 88' lang='lat' dir='ltr'>P.</span> <span class='ocrx_word' id='word_1_533' title='bbox 949 2096 1051 2133; x_wconf 89' lang='lat' dir='ltr'>Decii,</span> <span class='ocrx_word' id='word_1_534' title='bbox 1069 2097 1189 2126; x_wconf 89' lang='lat' dir='ltr'>tribuni</span> <span class='ocrx_word' id='word_1_535' title='bbox 1206 2098 1353 2133; x_wconf 89' lang='lat' dir='ltr'>militum,</span> <span class='ocrx_word' id='word_1_536' title='bbox 1371 2098 1408 2126; x_wconf 86' lang='lat' dir='ltr'>ad</span> <span class='ocrx_word' id='word_1_537' title='bbox 1421 2096 1502 2126; x_wconf 91' lang='lat' dir='ltr'>mili-</span> 
     </span>
     <span class='ocr_line' id='line_1_109' title="bbox 864 2139 1229 2175; baseline 0 -6"><span class='ocrx_word' id='word_1_538' title='bbox 864 2143 924 2175; x_wconf 89' lang='lat' dir='ltr'>tes,</span> <span class='ocrx_word' id='word_1_539' title='bbox 942 2143 971 2172; x_wconf 93' lang='lat'>7,</span> <span class='ocrx_word' id='word_1_540' title='bbox 986 2144 1039 2169; x_wconf 89' lang='lat'>35.</span> <span class='ocrx_word' id='word_1_541' title='bbox 1220 2139 1229 2149; x_wconf 68' lang='lat'>¹</span> 
     </span>
    </p>

    <p class='ocr_par' dir='ltr' id='par_1_52' title="bbox 841 2183 1506 2307">
     <span class='ocr_line' id='line_1_110' title="bbox 841 2183 1505 2221; baseline 0.002 -11"><span class='ocrx_word' id='word_1_542' title='bbox 841 2184 930 2211; x_wconf 81' lang='lat' dir='ltr'>-P.</span> <span class='ocrx_word' id='word_1_543' title='bbox 962 2183 1050 2211; x_wconf 90' lang='lat' dir='ltr'>Decii</span> <span class='ocrx_word' id='word_1_544' title='bbox 1072 2192 1129 2221; x_wconf 82' lang='lat' dir='ltr'>pro</span> <span class='ocrx_word' id='word_1_545' title='bbox 1153 2183 1228 2218; x_wconf 78' lang='lat' dir='ltr'>lege,</span> <span class='ocrx_word' id='word_1_546' title='bbox 1262 2184 1298 2212; x_wconf 86' lang='lat' dir='ltr'>dc</span> <span class='ocrx_word' id='word_1_547' title='bbox 1325 2183 1505 2214; x_wconf 85' lang='lat' dir='ltr'>sacerdotiis</span> 
     </span>
     <span class='ocr_line' id='line_1_111' title="bbox 864 2225 1506 2265; baseline 0 -10"><span class='ocrx_word' id='word_1_548' title='bbox 864 2235 934 2255; x_wconf 89' lang='lat' dir='ltr'>cum</span> <span class='ocrx_word' id='word_1_549' title='bbox 951 2225 1038 2263; x_wconf 87' lang='lat' dir='ltr'>plebe</span> <span class='ocrx_word' id='word_1_550' title='bbox 1055 2227 1335 2265; x_wconf 85' lang='lat' dir='ltr'>communicandis,</span> <span class='ocrx_word' id='word_1_551' title='bbox 1356 2231 1406 2264; x_wconf 88' lang='grc'>10,</span> <span class='ocrx_word' id='word_1_552' title='bbox 1423 2232 1454 2259; x_wconf 91' lang='grc'>7.</span> <span class='ocrx_word' id='word_1_553' title='bbox 1469 2227 1506 2256; x_wconf 86' lang='lat' dir='ltr'>de</span> 
     </span>
     <span class='ocr_line' id='line_1_112' title="bbox 865 2268 1111 2307; baseline -0.004 -10"><span class='ocrx_word' id='word_1_554' title='bbox 865 2268 1045 2307; x_wconf 86' lang='lat' dir='ltr'>provinciis,</span> <span class='ocrx_word' id='word_1_555' title='bbox 1060 2273 1111 2298; x_wconf 91' lang='lat'>24.</span> 
     </span>
    </p>

    <p class='ocr_par' dir='ltr' id='par_1_53' title="bbox 844 2312 1441 2348">
     <span class='ocr_line' id='line_1_113' title="bbox 844 2312 1441 2348; baseline 0 -8"><span class='ocrx_word' id='word_1_556' title='bbox 844 2327 887 2334; x_wconf 92' lang='lat'>—-</span> <span class='ocrx_word' id='word_1_557' title='bbox 904 2313 942 2341; x_wconf 87' lang='lat' dir='ltr'>C.</span> <span class='ocrx_word' id='word_1_558' title='bbox 956 2312 1090 2340; x_wconf 89' lang='lat' dir='ltr'>Decimii</span> <span class='ocrx_word' id='word_1_559' title='bbox 1104 2313 1143 2342; x_wconf 90' lang='lat' dir='ltr'>ad</span> <span class='ocrx_word' id='word_1_560' title='bbox 1158 2313 1311 2347; x_wconf 81' lang='lat' dir='ltr'>Rhodios,</span> <span class='ocrx_word' id='word_1_561' title='bbox 1324 2315 1376 2348; x_wconf 87' lang='lat'>45,</span> <span class='ocrx_word' id='word_1_562' title='bbox 1394 2316 1441 2341; x_wconf 89' lang='grc'>11.</span> 
     </span>
    </p>

    <p class='ocr_par' dir='ltr' id='par_1_54' title="bbox 845 2355 1209 2391">
     <span class='ocr_line' id='line_1_114' title="bbox 845 2355 1209 2391; baseline 0 -7"><span class='ocrx_word' id='word_1_563' title='bbox 845 2371 888 2378; x_wconf 93' lang='lat'>—-</span> <span class='ocrx_word' id='word_1_564' title='bbox 902 2355 1068 2391; x_wconf 90' lang='lat' dir='ltr'>Demetrii,</span> <span class='ocrx_word' id='word_1_565' title='bbox 1084 2358 1139 2389; x_wconf 91' lang='lat'>40,</span> <span class='ocrx_word' id='word_1_566' title='bbox 1160 2359 1209 2385; x_wconf 89' lang='lat'>12.</span> 
     </span>
    </p>

    <p class='ocr_par' dir='ltr' id='par_1_55' title="bbox 846 2395 1510 2520">
     <span class='ocr_line' id='line_1_115' title="bbox 846 2395 1508 2438; baseline -0.002 -11"><span class='ocrx_word' id='word_1_567' title='bbox 846 2398 1053 2427; x_wconf 88' lang='lat' dir='ltr'>-Eumenis</span> <span class='ocrx_word' id='word_1_568' title='bbox 1076 2399 1113 2427; x_wconf 90' lang='lat' dir='ltr'>ad</span> <span class='ocrx_word' id='word_1_569' title='bbox 1147 2398 1310 2427; x_wconf 85' lang='lat' dir='ltr'>AEmilium</span> <span class='ocrx_word' id='word_1_570' title='bbox 1335 2395 1508 2438; x_wconf 85' lang='lat' dir='ltr'>Regillum,</span> 
     </span>
     <span class='ocr_line' id='line_1_116' title="bbox 866 2442 1510 2477; baseline -0.002 -7"><span class='ocrx_word' id='word_1_571' title='bbox 866 2445 922 2477; x_wconf 88' lang='lat'>37,</span> <span class='ocrx_word' id='word_1_572' title='bbox 942 2445 989 2472; x_wconf 86' lang='lat'>19.</span> <span class='ocrx_word' id='word_1_573' title='bbox 1005 2442 1043 2470; x_wconf 86' lang='lat' dir='ltr'>ad</span> <span class='ocrx_word' id='word_1_574' title='bbox 1059 2444 1213 2474; x_wconf 84' lang='lat' dir='ltr'>senatum,</span> <span class='ocrx_word' id='word_1_575' title='bbox 1231 2445 1283 2470; x_wconf 86' lang='lat'>45.</span> <span class='ocrx_word' id='word_1_576' title='bbox 1307 2446 1416 2471; x_wconf 84' lang='lat' dir='ltr'>contra</span> <span class='ocrx_word' id='word_1_577' title='bbox 1440 2443 1510 2470; x_wconf 91' lang='lat' dir='ltr'>Per-</span> 
     </span>
     <span class='ocr_line' id='line_1_117' title="bbox 868 2488 1226 2520; baseline 0.003 -8"><span class='ocrx_word' id='word_1_578' title='bbox 868 2493 969 2520; x_wconf 83' lang='lat' dir='ltr'>seum,</span> <span class='ocrx_word' id='word_1_579' title='bbox 986 2489 1042 2520; x_wconf 89' lang='lat'>42,</span> <span class='ocrx_word' id='word_1_580' title='bbox 1063 2489 1113 2514; x_wconf 91' lang='lat' dir='ltr'>ll.</span> <span class='ocrx_word' id='word_1_581' title='bbox 1128 2489 1158 2513; x_wconf 80' lang='lat' dir='ltr'>et</span> <span class='ocrx_word' id='word_1_582' title='bbox 1177 2488 1226 2513; x_wconf 88' lang='lat'>12.</span> 
     </span>
    </p>

    <p class='ocr_par' dir='ltr' id='par_1_56' title="bbox 846 2527 1184 2563">
     <span class='ocr_line' id='line_1_118' title="bbox 846 2527 1184 2563; baseline 0 -7"><span class='ocrx_word' id='word_1_583' title='bbox 846 2542 889 2550; x_wconf 92' lang='lat'><strong>—</strong></span> <span class='ocrx_word' id='word_1_584' title='bbox 904 2527 951 2557; x_wconf 92' lang='lat' dir='ltr'>M.</span> <span class='ocrx_word' id='word_1_585' title='bbox 968 2527 1067 2563; x_wconf 83' lang='lat' dir='ltr'>Fabii,</span> <span class='ocrx_word' id='word_1_586' title='bbox 1086 2531 1116 2562; x_wconf 89' lang='lat'>8,</span> <span class='ocrx_word' id='word_1_587' title='bbox 1131 2531 1184 2556; x_wconf 89' lang='lat'>33.</span> 
     </span>
    </p>

    <p class='ocr_par' dir='ltr' id='par_1_57' title="bbox 846 2568 1508 2606">
     <span class='ocr_line' id='line_1_119' title="bbox 846 2568 1508 2606; baseline -0.005 -6"><span class='ocrx_word' id='word_1_588' title='bbox 846 2585 890 2593; x_wconf 90' lang='lat'>—</span> <span class='ocrx_word' id='word_1_589' title='bbox 905 2570 950 2599; x_wconf 94' lang='lat' dir='ltr'>M.</span> <span class='ocrx_word' id='word_1_590' title='bbox 966 2571 1055 2600; x_wconf 85' lang='lat' dir='ltr'>Fabii</span> <span class='ocrx_word' id='word_1_591' title='bbox 1076 2570 1243 2606; x_wconf 85' lang='lat' dir='ltr'>Buteonis,</span> <span class='ocrx_word' id='word_1_592' title='bbox 1261 2568 1436 2605; x_wconf 85' lang='lat' dir='ltr'>dictatoris,</span> <span class='ocrx_word' id='word_1_593' title='bbox 1453 2571 1508 2603; x_wconf 82' lang='lat'>23,</span> 
     </span>
    </p>

    <p class='ocr_par' dir='ltr' id='par_1_58' title="bbox 845 2617 922 2643">
     <span class='ocr_line' id='line_1_120' title="bbox 845 2617 922 2643; baseline 0.039 -3"><span class='ocrx_word' id='word_1_594' title='bbox 845 2635 849 2640; x_wconf 92' lang='lat'>.</span> <span class='ocrx_word' id='word_1_595' title='bbox 870 2617 922 2643; x_wconf 76' lang='lat'>23.</span> 
     </span>
    </p>

    <p class='ocr_par' dir='ltr' id='par_1_59' title="bbox 848 2652 1508 2735">
     <span class='ocr_line' id='line_1_121' title="bbox 848 2652 1508 2689; baseline -0.009 -3"><span class='ocrx_word' id='word_1_596' title='bbox 848 2672 891 2678; x_wconf 97' lang='lat'><strong>—</strong></span> <span class='ocrx_word' id='word_1_597' title='bbox 906 2655 947 2687; x_wconf 81' lang='lat' dir='ltr'>Q.</span> <span class='ocrx_word' id='word_1_598' title='bbox 956 2655 1045 2685; x_wconf 85' lang='lat' dir='ltr'>Fabii</span> <span class='ocrx_word' id='word_1_599' title='bbox 1057 2656 1088 2685; x_wconf 92' lang='lat' dir='ltr'>in</span> <span class='ocrx_word' id='word_1_600' title='bbox 1101 2655 1321 2689; x_wconf 78' lang='lat' dir='ltr'>Terentillam,</span> <span class='ocrx_word' id='word_1_601' title='bbox 1333 2652 1508 2688; x_wconf 87' lang='lat' dir='ltr'>tribunum,</span> 
     </span>
     <span class='ocr_line' id='line_1_122' title="bbox 871 2703 956 2735; baseline -0.012 -5"><span class='ocrx_word' id='word_1_602' title='bbox 871 2704 905 2735; x_wconf 88' lang='lat'>3,</span> <span class='ocrx_word' id='word_1_603' title='bbox 924 2703 956 2730; x_wconf 88' lang='lat'>9.</span> 
     </span>
    </p>

    <p class='ocr_par' dir='ltr' id='par_1_60' title="bbox 849 2738 1513 2780">
     <span class='ocr_line' id='line_1_123' title="bbox 849 2738 1513 2780; baseline -0.012 -7"><span class='ocrx_word' id='word_1_604' title='bbox 849 2760 892 2768; x_wconf 93' lang='lat'>—</span> <span class='ocrx_word' id='word_1_605' title='bbox 908 2742 950 2774; x_wconf 86' lang='lat' dir='ltr'>Q.</span> <span class='ocrx_word' id='word_1_606' title='bbox 965 2742 1067 2777; x_wconf 80' lang='lat' dir='ltr'>Fabii,</span> <span class='ocrx_word' id='word_1_607' title='bbox 1085 2741 1224 2780; x_wconf 82' lang='lat' dir='ltr'>magistri</span> <span class='ocrx_word' id='word_1_608' title='bbox 1240 2738 1392 2777; x_wconf 78' lang='lat' dir='ltr'>equitum,</span> <span class='ocrx_word' id='word_1_609' title='bbox 1411 2741 1442 2774; x_wconf 91' lang='lat'>8,</span> <span class='ocrx_word' id='word_1_610' title='bbox 1459 2742 1513 2767; x_wconf 82' lang='lat'>31.</span> 
     </span>
    </p>

    <p class='ocr_par' dir='ltr' id='par_1_61' title="bbox 850 2781 1510 2816">
     <span class='ocr_line' id='line_1_124' title="bbox 850 2781 1510 2816; baseline -0.012 1"><span class='ocrx_word' id='word_1_611' title='bbox 850 2801 893 2810; x_wconf 88' lang='lat'>—-·</span> <span class='ocrx_word' id='word_1_612' title='bbox 909 2785 949 2816; x_wconf 82' lang='lat' dir='ltr'>Q.</span> <span class='ocrx_word' id='word_1_613' title='bbox 977 2785 1065 2816; x_wconf 85' lang='lat' dir='ltr'>Fabii</span> <span class='ocrx_word' id='word_1_614' title='bbox 1089 2783 1217 2814; x_wconf 82' lang='lat' dir='ltr'>Maximi</span> <span class='ocrx_word' id='word_1_615' title='bbox 1242 2781 1443 2812; x_wconf 85' lang='lat' dir='ltr'>cunctatoris</span> <span class='ocrx_word' id='word_1_616' title='bbox 1473 2781 1510 2811; x_wconf 80' lang='lat' dir='ltr'>ad</span> 
     </span>
    </p>
   </div>
   <div class='ocr_carea' id='block_1_7' title="bbox 887 2827 1005 2867">
    <p class='ocr_par' dir='ltr' id='par_1_62' title="bbox 887 2827 1005 2867">
     <span class='ocr_line' id='line_1_125' title="bbox 887 2827 1005 2867; baseline -0.008 0"><span class='ocrx_word' id='word_1_617' title='bbox 887 2827 1005 2867; x_wconf 60' lang='lat' dir='ltr'>Bbrl·</span> 
     </span>
    </p>
   </div>
  </div>
 </body>
</html>
