1831 3194
455 127 575 164 LIB.
607 124 751 164 XLIV.
797 125 872 162 CA
890 124 928 161 P.
961 124 1031 161 XI.
1377 132 1442 163 131

40 249 165 289 quam
197 235 454 290 praetervecti
484 235 660 276 fuerant.
726 233 789 274 Ibi
814 235 1022 274 Eumenes
1043 248 1130 281 rex,
1155 233 1300 289 viginti
1328 235 1446 275 tectis
1461 242 1546 274 U.C.
1563 242 1636 272 583.

40 291 216 333 navibus
236 294 288 333 ab
306 293 409 333 Elea
428 292 654 347 profectus,
676 290 824 331 obvius
844 291 924 331 fuit
944 308 954 338 ;
985 299 1025 331 et
1047 291 1233 346 quinque
1265 291 1398 331 inissoe
1425 287 1498 333 ΕΛ·
1512 287 1550 316 C.
1568 286 1638 315 169.

41 348 191 389 Prusia.
210 364 305 403 rege
326 357 447 390 tectae
469 363 603 389 naves.

99 405 184 445 XI.
219 407 310 446 Hac
351 405 501 446 virium
541 404 767 446 accessione
807 404 968 444 animus
1008 404 1136 445 crevit
1177 405 1363 460 praetori,
1403 413 1448 446 ut

41 461 336 503 Cassandream
367 463 642 517 obpugnaret.
703 460 926 502 G'³Condita
955 470 1014 502 est
1046 477 1070 502 a
1096 462 1329 502 Cassandro
1353 477 1448 517 rege

40 516 81 557 in
103 518 200 573 ipsis
226 519 431 567 faucibus,
453 534 550 574 quae
582 518 864 558 Pallenensem
894 533 1041 571 agrum
1072 527 1220 559 ceterae
1253 518 1450 559 Macedo-

39 574 117 614 niae
141 576 344 631 jungunt,
365 575 460 616 hinc
492 577 738 624 Toronaico,
760 575 856 615 hinc
888 574 1158 615 Macedonico
1189 583 1305 631 septa
1333 576 1448 616 mari.

41 631 209 673 Eminet
230 647 408 687 namque
430 632 471 672 in
493 633 624 673 altum
646 632 802 687 lingua,
831 631 871 672 in
903 647 988 686 qua
1018 632 1095 673 sita
1125 641 1209 672 est:
1243 632 1356 673 65'nec
1378 632 1452 672 ini-

40 701 131 737 nus,
153 702 280 743 quam
311 689 352 729 in
383 689 515 730 altum
546 688 834 744 magnitudine
863 688 983 729 Atho
1004 704 1135 737 mons,
1159 690 1357 739 excurrit,
1379 690 1451 729 ob-

42 758 160 785 versa
189 745 231 786 in
260 746 469 801 regionem
502 745 734 801 Magnesiae
764 745 930 785 duobus
968 745 1183 801 inparibus
1216 753 1454 801 promonto-

40 799 138 847 riis;
183 817 363 857 quorum
396 803 541 859 majori
580 802 803 843 Posideum
837 810 898 843 est
931 817 1094 851 nomen,
1117 802 1264 842 minori
1303 804 1454 843 Canas-

41 863 204 899 traeum.
267 859 422 900 Divisis
451 859 642 915 partibus
671 859 914 915 obpugnare
944 859 1105 900 adorti:
1156 860 1371 900 Romanus
1401 859 1455 899 ad

43 913 188 965 Clitas,
220 931 324 971 quas
354 925 517 966 vocant,
539 916 809 965 munimenta,
845 914 1015 955 sssscervis
1045 915 1168 956 etiam
1198 916 1385 971 objectis,
1407 924 1455 957 ut

42 970 151 1012 viam
196 972 504 1023 intercluderet,
545 989 570 1014 a
617 971 888 1013 Macedonico
927 972 981 1012 ad
1023 973 1303 1013 Toronaicum
1344 988 1456 1013 mare

41 1028 245 1082 perducit.
268 1030 320 1071 ab
333 1030 463 1070 altera
478 1038 596 1085 parte
616 1029 827 1084 ⁶⁷euripus
843 1037 920 1069 est:
955 1028 1049 1068 inde
1067 1029 1277 1069 Eumenes
1293 1029 1455 1084 obpug-

43 1085 182 1126 nabat.
244 1086 443 1127 Romanis
473 1087 514 1126 in
545 1086 654 1126 fossa
684 1084 942 1140 complenda,
974 1099 1099 1139 quam
1130 1100 1264 1141 nuper
1299 1086 1457 1140 objece-

43 1149 107 1182 rat
130 1143 320 1193 Perseus,
343 1142 571 1199 plurimum
602 1151 689 1183 erat
714 1141 878 1182 laboris.
942 1141 1008 1181 Ibi
1037 1141 1241 1197 quaerenti
1270 1142 1455 1198 praetori,

43 1197 144 1294 {luia
167 1214 374 1255 nusquam
399 1200 556 1241 cumuli
582 1199 853 1255 adparebant,
876 1213 961 1253 quo
989 1207 1151 1253 regesta
1178 1214 1199 1239 e
1220 1198 1329 1239 fossa
1350 1208 1460 1240 terra

62 1263 167 1305 oret,
192 1255 451 1298 ⁶8m0nstrati
481 1265 578 1298 sunt
613 1255 812 1296 fornices:
846 1269 924 1295 non
945 1256 1002 1294 ad
1020 1257 1194 1296 eamdem
1225 1257 1459 1297 crassitudi-

43 1325 145 1363 nem,
161 1327 242 1367 qua
262 1320 428 1354 veterem
449 1328 614 1362 murum,
635 1314 705 1354 sed
723 1313 902 1365 simplici
920 1313 1090 1352 laterum
1112 1314 1268 1361 ordine,
1291 1319 1460 1354 structos

43 1383 137 1410 esse.
200 1370 430 1412 Consilium
460 1370 592 1427 igitur
621 1369 746 1427 cepit,
769 1369 994 1411 transfosso
1023 1369 1180 1425 pariete
1211 1370 1289 1412 iter
1319 1370 1361 1411 in
1392 1386 1459 1411 ur-

99 1522 141 1552 64
179 1523 306 1554 Condita
341 1530 381 1554 est
406 1536 424 1554 a
453 1525 613 1554 Cassandro
646 1523 729 1565 rege]

47 1564 134 1596 Olim
158 1565 311 1602 Potidaea,
335 1571 412 1598 teste
435 1567 548 1602 Plinio,
572 1566 593 1596 1.
616 1567 675 1596 IV.
702 1576 731 1596 c.

52 1609 103 1639 10.
147 1608 240 1639 Illam
262 1609 374 1640 deinde
397 1610 445 1640 vel
467 1615 606 1649 auxerat,
622 1609 670 1639 vel
684 1609 731 1638 in—

50 1656 241 1682 stauraverat
267 1652 452 1688 Cassander,
478 1658 509 1682 et
535 1652 574 1682 de
603 1661 656 1682 suo
679 1662 732 1682 no-

49 1693 132 1724 mine
150 1694 358 1725 Cassandream
373 1695 502 1726 dixerat.

91 1737 133 1767 65
158 1736 219 1768 Nec
246 1739 341 1768 ”tirius
361 1750 447 1778 quam
473 1741 505 1769 in
533 1738 627 1768 altum
653 1749 732 1779 mag-

774 1528 869 1553 tatem
890 1532 964 1553 sane
987 1521 1163 1564 perspicuus
1187 1532 1247 1552 non
1262 1527 1319 1557 est,
1336 1521 1385 1552 hic
1401 1521 1458 1552 for-

775 1571 855 1596 tasse
883 1576 990 1595 sensus
1029 1575 1094 1595 esse
1129 1565 1235 1606 possit.
1292 1564 1461 1601 Quaerebat

775 1614 895 1650 praetor,
912 1619 973 1649 quo
999 1614 1118 1648 regesta
1141 1618 1156 1638 e
1178 1607 1258 1638 fossa
1275 1612 1355 1638 terra
1371 1614 1461 1638 esset.

778 1651 943 1681 Monstrati
987 1656 1059 1681 sunt
1099 1650 1240 1686 fornices,
1283 1650 1463 1691 dictumque

777 1693 846 1724 illos
861 1699 991 1724 structos
1006 1703 1071 1724 esse
1087 1704 1103 1723 e
1124 1699 1205 1724 terra
1218 1703 1320 1734 -quam
1344 1704 1360 1723 e
1383 1693 1463 1723 fossa

778 1742 963 1777 egesserant,
980 1736 1011 1766 in
1032 1736 1143 1766 lateres
1168 1741 1267 1766 cocta.
1313 1735 1405 1772 Quod
1429 1742 1464 1766 ut

47 1780 184 1810 mitudine
212 1781 287 1810 Atho
313 1792 391 1811 mons
425 1782 567 1822 excurrit]
610 1781 735 1812 Prolixa

49 1827 82 1852 et
103 1823 233 1854 verbosa
253 1824 361 1860 oratio,
378 1829 408 1854 et
431 1835 502 1865 quae
525 1823 626 1866 sapiat
641 1824 734 1855 sarci-

51 1865 166 1896 natoris
180 1876 318 1898 manum.
363 1867 382 1886 '¹‘
394 1867 517 1898 Reseca
532 1877 638 1898 vocem
655 1878 737 1908 mag·

46 1909 194 1943 nundine,
215 1914 256 1945 et,
279 1909 340 1940 levi
362 1909 542 1951 trajectione
566 1910 738 1944 verborum,

51 1953 206 1982 emenda:
245 1963 297 1984 nec
331 1954 427 1984 minas
462 1954 493 1983 in
529 1954 623 1983 altum
653 1965 739 1994 quam

51 1994 126 2024 Atho
139 2006 216 2025 mons
228 1997 366 2026 excurrit.

96 2037 138 2067 66
162 2038 262 2068 Cervz's
283 2040 369 2069 etiam
390 2038 517 2078 objectis]
545 2038 630 2069 Cervi
652 2042 740 2068 erant

57 2080 169 2111 ramosi
184 2080 283 2111 trunci
307 2081 460 2117 arborum,
475 2092 552 2122 quos
575 2081 606 2110 in
629 2086 741 2111 terram

54 2127 126 2153 ante
155 2122 268 2154 fossam
297 2124 475 2165 vallumque
505 2124 680 2165 depangere
710 2129 741 2153 et

55 2165 139 2196 varie
161 2176 259 2196 serere
283 2167 434 2202 solebant,
458 2166 498 2197 ad
520 2165 740 2197 obstruendum

56 2212 111 2238 aut
143 2208 376 2250 impediendum
412 2208 480 2240 iter.
526 2210 650 2240 Nomen
685 2209 741 2239 ha-

54 2250 187 2282 buerunt
210 2262 228 2282 a
253 2251 454 2283 similitudine
477 2262 624 2282 cornuum
648 2251 742 2283 cervi.

56 2293 150 2325 Plura
165 2294 204 2325 de
219 2293 256 2324 iis
273 2294 343 2326 vide
361 2295 443 2337 apud
461 2295 545 2337 Lips.
561 2295 584 2325 l.
601 2295 649 2326 II.
680 2294 738 2324 Po-

57 2335 175 2368 liorcet.
198 2337 285 2368 Dial.
301 2339 331 2367 2.

109 2379 150 2410 67
175 2380 323 2421 Euripus]
369 2380 580 2421 Intelligenda
623 2379 743 2410 videtur

58 2420 139 2453 fossa
171 2422 276 2464 aliqua
308 2433 402 2453 manu
431 2423 524 2459 sacta,
550 2433 621 2464 quae
652 2421 745 2452 maris

59 2474 156 2505 aquas
170 2465 335 2507 acciperet.
380 2466 464 2497 Nam
480 2466 558 2497 tales
573 2465 662 2496 fossae
680 2465 742 2495 Eu-

58 2509 117 2546 ripi
139 2508 222 2550 apud
245 2508 388 2550 antiquos
410 2509 660 2539 nominabantur.

83 2550 142 2596 ι68
172 2551 331 2582 Monstrati
359 2558 428 2581 sunt
443 2552 592 2593 jbrnices]
625 2551 745 2581 Grono-

62 2602 131 2622 vms
172 2594 292 2634 reponit
334 2601 524 2624 monstratum
564 2601 614 2628 est,
652 2599 746 2634 atque

64 2634 157 2665 etiam
180 2635 260 2667 hanc
281 2637 529 2668 emendationem
557 2636 697 2667 Clericus
719 2635 751 2665 in

62 2682 240 2708 contextum
284 2679 460 2711 admiserat.
530 2679 591 2711 Sed
632 2678 754 2709 videtur

64 2719 193 2760 antiqua
221 2720 310 2752 lectio
342 2727 423 2753 stare
449 2733 548 2764 posse.
593 2721 750 2752 Nimirum

64 2761 97 2792 in
126 2762 164 2792 iis
191 2773 260 2803 quae
287 2770 467 2805 sequuntur,
492 2765 533 2795 τὰ
555 2771 676 2795 structos
701 2774 755 2793 esse

63 2805 200 2845 pendent
230 2815 249 2835 a
275 2807 368 2837 verbo
396 2809 539 2843 dicebant,
565 2809 677 2838 dictum
702 2813 752 2841 est,

62 2847 232 2882 intellecto,
249 2858 286 2878 ex
308 2849 426 2880 solenni
451 2861 533 2880 more
556 2850 646 2880 Livii.
663 2851 754 2880 Cete-

66 2899 133 2920 rum
156 2889 250 2921 totius
271 2890 341 2926 loci,
365 2892 418 2932 qui
441 2893 479 2923 ob
502 2892 630 2923 nimiam
651 2891 753 2922 brevi-

777 1779 941 1821 probarent
966 1779 987 1809 ii
1015 1779 1067 1819 qui
1094 1784 1255 1820 praetorem
1280 1783 1345 1808 tota
1369 1778 1407 1809 de
1432 1789 1463 1809 re

778 1821 1107 1857 commonefaciebant‚
1151 1821 1355 1852 observabant
1396 1821 1464 1852 illos

781 1864 910 1896 fornices
926 1865 1014 1896 aliter
1031 1870 1161 1895 structos
1183 1875 1249 1895 esse
1272 1874 1307 1894 ac
1330 1869 1464 1894 veterem

782 1919 902 1938 murum
917 1908 1011 1943 urbis,
1027 1918 1084 1938 nec
1106 1907 1232 1949 proinde
1255 1906 1364 1938 eodem
1388 1912 1463 1937 tem—

782 1961 865 1992 pore.
908 1951 1003 1982 Fossa
1025 1956 1140 1986 autem,
1163 1956 1198 1980 ut
1219 1960 1311 1991 supra
1337 1955 1465 1980 annota-

783 1999 848 2024 tum
864 1998 921 2029 est,
941 2004 1038 2035 nuper
1051 1993 1174 2034 objecta
1188 1992 1287 2023 fuerat
1310 2002 1328 2023 a
1342 1993 1467 2023 Perseo.

784 2037 889 2073 Quum
913 2036 1006 2078 igitur
1032 2036 1113 2067 fossa
1139 2041 1219 2066 esset
1243 2044 1351 2066 recens
1373 2034 1466 2071 facta,

785 2079 914 2110 fornices
935 2079 1010 2109 item
1032 2089 1140 2109 recens
1162 2078 1279 2114 structi,
1296 2078 1354 2109 hoc
1378 2089 1466 2119 argu-

783 2128 888 2152 mento
927 2122 1124 2164 aliquatenus
1167 2121 1252 2152 dicta
1294 2121 1469 2151 firmabant.

785 2164 914 2195 Praetori
939 2176 955 2196 e
980 2176 1012 2195 re
1034 2170 1141 2196 natum
1165 2171 1211 2195 est
1238 2163 1410 2199 consilium,
1435 2170 1470 2194 ut

786 2206 936 2238 fornicum
957 2207 1091 2249 parietes
1113 2207 1246 2248 simplici
1268 2207 1400 2236 laterum
1423 2217 1470 2237 or-

786 2249 857 2280 dine
880 2256 1021 2285 structos,
1046 2249 1128 2291 quod
1157 2250 1248 2280 facile
1278 2249 1364 2279 factu
1393 2255 1470 2285 erat,

784 2293 997 2329 transfoderet,
1016 2298 1109 2334 atque
1136 2292 1168 2323 id
1197 2292 1255 2322 sibi
1281 2291 1339 2321 iter
1364 2291 1396 2334 in
1421 2303 1472 2322 ur-

785 2336 857 2366 bem
869 2335 1067 2377 patefaceret.
1084 2335 1231 2366 Restaret
1242 2333 1472 2381 explicandum,

786 2378 840 2409 ubi
855 2384 886 2409 et
901 2389 994 2420 quem
1019 2379 1058 2409 ad
1076 2389 1166 2409 usum
1186 2383 1294 2408 structi
1314 2377 1359 2407 illi
1383 2377 1474 2408 forni-

788 2431 851 2458 ces,
878 2427 909 2452 et
933 2422 985 2463 qui
1010 2432 1115 2452 eorum
1141 2421 1258 2462 pariete
1284 2419 1417 2462 perfosso
1443 2420 1476 2450 in

787 2464 895 2495 urbem
922 2470 1042 2506 pateret
1072 2464 1133 2494 via.
1189 2466 1270 2495 Haec
1298 2473 1359 2494 non
1387 2462 1477 2494 facile

789 2507 979 2548 expedimus.
1049 2507 1184 2537 Tantum
1247 2506 1479 2536 observabimus

789 2549 901 2580 fossam
933 2555 1006 2581 tunc
1035 2550 1221 2591 completam
1251 2559 1313 2579 non
1342 2548 1434 2578 fnisse
1461 2558 1480 2577 a

792 2592 954 2623 Romanis.
1012 2593 1124 2633 Itaque
1152 2592 1237 2623 locus
1268 2591 1320 2621 ubi
1350 2590 1476 2632 perfossi

795 2640 867 2665 sunt
882 2635 1022 2671 fornices,
1039 2635 1147 2666 debuit
1169 2645 1235 2665 esse
1258 2634 1336 2664 citra
1358 2633 1482 2667 fossam,

795 2678 820 2708 si
837 2678 995 2709 Romanos
1017 2677 1170 2718 respicias.
1215 2678 1254 2707 In
1269 2675 1418 2717 ejusmodi
1436 2674 1482 2704 lo-

796 2721 843 2751 cis
859 2731 921 2751 non
942 2731 1103 2762 possumus
1125 2731 1186 2750 non
1208 2719 1339 2749 multum
1363 2716 1482 2747 deside-

797 2774 864 2794 rare
886 2763 1063 2805 Polybium,
1085 2763 1139 2803 qui
1161 2768 1195 2792 ut
1219 2759 1440 2806 militaris'vir,
1454 2765 1486 2790 et

798 2808 934 2837 locorum
980 2806 1106 2847 perituS,
1157 2810 1187 2835 et
1239 2802 1486 2833 accuratissimus

800 2848 939 2889 scriptor,
956 2848 1070 2883 omnia,
1086 2846 1118 2876 ni
1146 2845 1225 2877 fallit
1255 2845 1385 2880 animus,
1415 2845 1485 2875 dili-

801 2890 923 2932 gentius
938 2895 1132 2932 exposuerat.

877 2938 954 2972 ΚΞ
