1831 3194
417 125 537 162 LIB.
569 123 714 160 XLIV.
758 122 892 161 CAP.
924 124 1119 161 XXVIII.
1401 132 1470 168 147

51 232 241 287 quinque
272 233 445 274 millium
477 233 667 288 equitum
698 246 824 287 opera
859 240 1022 273 tantum
1065 233 1127 274 uti
1168 247 1329 287 regem:
1377 251 1470 275 con-

48 296 233 330 temnere
255 289 568 331 multitudinem
601 289 736 330 aliam.
798 290 922 339 Quod
959 289 1029 330 ubi
1058 289 1255 330 audivere
1286 290 1468 340 barbari,

47 354 278 387 ceterorum
309 346 477 401 quidem
516 346 708 387 fremitus
742 345 840 395 fuit,
883 345 1189 401 indignantium
1231 362 1273 387 se
1312 347 1470 389 frustra

47 403 204 444 excitos
240 403 406 444 sedibus
440 403 550 444 suis:
601 402 827 444 Clondicus
863 418 1006 444 rursus
1042 403 1285 459 interrogat,
1319 404 1469 460 ecquid

47 458 146 514 ipsis
167 460 353 515 quinque
375 460 572 509 millibus,
595 460 709 515 quod
731 459 1002 509 convenisset,
1027 463 1295 502 numeraret?
1327 463 1469 511 Quum

44 517 242 557 adversus
264 517 305 557 id
336 533 505 572 quoque
535 516 695 557 misceri
726 517 922 572 ambages
952 526 1150 566 cerneret,
1168 518 1365 559 inviolato
1395 519 1470 558 fal-

48 573 119 613 laci
161 574 327 623 nuncio,
364 574 498 629 (quod
539 574 609 614 vix
650 582 886 629 speraverat
928 573 1014 629 ipse
1054 589 1173 629 posse
1208 575 1468 630 contingere)

44 639 154 670 retro
174 630 226 670 ad
252 632 424 679 Istrum,
446 630 712 687 perpopulati
736 630 977 680 Thraciam,
999 646 1084 686 qua
1105 631 1239 673 vicina
1259 640 1346 673 erat
1372 633 1467 681 viae,

41 686 265 728 redierunt.
328 690 434 737 Quae
464 703 625 737 manus,
648 687 792 742 quieto
825 688 992 729 sedente
1024 703 1121 742 rege
1153 689 1206 729 ad
1241 689 1467 745 Enipeum,

40 743 240 785 adversus
272 745 483 786 Romanos
512 744 545 768 ‘¹3
564 744 814 785 Perrhaebiae
846 744 997 785 saltum
1028 744 1070 785 in
1103 745 1359 789 Thessaliam
1387 755 1470 787 tra-

40 800 182 850 ducta,
204 816 287 842 non
308 817 429 855 agros
461 810 625 843 tantum
651 802 810 842 nudare
834 801 1077 858 populando
1104 802 1258 858 potuit,
1284 819 1335 844 ne
1363 819 1469 859 quos

38 856 134 898 inde
169 846 351 899 Romani
375 867 631 900 commeatus
657 866 961 915 exspectarent,
988 858 1059 899 sed
1091 858 1199 914 ipsas
1230 860 1469 902 exscindere

40 914 180 965 urbes,
214 923 381 957 tenente
413 916 468 957 ad
500 916 712 972 Enipeum
748 917 900 956 Perseo
933 916 1159 966 Romanos,
1195 931 1246 957 ne
1292 917 1468 958 urbibus

41 970 160 1012 sociis
180 972 378 1029 opitulari
401 980 580 1029 possent.
644 972 753 1029 Ipsis
784 988 955 1028 quoque
984 973 1186 1013 Romanis
1216 973 1268 1014 dc
1290 990 1332 1014 se
1359 975 1468 1029 cogi-

42 1028 218 1069 tandum
249 1029 420 1071 fuisset:
472 1029 642 1085 quando
678 1044 813 1084 neque
844 1044 1023 1079 manere,
1055 1030 1204 1070 amissa
1235 1030 1466 1081 Thessalia,

42 1084 153 1126 unde
185 1086 393 1127 exercitus
425 1087 631 1136 alebatur,
691 1085 908 1135 otuissent,
931 1101 1067 1141 neque
1099 1087 1311 1142 progredi,
1334 1103 1467 1144 quum

39 1157 91 1182 ex
131 1142 306 1183 adverso
346 1152 480 1183 castra
522 1101 805 1183 MacesIbnum
838 1144 943 1182 ***.
981 1142 1054 1198 qui
1095 1159 1144 1183 ea
1182 1143 1467 1200 pependerant

38 1214 125 1255 spe,
148 1198 263 1240 haud
291 1199 553 1241 mediocriter
573 1199 820 1241 debilitavit.
879 1199 1044 1240 Eadem
1066 1200 1242 1242 avaritia
1264 1201 1466 1243 Gentium

40 1271 179 1312 regem
213 1256 290 1297 sibi
325 1255 532 1298 alienavit.
568 1271 680 1307 nam,
713 1271 847 1312 quum
879 1255 911 1280 ‘²⁰
933 1265 1118 1298 trecenta
1149 1257 1307 1299 talenta
1337 1258 1466 1299 Pellae

38 1313 172 1354 missis
204 1329 229 1354 a
262 1313 418 1355 Gentio
450 1322 721 1363 numerasset,
744 1313 907 1369 signare
938 1329 1007 1355 eos
1035 1314 1253 1370 pecuniam
1286 1324 1464 1371 passus'.

41 1370 147 1411 Inde
168 1370 310 1412 decem
335 1370 493 1413 talenta
520 1369 616 1412 ⁵⁰ad
643 1371 937 1411 Pantauchum
966 1370 1104 1422 missa,
1126 1387 1257 1428 eaque
1287 1388 1467 1428 praesen-

38 1426 98 1468 tia
126 1427 217 1469 dari
247 1428 335 1484 regi
365 1427 518 1484 jussit:
551 1426 754 1490 reliquam
784 1427 1019 1483 pecuniam,
1051 1428 1256 1484 signatam
1299 1429 1465 1485 Illyrio-

38 1500 131 1525 rum
155 1484 286 1539 signo,
308 1484 574 1541 portantibus
597 1499 681 1525 suis
702 1484 909 1540 praecipit,
931 1483 1072 1540 parvis
1095 1484 1314 1526 itineribus
1343 1486 1465 1526 vehe-

40 1549 142 1582 rent.
177 1541 288 1589 dein,
309 1556 444 1597 quum
476 1540 529 1581 ad
563 1541 686 1581 finem
718 1541 978 1582 Macedoniae
1013 1549 1186 1582 ventum
1218 1550 1339 1593 esset,
1369 1543 1465 1584 sub-

37 1597 228 1639 sisterent
259 1597 332 1647 ibi,
362 1613 410 1639 ac
439 1597 612 1638 nuncios
641 1598 694 1638 ab
725 1613 767 1638 se
796 1597 1100 1654 opperirentur.
1164 1599 1358 1649 Gentius,
1381 1600 1465 1641 exi-

37 1670 124 1710 gua
152 1663 271 1711 parte
300 1654 489 1711 pecuniae
519 1662 703 1711 accepta,
734 1669 868 1710 quum
897 1654 1086 1695 assidue⁸
1130 1656 1375 1711 Pantaucho
1410 1657 1465 1697 ad

38 1712 295 1753 lacessendos
322 1711 463 1753 hostili
492 1711 604 1753 facto
634 1712 847 1752 Romanos
879 1711 1178 1762 stimularetur,
1203 1713 1265 1753 M.
1290 1714 1463 1770 Perper-

37 1784 134 1810 nam
155 1777 196 1810 et
219 1769 270 1809 L.
291 1768 506 1810 Petillium
528 1769 701 1825 legatos,
723 1768 797 1824 qui
819 1776 912 1810 tum
932 1768 1040 1809 forte
1061 1768 1115 1809 ad
1137 1784 1232 1810 eum
1249 1779 1463 1821 venerant,

36 1826 79 1867 in
118 1825 351 1867 custodiam
391 1826 577 1882 conjecit.
639 1826 735 1866 Hoc
774 1825 935 1875 audito,
978 1826 1169 1876 Perseus,
1211 1827 1464 1868 contraxisse

37 1898 134 1924 eum
166 1883 428 1924 necessitates
452 1891 570 1924 ratus
599 1882 653 1923 ad
681 1882 838 1923 bellum
869 1882 1016 1938 utique
1045 1897 1141 1923 cum
1173 1883 1387 1935 Romanis,
1409 1884 1463 1925 ad

37 1939 333 1991 revocandum,
368 1939 397 1963 ⁵¹
417 1940 491 1996 qui
524 1939 743 1996 pecuniam
786 1939 997 1996 portabat,
1033 1939 1169 1981 misit:
1208 1940 1326 1982 velut
1359 1941 1464 1982 nihil

40 1996 156 2038 aliud
196 2012 336 2053 agens,
368 2011 496 2054 quam
537 2004 600 2047 ut,
634 2004 795 2053 quanta
832 1995 1014 2038 maxima
1047 2005 1202 2053 posset,
1234 1998 1380 2054 praeda
1412 2014 1463 2039 ex

42 2053 153 2095 victo
175 2053 376 2094 Romanis
395 2061 688 2095 reservaretur.
750 2054 809 2095 Et
835 2053 888 2094 ab
917 2054 1108 2094 Eumene
1137 2055 1326 2111 Eropon,
1348 2055 1464 2112 igno-

39 2110 107 2160 tis,
129 2124 227 2167 quae
256 2110 418 2152 occulte
447 2119 540 2152 acta
569 2118 702 2161 erant,
724 2110 844 2151 redit.
906 2111 973 2151 De
1003 2110 1179 2166 captivis
1208 2119 1350 2153 actum
1375 2128 1463 2153 esse

38 2175 80 2209 et
101 2167 179 2224 ipsi
201 2167 514 2223 evulgaverant,
536 2176 578 2209 et
605 2169 817 2209 Eumenes
845 2167 1070 2218 consulem,
1092 2168 1302 2209 vitandae'
1330 2169 1464 2225 suspi-

38 2223 166 2265 cionis
187 2239 344 2275 caussa,
367 2224 583 2266 certiorem
607 2224 718 2265 fecit.

1486 245 1523 274 11.
1538 245 1574 275 C.
1590 244 1663 274 584.

1485 287 1523 318 A.
1538 287 1575 318 C.
1593 287 1663 318 163.

1481 1211 1629 1241 Gentium
1648 1212 1678 1242 in

1479 1255 1617 1285 fraudem

1479 1298 1609 1340 inpellit.

98 2282 331 2322 XXVIII.
366 2282 557 2332 Perseus,
584 2289 679 2338 post
710 2280 892 2322 reditum
928 2281 981 2322 ab
1012 2282 1203 2322 Eumene
1234 2283 1463 2339 Eropontis
1477 2290 1677 2338 ClassisPer-

216 2372 228 2390 ¹
242 2368 316 2401 add,
329 2376 372 2400 est
389 2369 488 2402 Gron.
574 2372 586 2390 ⁵
603 2369 661 2402 ins.
678 2381 696 2399 α
714 2369 810 2401 Gron.
825 2369 915 2401 Crev.
1002 2371 1011 2392 t
1027 2371 1172 2401 evitandae
1188 2370 1286 2403 Gron.

93 2465 132 2495 48
167 2466 347 2496 Perrhoebioe
373 2466 480 2496 saltum
503 2487 512 2496 .
535 2487 544 2495 .
567 2487 575 2496 .
608 2467 727 2496 traduc·
773 2474 844 2495 cum
860 2465 1027 2501 Gronovio,
1043 2466 1133 2497 misit.
1178 2466 1218 2496 In
1234 2466 1272 2497 iis
1294 2477 1363 2508 quae
1386 2478 1464 2509 prae-

42 2507 88 2549 ta]
125 2509 276 2539 Gruterus
298 2507 466 2549 legendum
495 2508 653 2539 existimat
679 2519 730 2547 per
774 2508 901 2543 cedunt,
920 2507 1038 2549 vulgati
1058 2518 1140 2539 nunc
1155 2508 1272 2540 habent
1291 2520 1391 2549 passus
1413 2517 1465 2546 est,

43 2551 234 2582 Perrhoebiae,
278 2551 341 2582 Sed
360 2551 437 2582 nihil
449 2551 643 2582 mutandum.
680 2551 731 2582 Sic
775 2551 835 2581 sed'
860 2550 965 2581 invitis
993 2551 1147 2583 veteribus
1177 2552 1372 2589 editionibus,
1396 2563 1465 2594 quae

45 2591 124 2622 dixit
160 2594 264 2624 Livius
298 2595 436 2625 traducta
463 2595 643 2625 Per-rhoebioe
676 2595 734 2624 sal-
778 2593 894 2625 habent
929 2594 1144 2625 tantummodo
1170 2606 1280 2634 passus,
1310 2600 1388 2626 teste
1415 2606 1466 2626 eo-

45 2642 119 2670 rum,
144 2642 177 2666 ut
198 2637 219 2667 1.
244 2637 340 2667 XXI.
360 2647 387 2667 c.
409 2638 462 2668 23.
494 2638 610 2668 Iberum
641 2639 735 2676 copias
778 2636 849 2668 dem
865 2637 1032 2668 Gronovio.

49 2679 175 2716 traiecit.
232 2678 364 2720 Regitur
408 2690 518 2722 nempe
561 2690 673 2711 nomen
717 2690 735 2710 a
821 2680 859 2710 51
897 2679 956 2714 Qui
990 2681 1143 2719 pecuniam
1168 2681 1318 2720 portabat]
1365 2679 1467 2710 Corri-

48 2720 260 2762 praepositione
276 2732 345 2762 quae
362 2723 453 2754 verbo
469 2723 616 2764 adjuncta
629 2728 685 2754 est.
778 2727 856 2763 gunt
871 2722 1019 2764 Dujatius
1034 2728 1065 2753 et
1080 2724 1100 2754 J
1104 2733 1151 2754 ac.
1173 2723 1347 2754 Gronovius
1367 2728 1466 2761 porta-

93 2764 134 2794 49
169 2764 307 2794 Trecenta
345 2766 469 2806 talenta]
516 2768 644 2797 Marcas
688 2776 735 2796 ar·
781 2767 861 2802 bant,
887 2770 1050 2807 propterea
1074 2765 1159 2806 quod
1181 2764 1327 2807 praecedit
1347 2771 1467 2803 portan-

49 2805 134 2846 genti
156 2810 306 2836 nostrates
328 2808 443 2838 28125.
488 2809 605 2841 Decem.
648 2809 737 2839 Mar—
782 2810 857 2838 tibus
893 2810 962 2838 suis.
1020 2808 1082 2839 Sed
1118 2807 1167 2837 hic
1201 2812 1302 2848 potest
1337 2806 1468 2849 intelligi

49 2859 103 2879 cas
117 2849 193 2879 937·
208 2848 317 2879 uncias
333 2849 361 2878 4-
783 2851 845 2882 dux
860 2861 965 2882 eorum
978 2851 1031 2892 qui
1046 2850 1211 2893 pecuniam
1225 2850 1400 2890 portabant.

105 2893 147 2921 50
179 2892 224 2921 Ad
264 2891 466 2921 Pantauchum
512 2895 611 2934 missa]
657 2894 740 2933 Lege

1476 2344 1533 2365 Sffl.
