1805 3174
510 77 893 117 HISTORIARUM
925 81 1138 123 LIBROS.

154 180 331 222 imperium,
361 189 410 216 13.
440 191 563 216 creatur
592 198 714 226 censor,
741 194 793 221 37.

153 226 335 257 Salinatoris
345 237 437 266 quare
445 239 617 269 cognomen
629 233 794 267 invenerit,

152 269 226 298 i‘ifl.
244 281 372 309 pravum
388 270 453 310 ejus
469 278 624 304 certamen
642 285 710 305 cuin
730 278 793 306 col-

152 312 219 350 lega
230 315 364 348 Nerone,
377 315 452 344 ibid.
465 319 701 353 proetertribum
715 321 791 349 Mat-

151 356 244 393 ciam,
273 359 421 397 populum
448 360 627 390 Romanum
657 372 797 400 omnem,

152 403 288 436 quatuor
299 407 329 430 et
342 402 470 439 triginta
482 403 596 440 tribus,
611 407 736 436 aerarios
751 416 798 436 re-

152 443 279 480 linquit,
298 445 369 473 ibid.
386 445 448 474 vid.
464 451 493 474 st
509 450 565 483 36,
583 451 634 476 36.
649 453 703 485 39,
720 454 752 480 3.

109 484 153 514 M.
172 486 279 515 Livius
309 487 480 517 Tarentum
512 494 634 528 tuetur,
664 497 717 526 24,
746 498 796 522 20.

149 529 226 557 urbe
247 535 340 569 capta
366 531 406 560 ab
433 533 605 570 Annibale,
631 535 663 564 in
695 546 796 566 arcem

149 572 305 611 confugit,
321 577 373 606 25,
392 578 438 602 10.
457 584 557 606 arcem
574 578 727 616 defendit,
749 584 797 611 ll.

148 622 179 643 et
195 617 248 651 26,
265 620 317 647 39.
334 617 371 646 de
388 627 424 647 eo
440 625 596 650 certamen
620 622 653 651 in
671 628 795 658 senatu,

149 662 202 694 27,
221 662 273 687 25.

104 699 149 729 M.
164 701 271 730 Livius
284 703 416 740 Denter,
429 706 551 743 consul,
566 711 616 744 10,
634 712 660 738 1.
671 718 707 738 eo
717 718 796 738 con-

143 744 224 781 sule,
249 745 429 817 &Equicum
460 749 573 779 bellum
604 752 795 788 redintegra-

143 791 222 822 tum,
239 798 254 817 e
280 789 317 818 id.
336 795 458 820 creatur
479 793 618 830 pontifex
634 795 715 824 inter
731 796 793 834 pri-

143 840 210 860 mos
235 833 336 870 plebe,
354 837 385 864 9.
399 835 486 873 praeit
499 838 593 866 verbo
605 838 787 868 devotionis

144 875 176 902 P.
193 875 305 911 Decio,
328 881 378 906 28.
400 885 583 916 propraetor,
601 885 653 911 29.

102 917 146 946 Μ.
164 917 271 947 Livius
294 919 416 950 Drusus
440 931 502 951 cos,
526 924 673 953 adversus
700 925 791 955 Scor-

143 961 244 990 discos
257 967 393 1000 pugnat,
405 964 489 1002 Epit.
502 968 552 995 63.
566 967 692 1007 trib.pl.
706 969 790 999 dorni

143 1013 205 1032 suae
222 1005 387 1040 occiditur,
410 1006 496 1046 Epit.
514 1013 566 1039 71.

106 1046 152 1074 Μ.
170 1048 276 1076 Livius
293 1049 450 1087 Macrum,
467 1055 518 1085 27,
534 1056 587 1081 34.

100 1089 137 1119 Τ.
154 1090 275 1120 Livium
291 1102 357 1130 quae
367 1102 481 1122 caussae
495 1095 532 1123 ad
546 1105 592 1124 res
606 1098 712 1135 populi
727 1098 788 1127 Ro·

142 1134 227 1163 mani
259 1135 436 1165 scribendas
468 1138 662 1175 impulerint,
686 1141 785 1178 Praef.

140 1177 193 1205 lib.
214 1181 241 1207 1.
258 1187 319 1215 quo
335 1184 474 1218 tempore
485 1181 606 1214 vixerit,
620 1187 654 1218 4,
668 1187 717 1213 20.
734 1190 786 1222 28,

144 1223 192 1248 12.
211 1229 266 1249 cur
282 1227 430 1259 sequatur
445 1224 622 1262 Polybium,
638 1231 693 1263 33,
714 1232 762 1257 10.

98 1262 183 1292 Loca
205 1268 237 1292 et
260 1264 357 1294 lautia
380 1267 489 1304 legatis
505 1268 641 1305 decreta,
661 1275 714 1308 28,
732 1276 786 1303 39.

139 1309 195 1342 30,
217 1311 263 1337 17.
281 1312 335 1343 33,
353 1313 402 1338 24.
419 1314 474 1346 35,
492 1314 542 1340 23.
559 1315 612 1346 42,
630 1316 680 1342 26.

97 1349 251 1380 Locorum
274 1351 384 1382 divisio
408 1353 440 1383 in
466 1356 661 1392 spectaculis,
683 1361 712 1394 1,
729 1362 782 1388 35.

140 1397 194 1429 34,
208 1397 260 1422 54.

96 1435 185 1465 Locis
198 1437 365 1467 sanctitate
375 1438 550 1475 insignibus
563 1441 656 1471 ctiam
670 1443 783 1473 adficta

139 1479 300 1516 miracula,
318 1485 370 1518 24,
386 1487 417 1510 3.

97 1522 279 1560 Locrenses,
296 1527 350 1558 23,
367 1528 419 1554 30.
439 1529 491 1563 29,
508 1531 538 1558 9.

95 1565 278 1601 Locrenses,
294 1567 327 1596 in
344 1568 465 1598 Graecia
488 1570 627 1601 restituti
650 1573 778 1610 AEtolis,

137 1613 192 1644 33,
208 1614 260 1638 34.

93 1651 196 1688 Locri,
211 1653 291 1691 apud
308 1662 358 1682 cos
375 1654 496 1692 sanum,
513 1656 545 1685 in
563 1667 625 1694 quo
640 1659 779 1688 thesauri

135 1696 339 1734 Proserpinae,
353 1706 430 1735 quos
444 1699 551 1738 diripit
563 1701 710 1739 Pyrrhus,
725 1707 777 1739 29,

139 1742 187 1768 18.
200 1739 349 1769 deficiunt
365 1745 436 1778 post
450 1743 646 1773 Cannensem
659 1746 776 1775 cladem

134 1783 173 1810 ad
188 1783 317 1819 Poeuos,
335 1787 389 1820 22,
405 1787 458 1818 61,
476 1786 539 1815 vid.
563 1792 593 1816 et
609 1791 663 1824 23,
681 1792 734 1818 30.
746 1794 776 1818 et

135 1829 188 1859 24,
216 1829 241 1853 l.
266 1831 490 1865 oppugnantur
505 1838 524 1858 a
540 1830 698 1869 Crispino,
722 1836 776 1869 27,

135 1872 188 1900 25.
205 1869 398 1907 recipiuntur
419 1880 437 1900 a
453 1871 609 1911 Scipione,
627 1879 682 1912 29,
700 1877 730 1905 6.
746 1881 776 1905 et

134 1915 163 1941 7.
181 1913 234 1949 qui
250 1912 287 1941 iis
304 1913 490 1944 Pleminium
514 1918 693 1954 praefectum
717 1919 775 1948 im-

132 1955 236 1991 ponit,
247 1959 275 1985 8.
286 1956 317 1984 111
328 1965 381 1985 eos
398 1958 587 1996 impotenter
603 1962 693 1990 saevit
706 1962 774 1991 Ple-

132 1998 261 2032 minius,
275 1998 349 2028 ibid.
363 2004 393 2028 ct
408 2004 437 2030 9.
451 2010 556 2031 eorum
574 2007 704 2041 querelae
721 2014 774 2043 per

131 2039 250 2078 legatos
263 2041 370 2070 delatae
387 2044 425 2072 ad
441 2048 595 2082 senatum,
613 2049 664 2084 16,
684 2052 731 2079 17.
745 2051 773 2077 et

134 2087 181 2111 18.
199 2084 325 2113 libertas
349 2084 386 2113 iis
409 2085 551 2126 legesque
568 2098 630 2118 suae
646 2091 772 2121 restitu-

131 2129 227 2155 untur
244 2136 263 2156 a
277 2132 401 2165 senatu,
418 2133 468 2157 21.
485 2131 544 2161 vicl.
561 2136 588 2160 et
605 2137 658 2167 31,
680 2137 729 2164 12.

91 2168 196 2198 Locris
213 2170 246 2198 in
262 2171 392 2205 Graecia,
411 2175 464 2208 26,
481 2175 531 2202 26.
549 2178 603 2210 28,
620 2178 649 2204 6.

90 2212 294 2243 Locustarum
308 2214 354 2243 vis
372 2214 497 2253 ingens,
515 2217 559 2246 ita
570 2222 617 2253 ut,
627 2220 709 2249 unde
718 2221 771 2250 ad-

127 2256 300 2292 venissent,
312 2266 420 2295 parum
432 2263 602 2295 constaret,
616 2263 696 2292 circa
710 2262 771 2293 Ca-

127 2307 221 2336 puam
245 2309 368 2329 omnem
393 2310 501 2339 agrum
519 2305 698 2342 complevit,
713 2310 767 2340 30,

130 2346 158 2370 2.
175 2342 236 2370 vid.
249 2347 280 2371 et
296 2347 350 2379 42,
366 2347 396 2372 2.
409 2354 513 2375 earum
530 2351 627 2376 tantae
641 2350 739 2379 nubes
751 2359 770 2379 a

126 2385 204 2413 mari
218 2390 312 2415 vento
324 2386 355 2415 in
369 2387 514 2425 Apuliam
527 2390 635 2427 illatae,
650 2397 685 2420 ut
697 2402 768 2422 exa·

126 2427 264 2458 minibus
277 2429 340 2458 suis
356 2429 416 2459 late
429 2440 519 2471 agros
531 2434 701 2473 operirent,
714 2440 768 2474 42,

130 2474 180 2500 10.

84 2511 245 2551 Longarus
268 2515 382 2545 bellum
406 2525 476 2547 cum
501 2519 674 2557 Demetrio,
694 2521 766 2551 Phi-

128 2555 205 2595 lippi
222 2558 414 2589 Macedoniae
437 2561 517 2600 regis
539 2567 640 2602 patre,
655 2565 766 2603 gessit,

127 2603 180 2633 31,
196 2602 249 2630 28.

83 2642 239 2680 Longula,
256 2645 417 2682 oppidum,
435 2651 466 2681 2,
483 2651 535 2676 33.
557 2657 575 2677 a
598 2649 765 2680 Coriolano

125 2685 275 2714 Romanis
291 2688 451 2726 adimitur,
468 2695 523 2722 39.
540 2692 600 2721 vid.
617 2697 647 2722 et
663 2697 694 2729 9,
712 2698 764 2725 39.

83 2727 292 2766 Longuntica,
309 2734 362 2765 22,
382 2736 433 2762 20.

82 2770 164 2799 Lora
176 2771 210 2801 in
225 2781 316 2801 usum
333 2773 393 2802 cibi
409 2783 508 2812 versa,
527 2781 578 2814 23,
603 2782 648 2809 19.

83 2812 246 2855 Loracina,
263 2815 387 2853 fluvius,
404 2821 459 2854 43,
478 2822 508 2850 6,

1458 99 1531 133 5155

844 191 977 221 Loricati
995 194 1128 230 equites,
1146 199 1201 232 35,
1221 202 1271 226 48.
1289 204 1348 237 37,
1365 208 1416 231 40.

837 233 982 273 Loryma,
998 241 1131 281 portus,
1145 244 1201 276 ³7,
1224 245 1270 272 17.
1290 245 1398 279 viginti
1427 250 1532 285 paullo

880 280 1012 316 amplius
1025 281 1126 311 mill‘a
1142 283 1181 311 ab
1191 284 1303 314 Rhodo
1315 289 1474 328 abest‚45‚
1484 298 1492 321 1
1502 300 1532 325 0.

842 320 908 349 Lua
925 323 1039 358 Mater,
1057 329 1088 358 8,
1106 330 1131 354 1.
1150 326 1175 355 ci
1194 336 1278 357 arma
1293 340 1440 362 caesoruni
1456 336 1529 365 Vol-

886 374 1006 396 scorurn
1021 368 1094 397 data
1109 378 1127 398 a
1143 372 1284 408 consule,
1298 374 1373 405 ibid.
1386 377 1413 405 ei
1427 378 1529 409 dicata

885 409 984 444 spolia
1001 410 1153 448 hostium,
1170 418 1221 447 45,
1239 419 1290 444 33.

841 450 938 488 Luca,
954 453 1039 491 urbs,
1057 459 1110 492 21,
1125 460 1175 486 59.
1192 466 1228 486 eo
1244 459 1368 490 colonia
1383 462 1526 503 deducta,

884 499 938 531 41,
960 500 1007 524 13.

840 536 957 567 Lucani
974 547 1115 578 pugnant
1129 553 1198 572 curn
1212 545 1406 577 Samnitibus
1419 550 1526 579 adver.

883 590 935 610 sus
958 583 1169 615 Alexandrum
1198 587 1392 627 Epirensem,
1416 597 1447 629 8,
1476 598 1525 626 17.

882 625 1077 663 recipiuntur
1098 638 1116 657 a
1132 630 1282 661 Romanis
1299 634 1331 661 in
1348 634 1452 673 fidem,
1474 642 1523 669 19.

882 668 996 699 foedere
1014 670 1045 699 in
1062 672 1228 703 amicitiam
1246 677 1452 715 accipiuntur,
1471 685 1524 712 25.

882 711 1042 747 deficiunt,
1060 715 1166 745 fraude
1190 717 1328 756 impulsi,
1346 725 1396 752 27.
1413 723 1445 751 in
1469 734 1522 753 eo-

881 763 948 783 rum
959 758 1113 794 regionem
1124 764 1289 791 transeunt
1298 764 1450 795 exercitus
1460 767 1524 796 Ro-

880 799 978 835 mani,
1007 804 1039 836 9,
1072 805 1123 830 20.
1157 803 1353 836 Lucanorum
1384 813 1522 840 oratores

879 845 993 878 petunt
1010 843 1041 872 in
1058 845 1226 876 amicitiam
1244 849 1457 882 Romanorum
1475 863 1522 883 re—

878 885 952 922 cipi,
968 890 1019 922 10,
1035 891 1083 916 11.
1096 888 1199 918 soedus
1213 900 1281 920 cnm
1295 894 1332 921 iis
1346 894 1457 932 ictum,
1471 901 1522 929 12.

877 937 983 957 eorum
1001 931 1111 960 seditio
1133 935 1359 972 comprimitur,
1381 942 1428 967 18.
1445 939 1520 970 defi-

877 971 964 1000 ciunt
981 973 1016 1001 ad
1031 974 1156 1009 Poenos,
1175 981 1229 1013 22,
1247 981 1298 1008 61.

833 1013 1031 1045 Lucanorum
1044 1017 1163 1054 aliquot
1177 1020 1326 1054 ignobilia
1340 1024 1455 1062 oppida
1466 1036 1520 1056 ex-

874 1063 995 1095 pugnat
1017 1059 1068 1089 Ti.
1089 1061 1300 1100 Sempronius,
1324 1069 1445 1102 consul,
1465 1074 1518 1106 25,

878 1103 905 1129 l.
927 1101 959 1129 in
986 1102 1120 1132 Lucanis
1145 1106 1238 1142 perit,
1266 1110 1313 1136 16.
1339 1110 1457 1140 dedunt
1485 1123 1516 1142 se

875 1142 1035 1177 Romanis.
1054 1150 1108 1183 27,
1129 1151 1178 1177 15.
1196 1153 1249 1185 28,
1272 1154 1320 1178 11.

829 1185 962 1215 Lucanae
971 1188 1107 1226 legiones
1118 1192 1283 1230 saepefusae
1291 1194 1330 1223 ab
1338 1196 1516 1228 Alexandro

871 1230 1027 1268 Epirensi,
1046 1237 1076 1267 8,
1095 1237 1146 1263 24.

828 1271 949 1303 Lucani
965 1280 1100 1312 montes,
1118 1281 1151 1313 9,
1169 1282 1216 1308 17.

827 1315 972 1347 Lucanus
987 1319 1073 1348 exsul
1087 1327 1196 1350 veruto
1209 1323 1365 1363 transfigit
1377 1325 1515 1356 Alexan-

870 1359 958 1389 drum
977 1361 1171 1399 Epirensem,
1189 1369 1220 1401 8,
1249 1370 1300 1395 24.

827 1401 989 1438 Lucceius,
1004 1405 1091 1443 Epit.
1109 1411 1160 1436 75.

826 1445 973 1482 Luceres,
993 1448 1095 1477 tribus
1123 1450 1265 1489 antiqua,
1286 1456 1313 1487 1,
1333 1457 1381 1482 18.
1403 1457 1454 1492 10,
1480 1458 1511 1485 6.

866 1490 1006 1526 equitum
1023 1493 1180 1530 centuria,
1201 1498 1230 1530 1,
1253 1499 1300 1524 13.
1317 1499 1344 1524 et
1357 1499 1413 1527 36.

825 1530 968 1569 Luceria,
980 1534 1067 1571 urbs,
1082 1539 1112 1569 9,
1126 1540 1154 1564 2.
1166 1541 1195 1565 ct
1210 1541 1258 1568 12.
1270 1542 1324 1575 22,
1336 1543 1366 1570 9.
1384 1544 1438 1577 23,
1456 1546 1510 1573 37.

868 1579 921 1611 24,
935 1581 965 1605 3.
983 1577 1015 1606 in
1031 1587 1068 1607 ea
1083 1580 1195 1608 servati
1213 1581 1334 1611 obsides
1350 1583 1510 1615 Romano-

866 1628 946 1652 rum,
958 1620 995 1648 ad
1009 1621 1160 1651 Caudium
1171 1622 1236 1653 dati
1253 1626 1458 1662 Samnitibus,
1475 1633 1508 1665 9,

868 1665 917 1691 12.
936 1662 1060 1694 obsessa
1082 1670 1114 1693 et
1134 1671 1226 1704 capta
1240 1677 1258 1696 a
1273 1668 1438 1707 Romanis,
1458 1676 1507 1701 15.

864 1705 976 1735 amissa
991 1711 1023 1736 et
1038 1712 1171 1746 recepta,
1189 1712 1241 1748 26.
1264 1712 1387 1741 colonia
1401 1723 1438 1743 eo
1454 1715 1507 1744 de-

864 1748 969 1783 ducta,
979 1750 1054 1781 ibid.
1064 1756 1263 1790 oppugnatur
1272 1757 1290 1783 a
1300 1756 1507 1796 Samnitibus,

867 1795 917 1827 10,
933 1796 984 1821 35.

818 1833 975 1873 Lucerini,
986 1840 1017 1870 9,
1033 1841 1062 1865 2.
1076 1838 1114 1866 ad
1127 1839 1311 1871 Lucerinum
1323 1842 1413 1872 finem
1426 1852 1506 1882 pug-

860 1882 970 1908 natum
994 1889 1064 1909 cum
1089 1881 1293 1919 Samnitibus,
1310 1886 1388 1915 duce
1403 1887 1504 1917 Atilio

860 1920 1001 1957 consule,
1019 1927 1070 1960 10,
1086 1928 1138 1954 85.
1155 1926 1195 1955 ob
1212 1933 1364 1958 servatam
1378 1929 1468 1960 fidem
1485 1940 1504 1960 a

859 1964 1010 1995 Romanis
1026 1968 1206 2006 laudantur,
1226 1975 1280 2008 27,
1299 1976 1347 2000 10.

817 2007 974 2043 Lucretia,
985 2018 1063 2039 uxor
1076 2011 1237 2051 Collatini,
1250 2018 1278 2048 1,
1291 2019 1341 2046 57.
1358 2019 1501 2054 stuprum

858 2051 885 2079 ei
901 2061 955 2090 per
967 2053 1029 2082 vim
1042 2053 1183 2085 oblatum
1200 2065 1218 2085 a
1234 2057 1301 2086 Sex.
1315 2058 1501 2097 Tarquinio,

859 2097 910 2122 58.
927 2095 979 2124 illa
992 2101 1083 2125 vocat
1097 2101 1215 2135 patrem
1232 2105 1264 2129 et
1280 2100 1395 2138 virum,
1424 2103 1500 2134 ibid.

858 2137 959 2167 cultro
975 2148 1008 2168 se
1024 2140 1150 2177 occidit,
1168 2142 1243 2171 ibid.

816 2179 850 2207 C.
868 2180 1043 2218 Lucretius,
1060 2183 1207 2213 duumvir
1223 2187 1355 2223 navalis,
1372 2192 1427 2224 40,
1446 2192 1502 2219 26.

816 2222 850 2251 C.
867 2223 1030 2253 Lucretius
1043 2225 1152 2255 Gallus
1168 2233 1290 2258 creatur
1305 2237 1430 2268 praetor,
1443 2237 1498 2269 42,

857 2270 909 2295 28.
926 2267 1057 2297 sortitur
1072 2270 1280 2308 provinciam,
1293 2283 1354 2311 quo
1371 2279 1498 2304 senatus

857 2311 990 2347 censuit,
1006 2315 1057 2340 31.
1072 2313 1098 2341 ei
1114 2313 1292 2344 decernitur
1307 2317 1425 2350 classis,
1441 2321 1498 2354 35,

855 2357 885 2381 ct
901 2357 952 2382 48.
972 2354 1087 2384 acerbae
1103 2355 1170 2393 ejus
1186 2357 1307 2394 injuriae
1323 2359 1357 2388 in
1372 2360 1497 2390 Chalci·

855 2396 977 2431 denses,
987 2402 1041 2434 43,
1052 2402 1079 2428 9.
1089 2404 1265 2437 accusatur,
1276 2406 1307 2430 et
1315 2402 1494 2441 damnatur,

858 2442 906 2467 10.

813 2481 934 2510 Hostus
951 2481 1116 2514 Lucretius
1136 2485 1354 2526 Tricipitinus,
1370 2490 1492 2526 consul,

852 2528 885 2561 4,
901 2528 953 2553 30.

811 2566 846 2597 L.
864 2567 1026 2597 Lucretius
1039 2569 1168 2607 Flavus,
1184 2573 1306 2610 consul,
1321 2574 1421 2603 vincit
1435 2575 1490 2602 ΞΕ-

853 2619 930 2648 quos
953 2611 1029 2645 acie,
1054 2617 1086 2650 5,
1110 2618 1161 2644 29.
1184 2616 1329 2645 tribunus
1353 2617 1491 2646 militurn

853 2654 1007 2683 consulari
1020 2660 1188 2695 potestate,
1198 2662 1251 2688 32.
1261 2659 1405 2687 adversus
1416 2659 1492 2688 Vol·

853 2697 1003 2726 sinienses
1019 2699 1188 2735 profectus,
1205 2710 1256 2729 eos
1273 2701 1382 2734 vincit,
1401 2702 1476 2732 ibid.

809 2740 844 2769 L.
855 2739 1016 2769 Lucretius
1024 2741 1240 2781 Tricipitinus,
1253 2744 1372 2779 consul,
1381 2744 1492 2783 ingen.

850 2787 914 2811 tem
928 2783 1110 2814 Volscorum
1126 2785 1359 2815 multitudinem
1371 2787 1488 2824 fundit,

850 2829 882 2862 3,
894 2830 920 2854 8.
931 2835 1000 2854 cum
1014 2826 1134 2866 ingenti
1146 2828 1247 2866 pracda
1257 2829 1386 2860 Romam
1399 2832 1488 2866 redit,

907 2872 1023 2906 Ατιξ.)
