1826 3149
332 100 408 133 254-
877 95 1183 133 EPITOMAE

334 211 547 258 antequam
577 210 815 258 qucesturam
834 211 1007 258 gereret,
1030 220 1079 245 ex
1106 206 1238 259 equite
1258 206 1456 257 Romano)
1476 206 1728 248 tribunitiam

326 268 565 315 potestatem
596 263 869 301 restituerunt.
928 262 1094 302 Judicia
1127 277 1277 316 quoque
1295 262 1328 285 ⁵⁸
1337 276 1413 314 per
1443 263 1494 303 L.
1525 263 1730 303 Aurelium

336 319 493 359 Cottam
501 325 713 370 praetorem
733 319 788 357 ad
807 317 953 370 equites
969 319 1172 359 Romanos
1186 321 1387 359 translata
1407 326 1511 359 sunt.
1558 320 1730 360 Mithri-

335 376 459 423 dates,
482 374 754 427 desperatione
780 388 908 414 rerum
937 389 1097 415 suarum
1126 382 1296 428 coactus,
1318 378 1374 416 ad
1399 376 1616 430 Tigranem
1648 378 1728 417 Ar-

335 433 477 472 menia‘
496 446 624 485 regem
646 429 834 486 confugit.

899 555 1167 609 XCVIII.

388 677 620 726 Machares,
632 678 757 730 filius
788 676 1059 726 Mithridatis,
1087 679 1262 731 Bospori
1292 693 1373 728 rem,
1404 679 1456 718 al>
1486 679 1539 719 L.
1562 679 1732 719 Lucullo

330 734 371 774 in
391 734 609 775 amicitiam
631 740 809 786 receptus
829 741 897 775 est.
945 736 1019 775 Cn.
1040 736 1235 776 Lentulus
1255 742 1291 776 et
1313 737 1364 776 L.
1386 737 1539 776 Gellius
1558 751 1732 776 censores

329 805 510 843 asperam
530 805 733 832 censuram
754 797 929 844 egerunt,
951 799 1120 845 quatuor
1140 799 1177 832 et
1197 794 1409 846 sexaginta
1430 800 1569 833 senatu
1590 793 1702 833 motis
1717 811 1729 832 .-

329 861 355 888 a
376 848 526 901 quibus,
543 850 668 888 lustro
689 849 859 896 condito,
877 862 993 888 censa
1013 855 1102 888 sunt
1122 849 1262 889 civium
1283 850 1417 900 capita
1434 851 1731 903 quadringenta

329 905 628 959 quinquaginta
655 905 799 944 millia.
865 904 912 944 L.
938 904 1129 945 Metellus
1143 912 1297 958 prcetor
1316 905 1349 929 ⁵⁹
1364 907 1405 946 in
1425 907 1567 947 Sicilia
1587 908 1731 947 adver—

329 975 394 1002 sus
412 963 569 1014 piratas
582 975 772 1014 prospere
791 975 872 1001 rem
890 962 1028 1017 gessit.
1089 962 1291 1016 Templum
1310 963 1425 1005 Jovis
1445 964 1488 1003 in
1512 963 1731 1016 Capitolio,

329 1019 435 1072 quod
453 1019 634 1059 incendio
652 1024 890 1058 consumtum
921 1032 969 1058 ac
995 1019 1185 1070 refectum
1205 1026 1305 1067 erat,
1327 1034 1354 1059 a
1379 1019 1428 1067 Q.
1454 1020 1597 1060 Catulo
1617 1021 1732 1060 dedi-

330 1080 461 1114 catum
491 1082 562 1117 est.
621 1075 676 1115 L.
700 1075 887 1114 Lucullus
916 1076 959 1115 in
988 1076 1179 1116 Armenia
1201 1076 1490 1117 Mithridatem
1519 1083 1558 1117 et
1583 1077 1732 1130 Tigra-

330 1145 433 1179 nem,
456 1138 493 1171 et
520 1133 703 1186 ingentes
721 1132 927 1185 utriusque
947 1133 1050 1186 regis
1068 1134 1218 1185 copias,
1234 1133 1419 1185 pluribus
1437 1133 1732 1185 proeliisfitdit.

334 1187 389 1236 Q.
410 1188 604 1229 Metellus
613 1189 840 1241 proconsul,
862 1188 963 1228 bello
982 1189 1063 1229 sihi
1082 1190 1270 1230 adversus
1293 1190 1497 1230 Cretenses
1525 1192 1731 1239 mandam,

334 1245 555 1299 Cydoniam
585 1245 720 1285 urbem
751 1245 916 1285 obsedit.
977 1246 1024 1286 C.
1051 1246 1250 1294 Triarius,
1271 1247 1430 1300 legatus
1463 1247 1636 1296 Luculli,
1659 1249 1733 1288 ad-

331 1315 464 1342 versus
484 1302 767 1341 Mithridatem
779 1315 929 1353 parum
947 1316 1141 1355 prospere
1163 1304 1380 1356 pugnavit.
1439 1304 1663 1352 Lucullum,
1686 1319 1734 1344 ne

325 1365 627 1411 persequeretur
649 1358 934 1398 Mithridatem
955 1373 1002 1399 ac
1027 1359 1256 1413 Tigranem,
1274 1374 1538 1413 summamque
1558 1361 1734 1401 victoria:

331 1415 552 1467 inponeret,
573 1415 720 1456 seditio
740 1415 910 1454 militum
933 1417 1071 1464 tenuit,
1094 1417 1190 1469 quia
1220 1417 1333 1470 sequi
1351 1417 1563 1457 nolebant:
1595 1418 1641 1457 icl
1658 1424 1731 1466 est,

331 1472 428 1524 quia
458 1471 492 1494 ⁶⁰
503 1472 680 1526 legiones
711 1471 953 1522 Valeriam,
987 1473 1142 1526 inpleta
1178 1487 1204 1513 a
1239 1487 1279 1513 se
1312 1474 1515 1527 stipendia
1550 1473 1733 1524 dicentes,

331 1528 543 1570 Lucullum
563 1530 818 1583 reliquerunt.

924 1653 1132 1706 XCIX.

392 1767 440 1813 Q.
466 1765 656 1807 Metellus
683 1769 891 1819 proconsul
924 1766 1126 1817 Gnosson‚
1148 1774 1187 1807 et
1217 1768 1401 1822 Lyctum,
1428 1774 1464 1808 et
1497 1768 1730 1822 Cydoniam,

326 1828 365 1862 et
385 1823 493 1863 alias
514 1823 715 1875 plurimas
733 1824 848 1864 urbes
877 1826 1135 1877 expugnavit.
1198 1824 1245 1865 L.
1267 1825 1433 1865 Roscius
1452 1826 1629 1866 tribunus
1647 1827 1731 1877 ple-

323 1879 387 1919 his
405 1881 530 1934 legem
552 1881 659 1928 tulit,
680 1887 724 1921 ut
744 1880 938 1934 equitibus
957 1881 1152 1921 Romanis
1181 1882 1226 1921 in
1254 1882 1411 1921 theatro
1437 1883 1731 1935 quatuordecim

323 1937 481 1989 gradus
493 1937 680 1989 proximi
697 1938 1026 1992 adsignarentur.
1071 1938 1143 1978 Cn.
1168 1938 1393 1991 Pompeius,
1408 1939 1494 1992 lege
1523 1941 1580 1979 ad
1600 1953 1732 1991 popu-

330 1993 410 2032 lum
444 1995 549 2043 lata,
572 1996 764 2048 persequi
789 1996 956 2047 piratas
976 1993 1126 2048 jussus,
1159 1996 1229 2048 qui
1262 1997 1521 2035 commercium
1559 2010 1733 2036 annonae

328 2050 650 2100 intercluserant,
668 2052 778 2092 intra
799 2052 1138 2106 quadragesimum
1160 2052 1263 2091 diem
1283 2057 1365 2092 toto
1383 2053 1487 2092 mari
1517 2066 1580 2092 eos
1608 2067 1729 2105 expu-

327 2107 379 2146 lit
388 2129 400 2152 ,·
438 2107 615 2161 belloque
634 2123 721 2148 cum
740 2108 791 2149 iis
811 2109 854 2149 in
873 2109 1024 2149 Cilicia
1042 2107 1228 2161 confecto,
1246 2110 1418 2160 acceptis
1433 2109 1476 2149 in
1493 2109 1730 2150 deditionem

324 2164 481 2216 piratis
501 2178 621 2218 agros
640 2171 679 2205 et
698 2165 812 2206 urbes
832 2166 959 2207 dedit.
989 2167 1198 2206 Praeterea
1218 2179 1279 2206 res
1293 2171 1428 2218 gestas
1448 2179 1473 2205 a
1493 2167 1542 2212 Q.
1559 2166 1729 2206 Metello

329 2220 516 2262 adversus
539 2222 743 2263 Cretenses
769 2222 940 2263 continet
955 2240 967 2262 :
999 2229 1037 2263 et
1056 2223 1247 2275 epistolas
1268 2222 1431 2263 Metelli
1450 2229 1487 2263 et
1510 2223 1585 2264 Cn.
1606 2224 1729 2263 Pom-

330 2356 503 2396 ssmaverat,
526 2361 770 2403 legendumque:
800 2363 925 2392 consules
936 2362 1009 2403 fac·
1054 2363 1102 2392 Ea
1128 2362 1210 2392 enim
1236 2360 1483 2391 communicabat
1503 2360 1623 2401 judicia
1648 2361 1727 2392 inter

332 2401 365 2433 ti,
382 2407 415 2430 nt
440 2402 558 2432 Crassus
580 2415 612 2433 ex
631 2411 771 2442 praetura,
791 2406 831 2434 sic
847 2405 1009 2444 Pompeius,
1054 2410 1114 2434 tres
1136 2404 1268 2439 ordines,
1291 2409 1443 2437 senatum,
1467 2403 1598 2443 equites,
1621 2409 1651 2433 et
1673 2405 1727 2434 tri-

332 2442 507 2474 Gronovius
543 2445 709 2476 delendum
745 2447 846 2488 potius
880 2446 1008 2487 aliquid,
1052 2447 1150 2477 bunos
1165 2447 1297 2477 aerarios.
1342 2446 1416 2476 vid.
1432 2445 1511 2476 infra
1525 2455 1552 2475 c.
1567 2447 1620 2477 38.
1637 2446 1728 2488 hujus

332 2494 426 2530 quam
455 2485 679 2518 infulciendum
702 2489 867 2529 judicavit,
897 2489 1008 2520 forma·
1051 2489 1130 2519 libri.

331 2532 437 2568 wtque
474 2528 554 2559 hanc
590 2530 755 2561 lectionem
789 2541 882 2572 quam
911 2531 1008 2562 secuti
1094 2533 1134 2562 59
1159 2531 1197 2561 In
1212 2530 1326 2570 Sicilia]
1353 2531 1421 2560 Hoc
1445 2530 1573 2560 debetur
1589 2530 1727 2571 Sigonio,

331 2579 446 2600 sumus.
1051 2584 1147 2613 quum
1161 2573 1244 2614 prius
1259 2573 1410 2613 legeretur
1424 2575 1455 2602 in
1473 2573 1588 2604 Cilicia.
1632 2574 1724 2604 Hane

375 2613 415 2642 58
440 2613 499 2643 Per
522 2614 558 2645 L.
584 2615 737 2644 Aurelium
765 2615 891 2654 Cottam]
924 2616 1007 2646 Prae-
1052 2614 1297 2646 emendationem
1313 2625 1415 2645 veram
1438 2625 1504 2645 esse
1526 2615 1616 2645 facile
1634 2615 1724 2646 intel—

331 2664 443 2685 nomen
465 2656 556 2698 hujus
578 2657 715 2698 praetoris
737 2668 774 2688 ex
790 2657 925 2687 Asconio
940 2668 1007 2687 mu-
1051 2657 1126 2698 liget
1140 2658 1234 2688 lector
1249 2668 1286 2687 ex
1302 2668 1329 2687 e.
1346 2658 1398 2687 29.
1414 2657 1504 2698 hujus
1518 2657 1597 2687 libri.

330 2697 408 2726 tavit
429 2698 582 2739 Sigonius,
605 2710 699 2740 quum
720 2700 793 2730 olim
816 2700 866 2729 hic
888 2700 1005 2740 legere·
1092 2701 1133 2730 60
1156 2700 1292 2740 Legimzes
1330 2700 1503 2735 Valeriana,
1545 2700 1624 2739 quae]
1673 2700 1724 2730 Sic

330 2744 378 2768 tur
409 2751 461 2778 per
491 2742 536 2772 M.
566 2743 731 2773 Aurelium.
775 2742 920 2772 Ceterum
956 2742 1005 2772 lex
1049 2742 1158 2772 habuit
1178 2747 1266 2772 vetus
1290 2742 1367 2772 liber
1388 2742 1516 2783 Sigonii,
1539 2748 1634 2783 atque
1657 2742 1724 2772 haee

331 2781 371 2810 ab
394 2792 429 2811 eo
451 2783 513 2814 lata
535 2784 573 2815 de
591 2784 717 2825 judiciis
738 2784 838 2815 minus
862 2791 1004 2815 accurate
1049 2785 1140 2815 lectio
1168 2784 1397 2826 expeditissima
1425 2791 1480 2815 est.
1517 2784 1723 2814 -Gronoviana

330 2824 369 2853 ab
403 2825 549 2866 epitomes
583 2828 799 2859 concinnatore
832 2827 1003 2858 exhibetur.
1048 2833 1078 2857 et
1094 2827 1265 2868 Dujatiana
1280 2827 1428 2860 editiones
1443 2833 1546 2858 carent
1563 2829 1604 2867 τῷ
1622 2838 1694 2866 qna.
