1831 3194
434 110 549 147 LlB.
582 108 690 145 XLI.

52 220 111 251 nioe
148 219 337 251 mentionem
373 217 490 250 fecisse.
541 218 585 248 At
617 217 738 252 Cicero,

50 263 70 292 I.
89 263 114 293 1.
137 262 169 293 in
187 263 329 300 Verrem,
345 271 375 291 n.
396 262 468 292 107.
489 261 581 292 docet
605 261 738 291 Voconi-

51 316 103 336 um
126 306 264 337 sanxisse
279 305 318 335 de
341 304 378 335 iis
398 304 451 345 qui
474 310 543 346 post
566 304 607 334 A.
626 304 737 334 Postu-

49 347 158 384 mium.
185 351 226 386 Q.
244 347 386 379 Fulvium
414 358 556 378 censores
582 346 665 378 censi
689 358 736 378 es-

50 397 131 427 sent,
159 392 203 423 ita
231 397 265 422 ut
293 391 324 421 hi
355 401 497 421 censores
526 391 558 421 in
588 390 656 431 lege
689 390 736 420 di-

49 440 129 466 serte
151 434 302 467 nominati
326 433 419 464 fuisse
443 434 617 464 videantur.
663 434 735 464 Jain

49 488 121 509 vero
136 478 229 509 iidem
246 477 277 507 hi
292 487 434 508 censores
449 477 545 507 creati
566 487 737 507 memoran-

51 525 100 552 tur
123 521 213 563 hujus
236 520 306 551 libri
322 531 350 551 c.
367 520 419 551 27.
445 531 463 551 a
478 532 539 561 quo
562 519 649 550 nulla
670 519 736 561 jam

49 564 182 595 occurrit
202 564 326 594 lacuna.
372 563 518 605 Sequitur
541 574 626 604 ergo,
648 568 681 593 ut
705 563 736 593 in

51 607 110 638 fine
138 607 208 638 libri
235 607 273 637 de
299 607 368 647 lege
392 606 533 637 Voconia
563 606 660 647 egerit
684 606 735 636 Li-

50 650 128 681 vius.
158 650 203 680 At
218 650 300 681 enim
317 650 386 680 Cic.
402 650 424 680 l.
440 650 480 680 de
495 651 618 680 Senect.
636 660 666 680 n.
686 650 735 680 14.

49 693 127 724 dicit
147 693 249 734 legem
266 693 439 724 Voconiam
463 693 558 723 latam
583 702 649 722 esse
667 693 736 724 Cae-

48 735 140 784 pione
167 742 199 767 et
228 735 374 778 Philippo
402 736 447 766 ΙΙ.
471 735 660 771 consulibus,
685 735 738 776 qui

50 779 159 821 quinto
180 780 351 821 posthunc
375 790 456 810 anno
480 779 622 809 consules
645 778 738 808 futuri

49 828 133 854 sunt.
176 823 238 853 Sed
267 823 366 864 primo
396 833 456 853 non
483 822 650 853 admodum
681 822 737 852 mi-

49 867 181 898 randum
196 872 243 897 est
264 866 342 897 duos
364 866 527 908 scriptores
549 865 668 906 aliquot
684 876 738 896 an-

49 909 97 940 nis
122 910 201 940 inter
227 920 260 941 se
289 909 328 940 de
355 910 464 940 eadem
494 919 525 939 re
551 908 736 950 discrepare.

52 953 176 984 Deinde
193 952 288 984 etiam
307 952 448 983 videmur
464 952 612 994 suspicari
636 962 738 993 posse,

49 996 120 1027 ideo
149 996 311 1027 dissentire
341 995 464 1026 Livium
494 1001 524 1025 et
555 995 737 1025 Ciceronem

51 1039 135 1070 eirca
157 1050 273 1071 annum
295 1039 373 1080 Iegis
388 1037 550 1073 Voconiae,
566 1038 640 1078 quia
655 1037 737 1068 cirea

124 2929 218 2957 VOL.
242 2929 297 2956 lv.

735 108 865 145 (ΑΡ.

895 107 1089 145 XXVIII.
1424 115 1470 145 33

783 222 909 249 oelatem
934 217 1063 249 Catonis
1086 215 1296 252 dissenserint,
1314 222 1343 247 et
1368 217 1471 247 Livius
1489 218 1575 249 [xC.

782 270 852 290 euin
887 260 1025 301 quinque
1060 260 1149 290 annis
1179 259 1329 290 seniorem
1366 260 1471 296 faeiat,
1488 261 1663 292 ,-x.(f.174.

782 314 875 345 quam
907 304 1031 341 Cicero,
1056 309 1091 333 ut
1119 302 1351 333 observavimus
1380 314 1472 345 supra

782 346 821 378 ad
837 347 859 378 l.
875 347 1030 378 XXXIX.
1047 358 1076 377 c.
1094 347 1144 376 40.
1171 346 1282 377 Cicero
1300 345 1382 377 enim
1404 347 1472 378 Ioco

780 390 872 420 modo
902 396 1070 420 memorato
1099 385 1206 419 vscribitv
1237 389 1387 420 Catonem
1416 400 1470 420 an-

782 443 836 462 nos
852 439 959 463 natum
975 433 1112 474 quinque
1129 438 1160 463 et
1183 432 1345 473 sexaginta
1370 432 1470 473 Iegem

782 476 954 506 Voconiam
986 477 1130 511 suasisse,
1161 476 1213 516 qui
1241 475 1368 505 Catonis
1397 475 1470 509 vitoe

782 529 892 555 annus,
916 529 952 549 eo
976 519 1067 549 modo
1093 530 1155 560 quo
1177 523 1320 549 numerat.
1347 517 1471 555 Cicero,

781 561 892 592 incidit
914 572 1021 593 revera
1044 562 1074 592 in
1098 562 1293 592 consulatum
1314 561 1471 603 Caepionis

781 610 812 635 et
828 604 977 647 Philippi.
1022 605 1064 635 At
1080 616 1152 636 vero
1167 616 1204 636 ex
1222 603 1303 635 Livii
1317 605 1473 636 sententia

781 649 992 690 sexagesimus
1015 649 1141 689 quintus
1168 648 1238 678 vitae
1264 647 1393 678 Catonis
1416 658 1472 678 an-

782 702 840 722 nus
863 691 977 722 retrahi
1001 691 1094 722 debet
1116 691 1148 721 in
1164 691 1301 732 quinque
1325 696 1397 721 ante
1417 701 1472 721 an-

782 745 848 771 nos,
866 745 902 765 ac
925 734 1053 776 proinde
1069 734 1236 765 incidisse
1229 745 1261 764 m
1277 735 1472 764 consulatum

783 779 836 820 Sp.
855 778 1019 812 Postumii
1035 783 1067 809 et
1090 779 1132 815 Q.
1146 777 1259 813 Mucii,
1276 776 1329 818 qui
1352 782 1398 807 est
1421 777 1471 807 liic

783 832 847 863 lpse
878 831 978 852 annus
1007 821 1038 851 in
1069 832 1131 862 quo
1160 802 1274 851 d<sinit
1303 819 1353 850 hic
1382 819 1471 851 liber.

784 865 896 906 Itaque
926 864 1081 895 credimus
1107 863 1183 894 nihil
1208 864 1275 906 jam
1299 873 1471 903 superesse,

781 918 836 938 cur
858 907 1024 949 quisquam
1047 907 1170 938 dubitet
1194 906 1390 937 inserendum
1414 905 1472 936 ho(

781 953 850 982 loco
869 950 961 981 fuisse
985 951 1234 992 supplementum
1256 950 1294 981 de
1317 949 1385 991 lege
1407 949 1433 981 Υ
1439 960 1471 980 ο-

783 995 891 1024 (oniaz
917 994 999 1035 quod
1016 994 1157 1025 fecimus.

1589 218 1661 247 578.
