1816 3159
292 84 376 133 lxii
786 87 1247 138 PRAEFATIO.

676 370 931 423 CAPUT
969 370 1352 423 TERTIUM.

486 516 567 555 DE
603 516 939 557 INSTITUTI
973 516 1202 557 NOSTRI
1237 516 1537 556 RATIONE.

74 697 217 730 Animi.
289 665 480 730 FUIT
505 687 700 746 tempus
725 683 867 738 illud,
896 701 1049 747 quum
1074 682 1319 747 quidquid
1346 683 1448 729 fere
1480 682 1738 730 hominum

76 741 552 814 ffssssssffssfflssdoctorum
578 767 697 817 erat,
723 760 773 807 in
798 760 1182 823 interpretandis
1207 758 1635 821 emendandisque
1659 775 1739 805 ve-

73 837 269 858 T¹Q¹³¹T¹³T¹³
289 844 446 885 terum
492 836 689 900 scriptis
731 854 877 886 omne
917 838 1139 885 studium
1176 837 1435 899 decusque
1480 843 1734 899 ponerent.

75 880 265 899 INTERPRE-

74 922 184 942 mus.
291 914 418 962 Post
441 930 550 961 eam
585 930 695 977 quae
720 931 806 978 per
828 921 903 962 tot
927 914 1096 962 secula
1132 913 1221 961 toti
1255 912 1470 975 Europae.
1506 912 1739 960 incubue-

73 955 229 995 Interpre-

74 997 239 1027 tandorum
288 997 365 1038 rat
388 991 682 1048 barbariem,
710 999 758 1039 et
782 993 1023 1041 bonarum
1050 991 1224 1039 artium
1255 990 1602 1053 ignorantiam,
1630 1006 1739 1053 pre-

74 1045 212 1069 veterum

73 1083 255 1123 scriptorum
289 1069 528 1117 tiosorum
551 1069 747 1117 illorum
773 1071 938 1118 doctae
963 1069 1273 1134 antiquitatis
1301 1074 1735 1116 monumentorum

74 1125 263 1198 lass’zrlffnag'
289 1145 402 1193 luce
428 1147 625 1210 perfusi,
654 1154 702 1194 et
726 1148 1016 1196 suavissimo
1053 1148 1198 1211 quasi
1223 1147 1378 1195 odore
1402 1145 1605 1193 recreati
1630 1162 1736 1192 eru-

77 1210 264 1252 g¹⁰riaes¹¹it'
290 1223 384 1271 diti
420 1240 609 1279 omnes,
645 1223 697 1271 in
731 1242 789 1271 ea
826 1224 1259 1272 vehementissimo
1295 1223 1519 1285 quodam
1558 1221 1739 1269 amoris

288 1301 475 1362 impetu
500 1301 793 1350 ferebantur.
862 1300 981 1348 Una
1015 1301 1207 1348 cunctis
1234 1301 1482 1363 voluptas,
1509 1317 1636 1347 unus
1666 1299 1737 1346 la-

288 1377 395 1434 bor,
421 1393 521 1424 una
554 1377 726 1439 gloria,
752 1377 803 1424 in
826 1377 883 1424 iis
919 1377 1234 1440 exponendis
1271 1394 1329 1424 ac
1367 1376 1633 1439 praesertim
1671 1378 1733 1425 ab

290 1454 517 1510 deformi,
541 1454 624 1517 qui
648 1472 738 1518 per
760 1461 834 1503 tot
855 1462 1055 1502 aetatum
1079 1454 1320 1502 incuriam
1344 1454 1735 1518 imperitiamque

286 1532 572 1592 inoleverat,
597 1532 845 1596 squallore
871 1530 1134 1579 abluendis
1171 1548 1286 1578 cum
1321 1531 1560 1579 doctrinae
1586 1537 1637 1578 et
1663 1531 1734 1578 in-

290 1610 422 1674 genii
445 1610 597 1657 laude
622 1609 821 1656 versari.

76 1701 251 1751 Hodigmi-
357 1686 525 1735 Hodie
572 1686 756 1734 refrixit
792 1687 1068 1734 admodum
1109 1702 1200 1732 res,
1270 1685 1386 1732 Jam
1424 1685 1735 1748 expoliendis

74 1756 572 1830 Rssffeplssffilvulgaribus
608 1764 786 1827 linguis
823 1764 1041 1812 studium
1075 1764 1360 1826 impensum
1397 1770 1499 1810 est:
1537 1763 1643 1824 jam
1678 1763 1735 1810 iis

74 1832 183 1862 *⁸³¹¹oe
199 1842 273 1873 Ροθ·
291 1842 578 1907 conscripta
601 1849 714 1890 sunt
739 1843 920 1890 eximia
946 1858 1099 1905 opera
1115 1849 1163 1888 et
1177 1840 1543 1888 immortalitate
1563 1840 1736 1904 digna:

74 1879 175 1905 tarum
191 1881 223 1905 et

75 1922 228 1948 ⁰f³t⁰s¹²¹¹¹
288 1936 381 1968 nec
407 1921 582 1984 poetis,
609 1919 903 1974 oratoribus,
926 1917 1173 1965 historicis
1199 1917 1443 1964 veteribus
1469 1917 1639 1964 afferre
1665 1917 1737 1964 lu-

75 1965 256 2044 {ffirtirg-uum
290 2015 415 2055 cem,
442 1998 530 2045 sed
570 2013 682 2045 cum
706 1996 763 2044 iis
789 1994 1039 2043 scribendi
1072 1994 1221 2041 laude
1258 2000 1447 2041 certare
1482 1993 1733 2056 gestimus.

289 2075 536 2123 Praeclare
571 2090 715 2121 sane„
776 2072 908 2127 Quid
948 2070 1080 2118 enim
1116 2071 1354 2133 proderat
1388 2070 1734 2133 impallescere

289 2152 586 2216 antiquitati,
611 2151 705 2198 nisi
735 2157 785 2198 et
817 2151 878 2197 ad
909 2166 1018 2197 eam
1056 2148 1309 2212 adspirare
1343 2164 1542 2213 quoque
1570 2148 1733 2196 licuis-

288 2232 392 2279 set?
434 2236 521 2278 aut
544 2229 710 2276 aliena
735 2227 966 2276 admirari
1000 2226 1214 2290 ingenia,
1241 2225 1336 2273 nisi
1361 2233 1410 2273 et
1433 2232 1607 2273 nostra
1640 2225 1733 2288 ipsi

287 2308 676 2356 exacueremus?
729 2306 933 2354 Frustra
966 2304 1107 2352 nobis
1149 2321 1178 2351 a
1218 2313 1393 2351 natura
1431 2304 1552 2350 data
1594 2318 1730 2350 mens

289 2392 408 2440 erat,
435 2385 681 2449 oculique,
715 2401 772 2432 ac
805 2383 947 2439 vires,
976 2383 1016 2430 si
1054 2382 1217 2429 aliena
1251 2389 1443 2429 tantum
1479 2396 1647 2428 eruere
1683 2388 1733 2427 et

289 2462 532 2526 expiscari
557 2479 720 2518 sensa,
746 2461 918 2509 alienis
953 2461 1157 2509 credere
1182 2459 1355 2515 oculis,
1381 2457 1540 2505 alieno
1575 2457 1728 2504 ductu

287 2539 479 2603 ingredi
504 2555 713 2585 necesse
739 2554 935 2600 semper
958 2537 1147 2585 fuisset.

356 2617 455 2664 Sed
482 2616 595 2663 hinc
617 2615 723 2676 jam
748 2614 899 2677 coepit
935 2615 1222 2662 decrescere
1246 2611 1460 2675 pretium
1495 2611 1728 2672 interpre-

287 2694 417 2742 tibus
442 2692 764 2758 antiquitatis,
783 2698 833 2739 et
857 2692 920 2738 ad
948 2692 1056 2752 ejus
1081 2690 1283 2738 aemulos
1310 2689 1612 2753 principatus
1637 2688 1727 2735 rei-

288 2770 498 2833 publicae
522 2768 763 2818 litterariae
790 2767 962 2816 merito
988 2767 1183 2815 delatus
1222 2773 1325 2815 est:
1372 2782 1624 2831 quumque
1661 2781 1728 2812 re-
