1816 3159
308 101 340 132 x
794 83 1263 133 PRAEFATIO.

96 238 241 272 Historiae
309 227 438 281 runt,
463 223 685 272 historia>
707 225 914 281 modum,
941 224 991 273 id
1018 225 1148 272 enim
1173 222 1451 271 secundum
1476 227 1595 281 erat,
1619 241 1750 274 exce-

95 283 221 314 modurn
237 292 299 314 non
489 300 497 309 .
694 300 702 308 .
1056 301 1065 309 ,
1461 301 1469 309 ‚

95 302 428 366 magisdirecdunt
444 318 459 349 :
485 300 534 348 1d
556 307 644 356 est,
665 317 706 347 Sl
725 307 856 347 recte
873 317 1179 365 assequimur
1196 307 1498 348 accusatoris
1517 308 1743 362 mentem,

96 368 438 425 taeorationesultra
461 378 694 424 terminos
719 378 911 440 legibus
937 378 1201 442 praefinitos
1226 385 1510 441 evagantur,
1531 395 1622 427 nec
1642 380 1747 441 jam

93 410 258 452 egrediun-

95 458 265 538 fflsiffigfn
312 454 575 523 historicos
608 471 661 501 se
697 471 807 502 esse
839 454 1027 511 volunt,
1068 455 1157 502 sed
1196 448 1431 504 oratores.
1500 454 1562 502 Id
1602 472 1751 519 quam

97 539 268 622 {ggguffus-
312 531 664 580 convenienter
692 531 744 579 in
768 532 1003 580 Sallustio
1028 539 1078 579 et
1103 532 1243 580 Livio
1274 533 1603 597 reprehendat
1625 532 1751 580 Tro-

96 624 223 677 ‘³¹²‘¹:‚
311 626 401 671 gus
436 608 725 673 Pompeius,
756 610 860 673 ipse
891 610 1081 667 viderit,
1122 610 1206 674 qui
1241 611 1467 675 obliquas
1503 610 1749 658 orationes

97 666 293 740 {³{1um'
312 685 523 734 historiae
549 702 649 733 suae
667 702 768 733 non
788 686 1102 734 dubitaverat
1125 686 1358 743 intexere,
1375 703 1580 750 quarum
1599 702 1750 733 unam

97 773 258 830 Justin31.
311 763 454 810 nobis
493 763 705 810 servavit
744 763 988 820 Justinus,
1029 763 1272 828 plerisque
1310 763 1529 811 Livianis
1571 762 1752 827 prolix-

97 818 479 902 ἕξῗζὲιξῖεξῖίοῑθω.
547 839 671 893 Quis
713 840 846 887 enim
884 857 986 888 non
1031 840 1197 888 videat
1238 840 1469 887 eamdem
1513 841 1660 903 plane
1702 847 1751 888 et

311 917 640 982 obfiquarum,
658 923 707 964 et
726 916 1027 965 directarum
1043 917 1345 965 concionum
1360 933 1470 964 esse
1489 917 1749 965 rationem?

309 994 614 1043 Praeclarum
635 1011 751 1043 vero
778 994 1136 1043 commentum!
1174 994 1349 1043 mirum
1365 994 1630 1042 artificem!
1668 993 1752 1058 qui

308 1087 398 1135 pro
414 1073 698 1121 indicativis
712 1075 865 1121 modis
883 1072 1083 1136 infinita
1099 1072 1376 1134 subjecerit,
1395 1078 1444 1120 et
1458 1073 1569 1120 loco
1577 1073 1752 1136 primae

301 1167 524 1213 personoe
549 1151 756 1198 tertiam.
829 1148 935 1197 Eos
968 1149 1051 1213 qui
1076 1149 1195 1196 nihil
1222 1149 1440 1205 omnino,
1465 1165 1524 1196 ac
1547 1165 1609 1196 ne
1642 1164 1752 1196 ora-

309 1226 471 1273 tiones
496 1225 698 1290 quidem
730 1226 860 1288 ipsas
885 1225 934 1272 in
959 1225 1214 1273 historiam
1238 1225 1387 1273 inseri
1423 1226 1605 1273 debere
1630 1242 1748 1274 con-

307 1304 534 1359 tendunt,
574 1303 669 1350 nisi
708 1320 770 1350 ex
817 1310 1121 1350 vetustorum
1162 1310 1592 1351 monumentorum
1636 1304 1750 1364 fide,

311 1379 404 1427 etsi
430 1380 578 1444 paulo
599 1380 862 1428 severiores
885 1387 1013 1436 sunt,
1034 1380 1220 1445 aliquid
1247 1389 1409 1428 tamen
1429 1387 1626 1428 secutos
1642 1398 1751 1429 esse

310 1455 471 1503 video.
539 1456 722 1504 Verum
748 1457 781 1504 ii
813 1473 906 1504 nos
941 1458 1161 1520 profecto
1196 1457 1411 1506 ludibrio
1447 1458 1642 1515 habent,
1668 1459 1750 1522 qui

310 1550 463 1597 quum
501 1533 716 1583 directas
758 1535 1027 1583 conciones
1067 1535 1345 1599 reprobent,
1379 1536 1463 1596 jus
1504 1536 1597 1583 sibi
1641 1552 1749 1584 esse

309 1610 596 1659 existimant
620 1611 863 1675 obliquas,
891 1612 1249 1676 quantumlibet
1285 1612 1517 1675 prolixas,
1543 1612 1594 1659 in
1625 1628 1748 1676 opus

311 1704 455 1736 suum
494 1687 802 1736 includendi.
883 1687 1023 1735 Nihil
1062 1704 1178 1751 ergo
1215 1688 1409 1735 videtur
1445 1689 1620 1746 afferri,
1664 1705 1751 1737 cur

310 1764 453 1812 Livio
478 1782 594 1813 suas
619 1766 868 1814 orationes
893 1765 1008 1813 vitio
1045 1783 1101 1814 ac
1127 1766 1285 1829 culpae
1312 1766 1415 1812 dari
1442 1767 1617 1813 debere
1640 1781 1751 1829 pro-

310 1842 608 1892 nuntiemus,

100 1928 151 1975 De
165 1925 291 1974 Patavi:
378 1919 448 1966 At
472 1920 606 1967 circa
628 1921 834 1968 formam
867 1919 1104 1985 loquendi
1129 1920 1524 1985 elegantiamque
1559 1935 1742 1967 sermo-

99 1976 195 2002 ΝΜ
210 1971 389 2042 len'nis
414 1995 552 2042 litem
574 1996 616 2043 ei
649 1997 839 2044 dudum
871 1997 1025 2044 movit
1052 1997 1126 2044 vir
1153 1997 1351 2059 ingenio
1384 2004 1434 2044 et
1467 1997 1749 2061 eloquentia

313 2071 626 2129 clarissimus,
655 2071 858 2120 Asinius
883 2072 1067 2133 Pollio,
1092 2073 1174 2138 qui
1197 2073 1247 2121 in
1270 2091 1328 2121 eo
1357 2075 1562 2138 putabat
1582 2074 1747 2122 inesse

100 2149 581 2212 opimum-quamdam
612 2148 1019 2206 Patavinitatem‚
1053 2149 1155 2197 sive
1187 2150 1465 2199 locutiones
1500 2152 1744 2215 quasdam

100 2208 423 2290 {fffitihiffssquae
450 2224 764 2286 Patavinum‚
789 2231 842 2272 ut
879 2225 949 2272 ita
985 2225 1166 2284 dicam,
1199 2227 1360 2275 solum
1383 2237 1626 2291 saperent,
1651 2246 1746 2277 nec

101 2302 131 2323 ⁰·
149 2293 177 2324 ¹·
314 2308 479 2350 essent
511 2302 730 2367 quadam
764 2303 1040 2351 urbanitate
1076 2304 1339 2353 coloratae⁸.
1409 2304 1527 2353 Hoc
1562 2306 1748 2354 crimen

366 2420 383 2438 ³
399 2409 520 2446 Aliter
545 2410 654 2446 multi
679 2410 780 2448 docti
805 2411 874 2447 viri
895 2410 1009 2447 inter·
1054 2423 1129 2447 non
1163 2423 1283 2460 operae
1317 2412 1478 2461 pretium
1511 2423 1592 2448 esse
1626 2412 1748 2448 visum

313 2463 449 2511 pretati
483 2470 572 2498 sunt
598 2464 703 2499 illam
736 2463 1011 2499 Patavinitatz's
1053 2471 1123 2500 est.
1180 2464 1221 2500 Si
1238 2465 1322 2513 quis
1340 2471 1467 2501 tamen
1484 2477 1549 2501 eas
1567 2465 1746 2514 interpre-

315 2515 625 2560 criminationem,
644 2523 683 2551 et
708 2517 925 2553 intellexere
945 2517 1009 2553 alii
1053 2518 1214 2553 tationes
1231 2529 1381 2566 operose
1397 2530 1576 2554 excussas
1594 2524 1632 2554 et
1648 2517 1748 2554 refu-

315 2567 481 2605 studium
497 2569 659 2617 partium
685 2567 1009 2618 Pompeianarum,
1053 2577 1156 2606 tatas
1173 2569 1295 2606 videre
1313 2570 1481 2615 voluerit,
1502 2571 1616 2607 adeat
1644 2568 1745 2606 Dan.

316 2622 381 2657 alii
398 2621 523 2657 odium
547 2622 584 2656 in
614 2619 760 2665 Gallos,
781 2628 847 2658 aut
874 2623 1011 2659 similia
1054 2621 1227 2658 Morhofii
1259 2622 1426 2659 libellum
1470 2624 1588 2660 densa
1625 2623 1747 2660 erudi-

315 2681 547 2711 commenta:
576 2686 661 2721 quae
689 2686 803 2721 quum
831 2676 924 2710 satis
952 2675 1011 2711 vel
1054 2675 1154 2712 tione
1171 2674 1463 2724 refertissimum,
1482 2677 1528 2714 de
1545 2676 1745 2714 Patavini-

317 2727 407 2775 ipsis
433 2726 657 2769 Quintiliani
688 2727 808 2763 verbis
839 2734 1010 2763 evertan-
1057 2732 1134 2765 tate
1152 2728 1324 2765 Liviana.

318 2786 388 2826 tur,
422 2782 460 2817 in
489 2781 562 2817 illis
589 2779 798 2817 refellendis
825 2780 1010 2817 immorari
