1826 3149
112 197 155 229 U.
166 197 204 229 C.
217 198 292 228 585.

112 242 155 272 A.
166 241 202 272 C.
221 241 292 272 167.

109 1294 219 1327 Oratio
225 1295 312 1326 Rho-

108 1339 229 1369 diorum
244 1339 275 1370 in

108 1387 230 1414 senatu.

327 77 399 117 190
849 74 1213 113 T1T1=L1Vll

326 181 441 222 Huic
471 181 618 235 actioni
648 182 709 222 M.
734 184 945 224 Antonius
975 192 1016 224 et
1038 184 1100 224 M.
1125 183 1380 240 Pomponius
1411 184 1566 225 tribuni
1598 182 1729 240 plebis

325 237 663 279 adversabantur.
727 239 807 279 Sed
829 248 869 280 et
890 248 1045 295 praetor
1066 256 1173 281 novo
1203 240 1394 296 maloque
1426 241 1615 297 exemplo
1643 255 1730 281 rem

324 295 533 350 ingressus
554 304 656 345 erat,
679 296 807 350 quod,
830 305 925 337 ante
956 313 1037 337 non
1062 297 1250 338 consulto
1271 305 1431 346 senatu,
1453 313 1535 338 non
1555 296 1731 338 consuli-

324 352 404 393 bus
438 351 682 392 certioribus
718 351 851 401 factis,
885 353 936 394 de
973 368 1045 393 sua
1081 353 1204 394 unius
1240 354 1442 395 sententia
1474 354 1730 410 rogationem

324 408 465 458 ferret,
493 408 660 456 Vellent,
670 408 927 461 juberentne,
949 411 1126 450 Rhodiis
1152 411 1292 451 bellum
1315 412 1478 451 indici?
1510 425 1642 466 quum
1663 423 1733 449 an-

324 472 393 506 tea
413 480 572 520 semper
593 465 709 520 prius
730 474 895 507 senatus
917 467 968 507 de
992 467 1101 507 bello
1126 467 1339 508 consultus
1367 476 1486 517 esset,
1509 467 1657 508 deinde
1678 466 1732 506 ad

324 521 528 576 populum
551 521 707 569 latum;
740 521 774 545 9³
787 530 826 563 et
855 523 1013 564 tribuni
1043 524 1190 579 plebis,
1213 539 1344 579 quum
1365 524 1424 564 ita
1450 524 1652 565 traditum
1673 538 1733 563 es-

324 586 400 627 set,
423 593 472 617 ue
494 577 587 633 quis
607 578 724 634 prius
753 579 1023 621 intercederet
1053 580 1149 635 legi,
1172 596 1297 636 quam
1327 580 1500 636 privatis
1530 579 1732 622 suadendi

323 634 675 690 dissuadendique
705 635 837 692 legem
870 645 1052 692 potestas
1082 638 1193 679 facta
1222 646 1352 684 esset3
1386 652 1517 692 eoque
1546 651 1732 693 persaepe

323 690 538 740 evenisset,
560 699 623 740 ut,
646 692 718 748 qui
744 707 823 733 non
855 694 1028 773 {nrofessi
1050 702 1183 735 essent
1205 709 1246 734 se
1276 694 1583 743 intercessuros,
1605 693 1733 734 anim-

321 746 505 788 adversis
545 748 655 789 vitiis
700 748 801 804 legis
840 750 855 773 ⁹
886 766 936 790 ex
980 751 1138 792 ratione
1178 750 1522 800 dissuadentium,
1562 750 1733 791 interce-

322 803 493 850 derent;
537 812 593 854 et,
629 805 703 860 qui
742 807 795 847 ad
836 807 1175 848 intercedendum
1215 807 1436 857 venissent,
1472 806 1731 856 desisterent,

322 859 421 901 victi
442 862 761 903 auctoritatibus
792 863 1055 904 suadentium
1089 864 1233 920 legem.
1297 865 1412 904 Tum
1445 863 1551 904 inter
1580 872 1732 919 praeto-

322 932 408 957 rem
434 917 708 974 tribunosque
737 920 875 960 omnia
906 920 1194 976 intempestive
1224 920 1372 975 agendi
1404 928 1610 961 certamen
1631 927 1730 961 erat.

325 973 507 1015 Tribuni
528 975 832 1017 festinationem
853 977 1045 1033 praetoris
1065 986 1160 1019 ante
1182 986 1347 1033 tempus
1368 976 1674 1027 intercedendo,

820 1067 844 1091 {K-
1018 1067 1041 1092 ss·
1214 1067 1238 1092 «ΗΕ

324 1128 365 1169 in
386 1129 612 1171 adventum
634 1130 729 1171 im-q

820 1207 844 1233 ιε
1017 1209 1041 1234 s-
1214 1209 1238 1235 s<-

382 1277 547 1319 XXII.
568 1280 656 1305 *³⁸4*
668 1281 1165 1332 peccaverimusne,adliuc
1182 1282 1341 1322 dubium
1358 1289 1434 1323 est:
1452 1297 1608 1335 paenas,
1619 1282 1733 1336 igno-

323 1335 471 1376 minias
491 1350 621 1376 omnes
627 1336 720 1389 jam
737 1338 931 1390 patimur.
996 1339 1147 1387 Antea,
1175 1339 1586 1394 Karthaginiensibus
1604 1340 1732 1389 victis,

322 1393 536 1445 Philippo,
553 1393 751 1433 Antiocho
766 1395 979 1447 superatis,
995 1410 1109 1448 quum
1127 1397 1297 1436 Romam
1311 1398 1558 1445 venissemus,
1574 1412 1622 1436 etv
1630 1396 1735 1449 pub-

320 1450 399 1489 lico
418 1451 594 1503 hospitio
616 1452 659 1490 in
678 1452 831 1491 curiam
847 1454 1098 1506 gratulatum
1120 1454 1240 1501 vobis,
1267 1455 1415 1495 Patres
1434 1455 1663 1507 conscripti,
1686 1468 1736 1493 ex

321 1507 436 1547 curia
459 1508 501 1547 in
526 1508 773 1560 Capitolium
794 1509 851 1548 ad
866 1509 974 1550 Deos
994 1516 1141 1550 vestros
1161 1510 1193 1534 9⁵
1202 1512 1539 1565 clonaserentes‘;
1563 1525 1666 1551 nunc
1686 1525 1735 1550 ea:

320 1565 485 1604 sordido
499 1566 738 1614 deversorio,
748 1567 817 1606 via·
830 1568 1003 1606 mercede
1015 1569 1177 1620 recepti,
1186 1583 1234 1608 ac
1239 1583 1369 1622 prope
1381 1570 1548 1609 hostium
1558 1583 1662 1608 more
1668 1581 1736 1608 ex-

321 1627 390 1662 tra
411 1621 543 1662 urbem
565 1636 724 1663 manere
729 1622 852 1676 jussi,
873 1624 915 1663 in
936 1624 1008 1664 lzoc
1027 1626 1212 1677 squalore
1227 1630 1401 1666 venimus
1420 1627 1461 1666 in
1478 1627 1631 1667 curiam
1648 1625 1735 1666 Ro-

321 1692 481 1718 manam
504 1679 674 1728 Rhodii,
692 1694 788 1733 quos
800 1680 1028 1732 provinciis
1049 1695 1177 1734 nuper
1195 1682 1322 1736 Lycia
1339 1690 1459 1736 atque
1477 1684 1622 1731 Caria,
1640 1696 1735 1736 quos

314 1736 466 1788 proemi
469 1736 503 1775 is
515 1742 635 1789 atque
647 1737 862 1777 lzonoribus
874 1739 1090 1790 amplissim
1097 1740 1130 1778 is
1137 1740 1328 1780 donastis.
1352 1741 1409 1780 Et
1418 1739 1669 1781 Macedonas
1676 1740 1736 1780 Il-

322 1793 523 1846 lyriosque
537 1793 683 1834 liberos
695 1809 774 1834 esse
789 1797 850 1847 (ut
865 1796 1062 1845 audimus)
1065 1795 1232 1848 jubetis,
1249 1811 1364 1850 quum
1376 1798 1603 1846 servierint,
1621 1803 1735 1838 ante-

324 1863 441 1903 quam
463 1850 656 1891 vobiscum
676 1851 893 1892 bellarent:
930 1855 1016 1904 (nec
1045 1852 1272 1907 cujusquam
1287 1855 1477 1908 sortunoe
1500 1855 1733 1903 invidemus,

325 1908 441 1947 immo
453 1909 701 1961 agnoscimus
712 1909 959 1949 clementiam
967 1911 1114 1963 populi
1127 1911 1321 1963 Romani)
1336 1912 1532 1960 Rhodios,
1548 1912 1618 1965 qui
1629 1912 1736 1952 nihil

323 1964 441 2003 aliud
460 1978 576 2017 quam
599 1967 833 2018 quieverunt
852 1967 924 2006 lzoc
944 1967 1058 2015 bello,
1080 1968 1208 2008 lzostes
1228 1983 1277 2009 eoe
1295 1969 1413 2009 sociis
1416 1969 1585 2022 facturi
1603 1970 1698 2009 estis
1711 1972 1732 2007 ,Ρ

327 2022 447 2062 Certe
462 2023 617 2073 quidem
632 2037 698 2063 vos
710 2024 805 2063 estis
821 2024 1011 2072 Romani,
1030 2025 1101 2078 qui
1117 2026 1206 2065 ideo
1209 2026 1362 2080 felicia
1380 2026 1484 2066 bella
1497 2032 1627 2066 vestra
1640 2039 1733 2074 esse,

324 2078 421 2131 quia
435 2076 553 2131 justa
574 2080 670 2130 sint,
686 2094 779 2132 prce
797 2080 907 2121 vobis
918 2082 1064 2134 fertis,
1087 2095 1157 2122 nec
1176 2088 1258 2124 tam
1288 2084 1398 2123 exitu
1415 2097 1560 2130 eorum,
1581 2082 1616 2107 ⁹⁶
1630 2084 1738 2137 quod

325 2135 511 2184 vincatis,
527 2150 642 2189 quam
650 2138 887 2190 principiis,
897 2140 1003 2191 quod
1014 2153 1091 2178 non
1101 2140 1189 2179 sine
1199 2154 1338 2181 caussa
1350 2141 1592 2193 suscipiatis,
1601 2140 1734 2194 glori-

325 2192 467 2231 amini.
528 2192 723 2234 Messana
745 2196 786 2234 in
803 2195 948 2236 Sicilia
970 2196 1201 2250 obpugnata
1215 2198 1593 2250 Karthaginienses,
1610 2197 1735 2238 Atlze-

325 2262 390 2288 nae
408 2249 649 2303 obpugnatoe
664 2257 701 2291 et
721 2251 887 2292 Grcecia
909 2253 952 2292 in
968 2254 1193 2294 servitutem
1207 2255 1356 2306 petita,
1374 2260 1412 2293 et
1432 2253 1595 2307 adjutus
1612 2253 1734 2294 Han—

325 2305 440 2345 nibal
453 2308 642 2358 poeunia,
663 2309 847 2357 auxiliis,
871 2310 1104 2362 Philippum
1124 2310 1480 2365 hostemfi’cerunt.
1512 2311 1735 2352 Antiochus

368 2448 384 2473 q
399 2446 599 2476 intercedendo
613 2448 643 2476 in
658 2449 814 2478 adventum
828 2451 1006 2488 imperatoris
1020 2449 1084 2480 sine
1098 2451 1217 2482 lacunae
1232 2450 1455 2492 significatione
1471 2452 1567 2483 Gron.
1632 2456 1645 2474 ¹¹
1660 2453 1733 2485 add.

325 2489 504 2518 veniebamus
518 2489 615 2520 Gron.
631 2490 872 2533 [deducebamnr]
890 2492 979 2523 Crev.

369 2619 410 2649 93
436 2619 474 2649 Et
503 2620 613 2649 tribuni
643 2621 746 2661 plebis]
784 2622 910 2663 Supple,
939 2635 1008 2654 novo
1050 2623 1125 2654 tima
1141 2634 1198 2654 vox
1215 2634 1232 2654 a
1255 2623 1342 2654 nobis
1356 2624 1477 2666 adjecta
1491 2632 1547 2658 est.
1590 2626 1732 2667 Sigonius

327 2663 456 2701 maloque
492 2663 613 2702 exemplo
655 2662 896 2695 adversabantur
937 2666 1008 2696 huic
1051 2666 1188 2697 voluerat
1220 2668 1416 2698 veniebamus:
1447 2670 1549 2701 minus
1577 2675 1629 2700 aut
1661 2680 1730 2711 pro-

328 2704 451 2735 actioni.
1050 2708 1125 2750 prie,
1143 2715 1196 2740 aut
1209 2709 1375 2750 eleganter.

371 2747 413 2777 94
437 2747 482 2777 Ex
513 2749 625 2778 ratione
651 2749 895 2791 dissuadentium]
928 2750 1005 2781 Gro-
1092 2751 1135 2781 96
1159 2752 1242 2786 Quod
1264 2754 1401 2794 vincatis]
1427 2753 1495 2784 Hoc
1510 2753 1638 2785 debetur
1652 2754 1732 2786 Gro-

329 2789 438 2821 novius
453 2790 597 2821 emendat
613 2802 645 2821 er
657 2794 795 2822 oratione.
1051 2794 1150 2825 novio.
1196 2794 1298 2826 Antea
1312 2798 1384 2836 quod
1398 2798 1563 2828 vindicatis.

370 2831 411 2862 95
436 2833 520 2863 Dona
539 2833 671 2874 ferentes
694 2835 920 2876 deducebamus]
952 2835 1008 2865 Ul-
