1826 3149
327 97 374 133 70
726 124 729 127 -
851 97 994 136 ΤΙΤΙ
1045 99 1218 139 LIV11

112 206 288 240 U.C.581.
323 202 389 254 qui
417 216 504 242 sum
526 205 649 244 armis
681 204 895 256 lacessitus,
918 208 1040 261 quid⁰
1057 217 1184 262 potest
1212 213 1321 265 queri
1349 213 1422 253 sibi
1452 214 1649 265 accidisse,
1673 218 1739 271 qui

110 251 289 285 A.C.171.
323 273 464 300 caussa
492 261 583 301 belli
599 260 723 313 suit?
756 263 843 303 Non
870 278 957 304 sum
977 267 1112 306 eodem
1140 270 1257 309 modo
1277 269 1524 321 defensurus,
1549 274 1737 323 Romani,

322 318 429 371 quod
459 318 641 370 Dolopas
675 320 798 359 armis
832 323 1092 363 coercuerim:
1125 326 1229 379 quia,
1258 326 1293 353 ⁴³⁷
1306 330 1375 367 etsi
1405 344 1476 369 non
1508 331 1644 371 merito
1675 347 1733 372 eo-

320 387 418 423 rum,
429 372 525 428 jure
542 374 630 426 feci
648 390 734 415 meo
745 392 762 424 ;
793 391 911 430 quum
939 380 1015 419 mei
1044 383 1172 436 regni,
1194 398 1293 424 meae
1314 386 1474 427 ditionis
1495 395 1630 436 essent,
1652 403 1738 429 ves-

321 436 382 470 tro
404 432 558 472 decreto
585 433 694 486 patri
714 435 908 475 adtributi
937 451 1036 477 meo.
1099 439 1197 488 Nec,
1221 441 1255 480 si
1275 456 1418 484 caussa
1448 446 1651 485 reddenda
1673 447 1737 494 sit,

319 502 396 528 non
425 490 546 537 vobis,
569 504 640 529 nec
657 488 883 541 findet-atis,
905 495 974 533 sed
1003 494 1063 542 iis,
1088 497 1154 549 qui
1174 511 1222 537 ne
1240 499 1280 538 in
1303 513 1435 541 servos
1455 503 1610 555 quidem
1631 517 1738 544 sceva

318 552 440 599 atque
459 544 608 600 injusta
628 547 797 599 imperia
819 551 1004 602 probant,
1023 553 1111 604 plus
1132 568 1244 608 cequo
1264 562 1302 596 et
1322 558 1418 598 bono
1438 559 1593 600 saevisse
1612 560 1650 599 in
1673 575 1738 601 eos

317 603 442 643 videri
468 618 639 655 possum.
672 605 814 658 quippe
837 609 1156 660 Euphranorem,
1185 611 1415 665 praefectum
1445 630 1471 656 a
1501 631 1563 656 me
1591 617 1737 669 inposi—

320 665 414 708 tum,
436 660 493 700 ita
515 661 752 712 occiderunt,
775 670 816 704 ut
837 679 942 706 mors
958 680 1165 718 poenarum
1185 668 1268 723 ejus
1291 671 1482 713 levissima
1493 672 1641 725 fuerit.

376 717 533 757 XLII.
565 718 638 769 Ac,
660 734 780 771 quum
806 724 1081 774 processissem
1107 726 1200 766 inde
1220 729 1275 767 ad
1302 729 1488 771 visendas
1511 731 1734 781 Larissam,

318 780 354 813 et
384 776 577 824 Antrona,
601 783 639 815 et
657 776 882 832 δεῬμίἰεοη,
914 795 988 834 quo
1017 782 1055 821 in
1085 784 1303 838 propinquo
1333 787 1455 828 multo
1485 795 1576 828 ante
1602 790 1736 830 debita

317 837 408 871 vota
439 833 713 883 persolverem,
744 837 926 888 Delphos
958 839 1212 892 sacrificandi
1246 857 1386 884 caussa
1417 847 1616 886 adscendi.
1677 848 1738 887 Et

318 888 391 935 hic,
415 889 586 930 criminis
618 894 793 945 augendi
822 908 976 945 caussa,
1001 910 1086 937 cum
1112 900 1279 939 exercitu
1301 915 1362 940 me
1380 901 1511 953 fuisse
1531 903 1735 958 adjicitur.

316 945 485 995 Scilicet,
507 954 560 996 ut,
583 950 689 1001 quod
720 964 821 990 nunc
840 966 905 992 vos
922 952 1066 1004 facere
1092 969 1242 1008 queror,
1266 958 1378 998 urbes
1397 974 1641 1012 occuparem,
1666 975 1733 1002 ar-

316 1003 421 1043 cibus
450 1004 673 1056 inponerem
702 1008 905 1059 proesidia.
972 1011 1118 1052 Vocate
1146 1013 1186 1053 in
1216 1016 1422 1056 concilium
1446 1016 1613 1059 Groeciae
1643 1019 1734 1059 civi-

318 1066 435 1109 tates,
455 1075 527 1112 per
547 1077 646 1115 quas
666 1064 741 1104 iter
757 1064 846 1116 feci
860 1082 876 1114 ;
909 1075 1097 1120 queratur
1123 1073 1387 1125 unusquilibet
1416 1074 1550 1115 militis
1578 1077 1654 1116 mei
1673 1077 1734 1116 in-

303 1115 493 1171 juriam,·
524 1134 603 1159 non
633 1122 832 1171 recusabo,
865 1125 975 1177 quin,
1005 1125 1193 1167 simulato
1222 1129 1427 1181 sacrificio,
1454 1132 1568 1173 aliud
1596 1134 1736 1185 petisse

316 1175 466 1215 videar.
526 1176 679 1218 AEtolis
699 1185 737 1218 et
758 1180 970 1234 Byzantiis
999 1185 1184 1234 prcesidia
1206 1187 1390 1237 misimus,
1415 1195 1451 1228 et
1471 1204 1554 1230 cum
1581 1191 1735 1231 Boeotz's

315 1232 726 1284 amicitiamjecimus.
789 1238 904 1287 Haec,
922 1240 1225 1296 qualiacumque
1243 1251 1348 1293 sunt,
1369 1260 1438 1298 per
1459 1247 1613 1300 legatos
1629 1263 1735 1289 meos
1824 1293 1826 1307 .

314 1304 389 1329 non
408 1289 535 1330 solum
557 1292 748 1344 indicata,
766 1296 836 1334 sed
858 1297 979 1336 etiam
997 1306 1184 1340 eoecusata
1199 1307 1288 1341 sunt
1306 1316 1408 1355 scepe
1429 1304 1469 1344 in
1490 1313 1627 1345 senatu
1648 1320 1733 1347 ves-
1824 1309 1826 1361 ᾗ

315 1352 396 1386 tro.-
428 1347 494 1386 ubi
514 1349 671 1402 aliquos
692 1365 767 1405 ego
788 1352 1084 1406 disceptatores,
1100 1371 1176 1397 non
1199 1364 1280 1398 tam
1302 1374 1445 1413 (equos,
1469 1376 1588 1414 quam
1610 1370 1659 1413 te,
1682 1364 1731 1411 Q.

316 1403 465 1453 Marci,
483 1412 697 1457 paternum
718 1409 888 1449 amicum
910 1418 947 1451 et
969 1412 1169 1465 hospitem,
1193 1416 1413 1458 habebams
1464 1420 1542 1460 Sed
1561 1423 1732 1461 nondum

314 1460 491 1501 Romam
521 1471 725 1505 accusator
754 1466 949 1508 Eumenes
978 1478 1161 1519 venerat;
1192 1474 1259 1526 qui
1290 1474 1570 1517 calumniando
1600 1480 1731 1519 omnia

312 1519 652 1575 detorquendoque
682 1517 865 1575 suspecta
887 1532 922 1565 et
948 1526 1075 1567 invisa
1098 1527 1279 1582 efficeret,
1303 1538 1340 1572 et
1369 1536 1605 1584 persuadere
1625 1536 1733 1576 vobis

311 1583 526 1625 conaretur,
550 1592 628 1618 non
656 1594 770 1630 posse
804 1581 1001 1623 Graeciam
1032 1585 1072 1624 in
1106 1586 1285 1627 libertate
1311 1604 1403 1638 esse,
1427 1597 1465 1630 et
1496 1599 1624 1633 vestro
1645 1608 1730 1634 mu-

310 1647 401 1672 nere
406 1631 515 1684 frui,
538 1637 671 1688 quoad
692 1651 860 1691 regnum
881 1639 1134 1682 Macedonia>
1154 1644 1345 1685 incolume
1365 1654 1476 1687 esset.
1524 1650 1730 1691 Circuma-

307 1696 426 1739 ἕξεται·
448 1690 510 1731 hic
530 1693 652 1733 orbis:
686 1696 758 1733 erit
781 1708 887 1744 moos,
911 1698 978 1751 qui
998 1707 1163 1753 arguat,
1185 1716 1234 1741 ne
1253 1704 1470 1757 quidquam
1494 1708 1729 1749 Antiochum

309 1745 343 1770 ⁵⁹
357 1747 465 1787 ultra
484 1746 596 1803 juga
635 1750 759 1791 Tauri
787 1756 1004 1795 remotum:
1043 1758 1272 1810 graviorem
1303 1761 1424 1801 multo
1460 1763 1579 1813 Asiae,
1609 1780 1730 1819 quam

310 1803 524 1846 Antiochus
536 1807 684 1860 fuerit,
708 1810 927 1850 Eumenem
958 1827 1064 1853 esse:
1097 1830 1167 1856 nec
1197 1819 1465 1871 conquiescere
1494 1823 1618 1862 socios
1644 1838 1728 1864 ves-

313 1867 390 1901 tros
415 1876 538 1914 posse,
562 1867 693 1917 quoad
722 1868 832 1922 regia
856 1870 1052 1924 Pergami
1071 1873 1134 1912 sit.
1166 1887 1255 1914 eam
1286 1889 1415 1916 arcem
1445 1891 1566 1929 supra
1597 1881 1728 1933 capita

298 1918 571 1968 finitimarum
607 1923 824 1964 civitatium
855 1926 1075 1978 inpositam.
1136 1932 1232 1985 Ego
1263 1932 1357 1982 hoec,
1385 1933 1434 1982 Q.
1458 1935 1596 1976 Marci
1617 1946 1653 1978 et
1677 1940 1727 1979 A.

310 1975 426 2024 Atili,
449 1991 536 2030 quoe
566 1986 632 2019 aut
664 1994 687 2019 a
718 1982 824 2022 vobis
852 1983 1016 2037 objecta,
1040 1993 1109 2026 aut
1141 1996 1316 2043 purgata
1348 2005 1373 2031 a
1405 2006 1464 2031 me
1494 2000 1599 2043 sunt,
1628 1996 1728 2035 talia

310 2046 392 2072 esse
412 2034 508 2083 scio,
530 2042 573 2075 ut
595 2050 720 2087 aures,
741 2046 784 2080 ut
805 2041 929 2081 animi
958 2044 1203 2085 audientium
1223 2048 1301 2087 sint
1316 2066 1328 2087 .·
1361 2063 1428 2088 nec
1456 2056 1538 2090 tam
1567 2051 1725 2104 referre,

309 2090 405 2142 quid
425 2106 514 2145 egO,
538 2100 607 2133 aut
627 2109 709 2148 qua
730 2104 858 2137 mente
866 2097 1048 2152 fecerim,
1072 2116 1192 2155 quam
1214 2107 1406 2158 quomodo
1427 2107 1469 2147 id
1493 2107 1726 2160 vosfactziriz

309 2148 539 2199 accipiatis.
603 2152 792 2194 Conscius
822 2157 922 2196 mihi
949 2172 1046 2207 sum,
1069 2160 1176 2200 nihil
1205 2176 1262 2202 me
1280 2164 1464 2204 scientem
1487 2166 1726 2220 deliquisse.-

307 2210 358 2252 et,
381 2206 418 2244 si
438 2207 537 2258 quid
542 2207 717 2259 fecerim
741 2212 1005 2264 inprudentia
1035 2217 1184 2269 lapsus,
1208 2221 1362 2273 corrigi
1382 2235 1440 2260 nze
1460 2228 1498 2262 et
1519 2226 1727 2266 emendari

305 2263 574 2315 castigatione
593 2267 668 2305 hac
689 2281 814 2319 posse.
876 2270 1001 2312 Nihil
1021 2281 1126 2314 certe
1147 2276 1387 2325 insanabile,
1411 2293 1481 2319 nec
1500 2282 1606 2333 quod
1625 2282 1726 2322 bello

305 2324 344 2358 et
378 2321 503 2360 armis
530 2327 845 2376 persequendum
876 2342 957 2368 esse
985 2333 1191 2381 censeatis,
1222 2336 1398 2375 commisi
1411 2353 1423 2373 .·
1456 2343 1529 2376 at¹³
1551 2337 1723 2391 flustra

304 2375 523 2416 clementioe
538 2382 840 2435 gravitatisque
861 2388 1132 2441 vestroefama
1154 2391 1319 2444 vulgata
1341 2406 1421 2444 per
1435 2401 1576 2447 gentes
1596 2402 1665 2445 est,
1688 2399 1724 2437 si

701 2473 716 2488 ⁰
730 2472 780 2510 qui
797 2471 892 2502 Gron.
910 2473 1003 2505 Crev.
1134 2485 1148 2504 Ρ
1163 2484 1216 2508 ant
1232 2479 1321 2509 Eaed.

345 2548 384 2579 37
397 2550 414 2568 ³*
430 2549 491 2580 Etsi
511 2563 567 2581 nnn.
589 2555 689 2584 merito
711 2558 824 2598 eor-zon]
858 2559 989 2591 Etiamsi
1034 2562 1146 2603 Itaque
1167 2569 1251 2594 certa
1273 2570 1393 2596 constat
1415 2565 1487 2596 huic
1509 2568 1717 2600 emendationi

301 2592 503 2623 concederem
526 2595 594 2626 illos
616 2606 677 2626 non
700 2599 846 2630 meruisse
866 2611 904 2632 ea
919 2614 988 2643 quae
1033 2605 1209 2636 auctoritas-

301 2634 383 2675 passi
399 2641 480 2667 sunt.
1075 2649 1116 2679 39
1155 2649 1244 2679 Ultra
1283 2652 1365 2691 juga
1418 2652 1510 2682 Tauri
1560 2656 1715 2696 remotum]

343 2678 383 2707 38
409 2677 547 2720 Pylleon]
573 2680 663 2721 Legit
685 2682 846 2714 Turnebus
868 2686 989 2718 Pteleon
1032 2690 1137 2731 Magis
1168 2690 1332 2723 Livianuni
1366 2695 1441 2725 foret
1470 2702 1603 2733 emotum,
1634 2698 1716 2739 quod

300 2728 337 2748 ex
361 2720 488 2751 Homeri
513 2723 676 2764 Catalogo,
692 2726 862 2767 Ἀγχιάλη
879 2730 986 2760 τ”Ἀν-
1031 2735 1190 2765 annotavit
1220 2736 1393 2767 Gronovius
1424 2738 1463 2768 ad
1488 2749 1515 2768 c.
1543 2741 1595 2770 50.
1627 2740 1718 2781 hujus

300 2773 405 2802 τξωνα,
422 2762 459 2794 ἰδὲ
478 2766 607 2797 Πτελεὸν
623 2769 790 2808 λεχεποίην.
816 2771 899 2801 Infra
910 2783 985 2813 quo·
1030 2775 1108 2806 libri.
1156 2778 1230 2810 Vid.
1252 2790 1343 2819 snpra
1366 2779 1385 2809 l.
1412 2782 1583 2812 XXXVII.
1612 2794 1638 2813 c.
1664 2785 1716 2814 53.

300 2813 372 2842 que,
386 2816 412 2834 c.
432 2808 483 2837 67.
507 2809 598 2849 hujus
620 2810 701 2846 libri,
718 2811 838 2843 Antron
861 2819 892 2844 et
913 2815 985 2845 Pte·
1030 2823 1060 2847 et
1083 2819 1105 2849 Ι.
1124 2821 1316 2852 XXXVIII.
1333 2833 1359 2852 c.
1376 2824 1428 2855 53.
1453 2829 1482 2854 et
1506 2825 1624 2866 aliquot
1647 2826 1716 2856 aliis

300 2845 369 2876 leon
407 2853 439 2877 ut
476 2850 586 2882 vicinae
624 2854 714 2885 urbes
749 2856 983 2897 conjunguntur.
1030 2860 1060 2890 in
1076 2861 1160 2893 locis.
1629 2885 1635 2888 ·
