1805 3174
510 51 896 90 HISTORIARUM
932 51 1136 90 LIBROS.

146 162 219 192 solis
235 165 370 201 quatuor
383 163 541 201 equitibus
556 162 693 199 aufugit,
717 161 788 189 ibid.

145 206 244 235 insilit
260 207 292 235 iu
307 207 447 243 fluvium,
465 207 546 235 unde
568 215 639 234 cum
667 204 787 234 duobus

145 250 289 288 emergit,
324 250 395 280 ilid.
428 250 458 278 in
489 249 613 279 occulta
642 249 789 287 spelunca

144 293 259 322 vulnus
286 296 383 326 curat,
406 292 476 321 ibid.
505 292 616 329 repetit
646 301 787 330 regnum,

145 336 219 365 ibid.
259 336 382 376 Syphax
428 336 459 364 in
496 345 567 364 eum
613 335 788 365 contendit.

143 388 277 417 eumque
322 379 433 416 vincit,
472 382 522 407 33.
559 388 629 407 cum
669 378 789 407 modica

145 432 239 451 manu
258 423 424 451 Masinissa
439 422 476 450 ad
493 421 669 460 Scipionem
687 421 787 457 venit,

145 466 221 496 ibid.
236 467 426 495 Hannonem
440 465 476 494 ad
487 474 624 503 pugnam
636 465 787 501 eli‹·it‚34.

187 509 334 548 Syphacis
368 512 469 538 castra
499 509 648 542 incendit,
679 513 732 541 30,
758 512 787 536 5.

144 554 312 583 Masinissa
354 561 484 591 regnum
529 556 703 590 recuperat,
741 554 788 578 11.

144 595 385 636 Sophonisbam,
408 595 557 633 Syphacis
576 604 716 631 uxorem,
732 595 789 623 du-

143 640 197 673 cit,
225 643 271 668 12.
296 638 336 668 ob
372 638 578 676 Sophonisbae
617 638 743 677 nuptias
771 646 789 665 a

144 683 290 722 Scipione
333 682 582 720 reprehenditur,
630 686 678 711 14.
723 681 789 718 ejus

143 726 295 761 anxietas,
316 729 363 754 15.
388 734 540 754 vencnum
566 725 598 754 iu
621 725 734 763 poculo
752 724 787 753 ad

143 769 370 808 Sophonisbam
395 769 508 804 mittit,
528 768 601 798 ibid.
635 768 788 807 amplissi-

143 814 202 843 mis
232 812 322 841 donis
356 820 374 840 a
406 813 440 842 Ρ.
474 812 619 850 Scipione
642 813 790 845 donatur,

144 856 220 886 ibid.
241 856 308 893 ejus
333 853 427 893 legati
452 855 483 884 in
507 859 650 884 senatum
678 856 791 884 Roma-

144 909 220 929 num
266 898 450 931 introducti,
499 902 547 927 17.
594 898 790 927 Masinissam

146 943 245 977 Cirta,
289 942 415 980 oppido,
453 942 632 980 caeterisque
670 941 791 980 oppidis

145 986 287 1024 agrisque
317 985 354 1013 ad
376 994 505 1022 regnum
536 990 699 1023 paternum
739 985 791 1013 ad-

141 1029 245 1067 jectis,
263 1029 362 1057 donat
378 1028 494 1066 Scipio,
512 1033 563 1057 44.

188 1073 216 1102 ei
246 1072 447 1110 gratulantur
481 1071 630 1108 Romani,
655 1074 686 1100 et
709 1071 792 1099 dona

146 1116 293 1151 mittunt,
330 1118 385 1150 31,
426 1118 474 1143 11.
513 1115 617 1144 mittit
641 1114 790 1143 Romanis

145 1159 270 1190 auxilia.
292 1161 340 1188 19.
364 1162 393 1187 et
409 1162 464 1194 32,
484 1162 534 1189 27.

187 1201 378 1240 populantur
411 1210 518 1239 agrum
551 1200 790 1239 Carthaginien-

144 1245 237 1279 sium,
273 1248 304 1273 et
336 1245 483 1282 quasdam
506 1244 598 1273 urbes
624 1243 791 1282 vectigales

144 1297 250 1318 eorum
281 1287 339 1317 sibi
363 1288 449 1328 cogit
479 1287 673 1327 stipendium
714 1295 789 1324 pen-

143 1332 226 1368 dere,
241 1336 295 1365 34,
313 1333 366 1361 62.

186 1375 306 1413 legatos
322 1375 453 1403 Romam
466 1373 578 1407 mittit,
592 1375 646 1407 36,
658 1378 686 1402 4.
700 1373 792 1411 polli-

143 1421 232 1448 cetur
246 1418 437 1447 frumentum
452 1420 483 1446 et
497 1417 658 1451 hordeum,
673 1416 747 1446 ibid.
764 1420 794 1445 et

145 1466 200 1499 43,
214 1466 242 1490 8.

187 1504 254 1542 ejus
293 1513 362 1533 cum
396 1502 709 1541 Carthaginiensibus
755 1503 791 1531 de

145 1556 235 1587 agro,
261 1557 352 1586 quem
379 1547 440 1576 illis
465 1547 632 1580 ademerat,
661 1549 790 1575 conten-

145 1592 263 1627 tiones,
281 1595 335 1627 40,
355 1594 404 1622 17,
420 1590 484 1619 vid.
499 1593 529 1618 ct
544 1594 596 1619 34.

187 1635 225 1663 de
237 1643 273 1664 eo
288 1634 382 1673 legati
400 1632 706 1670 Carthaginiensium
718 1642 791 1670 que-

147 1681 261 1706 runtur
290 1678 322 1706 iu
359 1680 482 1709 senatu,
518 1680 571 1708 42,
605 1680 655 1704 23.
691 1676 792 1705 mittit

145 1720 243 1750 filium
273 1729 363 1749 suum
380 1721 525 1756 Romam,
541 1721 593 1757 qui
610 1720 720 1758 legatis
744 1729 790 1748 re-

145 1763 286 1803 spondit,
301 1763 375 1793 ibid.
391 1763 506 1792 auxilia
520 1772 589 1792 cum
605 1763 793 1802 elephantis,

145 1807 400 1845 Misagenemque
417 1806 514 1835 filium
531 1806 654 1835 mittere
682 1807 792 1836 Roma-

146 1850 195 1880 nis
212 1851 249 1879 ad
260 1850 374 1880 bellum
385 1849 540 1879 Persicum
552 1853 653 1889 parat,
664 1854 714 1880 29.
728 1850 789 1879 vId.

146 1898 199 1923 35.
215 1898 245 1923 et
261 1897 314 1930 45,
334 1897 382 1922 13.

102 1932 260 1966 Massicus
278 1945 381 1970 mons,
397 1940 450 1972 22,
467 1939 515 1964 14.

104 1980 258 2017 Massilia,
275 1983 329 2013 21,
348 1981 398 2008 26.
416 1983 472 2015 40,
499 1982 547 2008 18.
571 1978 653 2007 inter
684 1979 790 2008 Gallos

145 2023 219 2059 sita,
233 2023 329 2052 traxit
344 2022 538 2060 aliquantum
549 2021 587 2051 ab
600 2023 712 2052 accolis
726 2023 792 2052 ani-

144 2075 279 2103 morum,
296 2069 349 2100 38,
366 2069 414 2096 17.

104 2108 328 2141 Massilienses,
345 2117 364 2138 a
380 2109 511 2138 Phocaea
526 2108 668 2146 profecti,
687 2112 718 2144 5,
738 2112 790 2138 34.

146 2153 222 2182 socii
237 2153 462 2185 Romanorum,
481 2155 534 2188 21,
551 2155 602 2180 20.
618 2156 647 2180 et
664 2154 792 2182 26.mo-

147 2205 206 2229 res,
223 2199 254 2224 et
274 2195 368 2232 leges,
390 2198 422 2224 et
450 2194 609 2230 ingenium
637 2195 791 2225 sincerum

146 2239 365 2277 integrumque
382 2248 400 2267 a
415 2239 603 2277 contagione
619 2238 791 2268 accolarum

147 2285 321 2318 servarunt,
333 2285 388 2318 37,
401 2285 453 2310 54.

104 2326 255 2362 Massiva,
268 2324 417 2361 Numida,
430 2333 506 2363 puer
520 2323 619 2352 forma
632 2324 747 2364 insigni
762 2329 794 2356 et

147 2369 223 2408 regii
243 2369 376 2407 generis,
397 2368 520 2406 capitur
543 2366 576 2395 in
592 2368 713 2404 proelio,
739 2374 792 2406 27,

151 2416 198 2444 19.
215 2411 386 2441 dimittitur
402 2411 573 2449 aScipione
588 2411 626 2439 ad
644 2411 792 2441 Masinis-

148 2464 213 2484 sam
226 2455 414 2484 avunculum
431 2463 501 2483 cum
518 2453 622 2490 donis,
639 2453 711 2483 ibid.
730 2456 793 2485 vid.

148 2502 179 2527 et
200 2502 254 2535 28,
270 2502 326 2527 35.

106 2540 248 2579 Massyli,
264 2540 421 2570 Numidiae
434 2540 530 2569 altera
541 2548 624 2578 pam,
637 2540 726 2578 cujus
742 2550 795 2570 rex

148 2583 238 2620 Gala,
258 2587 311 2620 24,
327 2587 379 2614 48.
396 2593 525 2622 regnum
542 2586 705 2621 paternum
724 2586 793 2614 Ma-

148 2626 279 2661 sinissae,
291 2631 346 2664 30,
367 2630 414 2657 11.
429 2627 491 2656 vid.
508 2626 687 2657 Masinissa.

108 2669 254 2704 Mataris,
269 2671 322 2699 teli
338 2671 451 2699 Gallici
467 2679 579 2709 genus,
594 2674 626 2706 7,
642 2674 693 2699 24.

107 2712 210 2742 Mater
224 2712 327 2742 Deum
344 2713 421 2752 lapis
437 2713 562 2752 quidam
577 2722 660 2742 sacer
676 2714 708 2743 in
720 2714 794 2743 urbe

149 2756 290 2795 Phrygiae
305 2757 503 2794 Pessinunte,
518 2760 572 2794 29,
593 2760 641 2786 ll.
659 2766 720 2795 quo
737 2758 794 2787 ho-

1449 62 1524 97 365

875 170 948 191 nore
964 171 982 191 a
1009 162 1160 192 Romanis
1177 168 1315 203 accepta,
1336 171 1382 196 14.
1401 168 1465 198 ludi
1492 169 1524 198 in

874 206 939 243 ejus
957 206 1118 239 honorem,
1136 217 1153 235 v
1169 207 1198 234 d.
1219 209 1401 245 Megalesia.

835 249 945 278 Matris
960 259 1081 288 magnae
1099 251 1177 278 aedes
1195 251 1225 279 in
1245 252 1366 281 Palatio
1384 254 1524 285 facienda

877 293 1009 327 locatur,
1029 297 1082 329 29,
1097 298 1149 324 37.
1164 294 1338 331 dedicatur,
1354 299 1409 329 36,
1429 302 1481 328 36,

835 335 948 364 Matris
966 337 1098 365 Matutae
1115 337 1206 373 atde&
1232 341 1263 374 5,
1284 342 1331 368 19.
1349 343 1404 373 41,
1420 345 1474 369 355.
1494 342 1524 370 in

875 380 1034 408 catabula
1060 389 1078 408 a
1102 381 1256 417 Graccho,
1284 382 1426 411 Sardinia
1454 385 1525 412 sub-

875 426 956 458 acta,
983 423 1097 461 posita,
1128 424 1198 452 itia.
1227 425 1293 461 ejus
1312 426 1390 454 aedes
1409 427 1440 454 in
1459 428 1526 455 foro

875 465 1001 501 Boario,
1017 472 1070 502 33,
1088 471 1138 497 27.
1153 467 1214 496 vid.
1231 468 1310 496 aedes
1324 469 1436 498 Matris
1458 471 1526 499 Ma-

875 512 966 543 tutae,
985 514 1013 537 et
1027 511 1158 538 Matutae
1176 511 1295 540 matris.

832 549 943 580 Matris
963 553 1095 581 Mututae
1111 553 1190 581 oedes
1207 553 1330 591 Satrici,
1351 559 1404 592 28,
1424 560 1472 586 11.
1489 557 1525 586 de

875 595 955 623 coelo
972 596 1122 631 tangitur,
1137 597 1211 626 ibid.

833 638 950 667 Matres
966 639 1044 671 duae,
1068 639 1196 676 receptis
1214 644 1325 678 praeter
1338 650 1424 679 spem
1441 643 1526 681 filiis,

874 682 987 720 gaudio
1004 683 1234 719 exanimantur,
1253 688 1308 720 22,
1325 689 1355 715 7.

834 725 999 759 Materina,
1013 725 1104 764 plaga
1121 726 1152 754 in
1170 727 1308 764 Umbris,
1326 732 1359 764 9,
1377 731 1429 757 41.

835 769 870 798 C.
888 769 1060 805 Matienus,
1088 773 1209 798 creatur
1235 771 1379 800 duumvir
1395 772 1527 807 navalis,

878 816 931 845 40,
954 814 1003 839 26.
1032 813 1212 850 praedonum
1231 814 1380 851 Ligurum
1399 815 1475 844 duas
1491 824 1527 843 ac

878 855 1008 890 triginta
1024 865 1116 884 naves
1134 857 1229 895 capit,
1249 862 1299 886 28.

836 900 880 928 Μ.
900 898 1074 936 Matienus,
1098 904 1223 937 praetor,
1246 904 1301 936 41,
1325 905 1377 930 33.
1395 901 1528 930 sortitur

880 941 1066 979 Hispaniam
1085 943 1276 980 ulteriorem,
1288 948 1341 977 42,
1361 948 1385 972 1.
1400 945 1438 972 ab
1451 945 1526 973 His-

878 985 967 1022 panis
998 985 1197 1015 ulterioribus
1225 987 1262 1015 ad
1295 990 1525 1026 recuperatores

877 1028 1043 1064 adductus,
1076 1030 1318 1068 ampliatusque,
1351 1040 1446 1068 quum
1479 1032 1524 1059 di-

877 1071 974 1099 cenda
989 1072 1025 1100 de
1038 1072 1160 1110 integro
1174 1082 1283 1102 caussa
1308 1078 1402 1110 esset,
1419 1074 1450 1102 in
1475 1084 1526 1103 ex·

877 1114 980 1143 silium
997 1115 1062 1143 abit
1080 1115 1190 1149 Tibur,
1209 1120 1261 1149 43,
1281 1120 1309 1144 2.

835 1157 867 1185 P.
887 1157 1060 1191 Matienus,
1074 1158 1219 1188 tribunus
1237 1159 1385 1192 militum,
1397 1163 1451 1194 29,
1463 1163 1491 1188 (ἰ.
1510 1170 1527 1189 a

878 1201 1043 1233 Pleminio,
1059 1202 1151 1240 virgis
1168 1212 1276 1236 caesus,
1294 1202 1527 1235 interficitur,9.

836 1244 992 1273 Matronae
1009 1254 1062 1282 per
1075 1254 1192 1274 aunum
1206 1246 1315 1284 lugent
1332 1246 1480 1283 Brutum,
1495 1251 1528 1283 2,

880 1291 909 1317 7.
925 1291 956 1316 et
972 1287 1131 1317 Valerium
1144 1289 1347 1323 Publicolam,
1369 1292 1416 1319 16.

857 1346 901 1353 —
915 1340 1023 1360 aurum
1041 1336 1072 1360 et
1088 1333 1194 1361 omnia
1208 1336 1394 1361 ornamenta
1408 1333 1438 1361 in
1451 1342 1527 1361 :era-

878 1374 957 1403 rium
974 1376 1154 1412 conferunt,
1174 1380 1205 1412 5,
1223 1380 1273 1405 25.
1290 1376 1329 1405 ob
1345 1385 1411 1405 eam
1423 1377 1528 1404 muni-

877 1417 1035 1446 ficentiam
1048 1419 1085 1447 iis
1099 1419 1200 1447 honor
1214 1419 1352 1456 habitus,
1363 1423 1398 1448 ut
1407 1419 1526 1458 pilento

878 1461 914 1489 ad
954 1469 1039 1489 sacra
1077 1462 1239 1500 ludosque,
1264 1463 1419 1501 carpentis
1445 1463 1526 1492 festo

877 1505 1077 1542 profestoque
1105 1509 1281 1542 uterentur,
1313 1506 1384 1534 ibid.
1416 1515 1525 1534 aurum

877 1547 952 1576 item
979 1548 1159 1585 conferunt,
1186 1549 1222 1578 ad
1247 1558 1399 1578 summam
1428 1553 1527 1587 pactae

877 1591 1023 1619 mercedis
1034 1591 1129 1620 Gallis
1141 1592 1377 1626 conficiendam,
1390 1597 1440 1621 50.
1454 1593 1527 1621 hinc

878 1634 1066 1670 decernitur,
1085 1639 1120 1664 ut
1136 1645 1254 1672 earum,
1279 1637 1360 1665 sicut
1375 1636 1527 1672 virorum,

879 1677 1042 1706 sollemnes
1065 1682 1136 1716 post
1167 1683 1299 1708 mortem
1328 1679 1524 1708 laudationes

877 1723 993 1755 essent,
1005 1721 1077 1750 ibid.
1093 1722 1130 1751 iis
1146 1731 1201 1761 pro
1215 1731 1290 1762 auro
1307 1723 1440 1761 pretium
1458 1732 1526 1761 per-

877 1763 1022 1798 solvitur,
1036 1765 1068 1799 6,
1085 1768 1117 1794 4.

836 1809 993 1837 Matronae
1020 1808 1163 1836 veneficae
1181 1809 1217 1837 a‘l
1244 1813 1370 1837 centum
1398 1813 1524 1848 septua-

877 1850 967 1889 ginta
982 1850 1146 1885 damnatae,
1175 1856 1206 1887 8,
1237 1855 1285 1881 18.
1316 1853 1415 1889 stupri
1440 1853 1526 1881 dam-

878 1897 971 1927 natae,
983 1895 1115 1932 pecunia
1136 1895 1344 1931 mulctantur,
1362 1899 1411 1931 10,
1425 1900 1478 1925 31.
1494 1897 1527 1925 in

878 1937 1021 1966 exsilium
1038 1941 1186 1974 aguntur,
1202 1942 1254 1974 25,
1269 1943 1298 1966 2.

855 1998 898 2005 —
913 1980 1057 2010 dedicant
1072 1982 1192 2010 Junoni
1209 1982 1333 2019 signum
1358 1990 1478 2010 aeneum
1493 1982 1526 2011 in

877 2024 1050 2061 Aventino,
1078 2029 1133 2058 21,
1160 2027 1212 2054 62.
1234 2025 1308 2054 item
1338 2025 1450 2063 pelvim
1468 2034 1523 2054 au·

877 2076 974 2102 ream,
991 2072 1045 2104 27,
1057 2072 1108 2099 37.
1123 2077 1176 2105 per
1185 2068 1291 2097 omnia
1303 2069 1430 2097 delubra
1440 2077 1525 2104 vagae

877 2110 1038 2149 suppliciis
1055 2111 1198 2149 votisque
1212 2111 1344 2146 fatigant
1362 2112 1459 2148 Deos,
1474 2116 1524 2140 50.

854 2170 897 2175 —-
912 2163 983 2183 cum
1000 2154 1145 2192 Scipione
1171 2154 1294 2184 obviam
1317 2158 1395 2184 eunt
1420 2154 1526 2185 Deum

878 2197 987 2233 Matri,
1007 2201 1060 2233 29,
1077 2201 1124 2226 14.

833 2242 870 2270 de
886 2241 1102 2269 Mati-onerum
1120 2238 1207 2269 cultu
1224 2241 1272 2270 lex
1288 2241 1404 2279 Oppia,
1421 2245 1475 2277 34,
1497 2245 1524 2272 1.

877 2287 988 2313 contra
1012 2292 1117 2313 earum
1137 2284 1244 2314 luxum
1270 2284 1370 2313 oratio
1396 2284 1527 2313 Catonis

876 2327 1027 2363 consulis,
1043 2331 1097 2362 34,
1112 2331 1140 2355 2.
1154 2327 1189 2356 L.
1199 2327 1341 2356 Valerius
1357 2335 1408 2356 eas
1418 2327 1524 2356 defen-

877 2369 934 2404 dit,
951 2374 981 2399 5.

836 2413 997 2442 Matronas
1015 2412 1160 2451 patricias
1176 2413 1259 2442 inter
1268 2416 1299 2442 et
1315 2412 1452 2452 plebeias
1462 2422 1525 2442 cer-

880 2460 998 2492 tamen,
1019 2460 1069 2490 10,
1083 2460 1135 2485 23.
1147 2457 1208 2486 vid.
1227 2456 1382 2486 Mulieres.

836 2500 970 2529 Matutae
985 2499 1097 2528 Matris
1111 2500 1190 2528 aedes
1206 2500 1290 2529 intra
1306 2503 1427 2538 portam
1453 2499 1527 2527 Car-

877 2543 1046 2572 mentalem
1070 2543 1198 2580 refecta‚
1222 2547 1277 2580 25,
1295 2547 1324 2573 7.
1339 2542 1400 2571 vid.
1412 2541 1524 2570 Matris

878 2587 1023 2616 Matutae.

835 2629 951 2666 Mauri,
967 2633 1020 2666 21,
1037 2633 1088 2657 22.
1103 2633 1157 2666 28,
1176 2633 1223 2660 17.

830 2673 1012 2702 Maurorum
1036 2682 1101 2708 rex,
1123 2673 1270 2702 Bocchar.
1290 2670 1350 2700 vid.
1375 2669 1529 2700 Bocchar.

888 2715 956 2745 I'id.
973 2721 1002 2745 et
1018 2715 1104 2753 Epit.
1125 2717 1181 2746 66.

834 2759 1005 2796 Maurusii,
1021 2762 1076 2794 24,
1093 2761 1144 2788 49.
