1805 3174
558 71 598 117 P
613 70 930 118 RJEFATI
947 72 1013 118 O.
1371 72 1505 119 lxxix

60 207 214 263 nitati,
242 209 342 255 duo
381 208 504 255 Livii
537 210 869 273 exemplaria:
917 225 1125 273 quorum
1164 208 1507 266 Sorbonicum,

60 286 195 347 quod
224 285 404 348 primos
431 286 603 333 decem
630 287 781 334 libros
809 286 1171 349 complectitur,
1196 286 1286 333 etsi
1312 303 1412 334 non
1440 306 1508 335 re-

62 370 207 409 motae
232 362 489 410 vetustatis
524 370 613 419 est,
640 382 700 411 ex
727 364 925 428 optimis
958 372 1091 411 certe
1117 365 1418 427 exscriptum
1445 367 1512 412 vi-

61 438 231 486 detur:
270 439 339 486 ita
363 439 572 486 fideliter
607 448 741 488 tenet
777 441 1083 504 plerumque,
1110 441 1192 487 ubi
1229 441 1434 489 codices
1463 442 1512 488 in

61 515 257 563 diversa
288 516 488 572 abeunt,
515 517 672 564 bonas
698 534 940 581 verasque
965 518 1224 565 lectiones.
1298 518 1511 567 Victori-

58 609 178 640 num
204 600 329 641 totas
356 600 455 642 tres
481 595 703 642 decadas
741 595 905 650 habet,
933 602 1109 658 praeter
1134 594 1434 642 XXXIlI¹¹¹¹¹
1461 597 1515 643 li-

59 670 217 726 brum,
244 677 292 718 et
328 671 478 718 finem
514 670 639 728 XI),
667 671 848 735 quibus
882 678 931 718 et
957 672 1225 719 veterrimae
1263 671 1387 719 Livii
1414 674 1514 720 edi-

59 749 219 797 tiones
255 749 602 804 deststuuntur,
639 756 693 796 ut
730 765 878 811 supra
913 748 1309 796 observavimus:
1374 751 1510 797 novi·
1525 761 1719 810 cap-Um-

58 827 179 874 tium
204 844 341 883 sane,
363 833 411 874 et
436 826 616 874 assutis
637 843 767 889 saepe
793 826 855 873 ab
875 825 1051 873 audaci
1076 833 1159 872 aut
1184 825 1312 872 male
1337 807 1679 877 sedulaiii-ifgfni'

61 922 211 953 manu
241 903 536 953 centonibus
561 910 647 950 aut
673 903 1086 950 medicaminibus
1122 902 1512 959 interstinctum;

60 1000 161 1031 non
187 983 522 1046 spernendum
547 989 730 1038 tamen,
750 988 799 1029 et
823 982 958 1045 quod
989 981 1289 1044 quibusdam
1316 982 1365 1028 in
1391 981 1515 1028 locis

60 1061 221 1109 solum
241 1077 405 1108 veram
427 1060 552 1108 Livii
577 1060 869 1123 scripturam
896 1075 1126 1107 servasse
1145 1058 1386 1106 videatur.
1438 1059 1516 1106 Ita

62 1138 563 1199 certejudicavimuS,
584 1145 686 1184 tum
714 1137 844 1192 alibi,
870 1144 974 1182 tum
1002 1136 1034 1183 l.
1063 1134 1268 1184 XXIII.
1296 1152 1340 1183 c.
1363 1143 1442 1184 30.
1467 1143 1517 1185 et

62 1216 262 1264 XXIV.
290 1221 370 1263 25.

125 1294 462 1342 Adhibuimus
481 1310 684 1357 quoque
709 1292 771 1339 ad
801 1298 964 1339 textus
986 1291 1365 1353 castigationem
1387 1289 1513 1351 prin·
1528 1298 1612 1327 Tum
1631 1300 1727 1347 ‹xtiany

61 1371 197 1435 cipes
222 1370 443 1419 omnium
469 1369 784 1418 Livianarum
822 1367 1117 1427 editionum,
1142 1368 1203 1415 ab
1229 1368 1438 1415 Andrea
1463 1376 1511 1416 et
1527 1348 1645 1414 {geres
1667 1344 1731 1371 effl—

62 1449 323 1512 Campano
343 1453 557 1502 curatas,
581 1453 843 1508 utramque
863 1461 889 1491 e
909 1444 1154 1492 ditissimo
1173 1444 1320 1507 regiae
1337 1445 1513 1494 biblio-

61 1526 220 1574 thecae
246 1542 375 1589 penu
400 1524 545 1573 nobis
570 1525 632 1571 ab
656 1524 855 1583 eodem,
877 1523 1019 1583 cujus
1038 1523 1143 1584 jam
1169 1522 1447 1586 impensam
1466 1524 1515 1572 in

61 1621 173 1661 nos,
201 1604 303 1652 sive
329 1603 493 1668 potius
517 1603 567 1651 in
590 1602 778 1650 litteras
815 1601 1182 1665 promovendas
1207 1601 1512 1649 voluntatem

62 1681 392 1738 laudavimus,
419 1681 554 1730 Clar.
577 1680 786 1728 Sallerio
813 1679 1216 1727 commodatam:
1256 1685 1515 1742 utramque

65 1759 235 1806 utilem
273 1758 398 1806 Livii
420 1757 693 1821 interpreti.
767 1756 862 1804 Est
897 1764 1063 1803 tamen
1098 1756 1234 1803 unde
1266 1755 1515 1818 Campani

64 1836 214 1884 levior
229 1828 363 1900 apud
381 1852 475 1883 nos
492 1836 576 1882 fiat
593 1831 976 1896 auctoritas,qui
990 1847 1141 1896 quum
1160 1831 1350 1895 aliquot
1366 1831 1514 1880 Laur.

40 1914 223 1972 ,Vallae
261 1913 582 1974 conjecturas
619 1909 900 1958 adsciscere
934 1925 1041 1956 non
1079 1908 1393 1969 dubitaverit,
1430 1926 1516 1972 per

65 1992 196 2039 hunc
233 1990 423 2037 allitum
459 1989 626 2036 fucum
652 2003 767 2034 vero
802 2002 1004 2050 quoque
1037 1992 1085 2032 et
1109 1985 1324 2047 genuino
1361 1986 1516 2033 colori

66 2069 219 2116 fidem
243 2067 441 2115 demsit.

133 2146 232 2194 Sed
258 2153 306 2193 et
329 2146 450 2193 alias
467 2161 668 2209 quoque
691 2159 794 2191 non
811 2142 879 2190 ita
903 2142 1035 2188 fam-a
1052 2141 1347 2199 celebratas,
1369 2141 1516 2204 paulo

65 2223 361 2272 vetustiores
395 2229 564 2270 tamen
607 2220 849 2267 editiones
876 2218 1118 2281 inspicere
1158 2233 1258 2265 non
1295 2218 1517 2280 neglexi-

68 2318 207 2349 mus:
246 2318 337 2349 nec
364 2300 472 2348 sine
496 2299 661 2362 aliquo
687 2299 865 2345 fructu.
936 2295 1054 2343 Hoc
1080 2295 1210 2342 enim
1237 2312 1372 2358 saepe
1398 2311 1515 2342 con-

67 2378 212 2441 tingit
250 2395 339 2441 per
385 2393 553 2424 eorum
599 2368 838 2422 incuriam
884 2372 969 2436 qui
1014 2388 1195 2420 novam
1250 2373 1518 2433 cujuslibet

68 2456 323 2520 scriptoris
346 2455 612 2504 editionem
639 2451 1003 2516 procurandam
1030 2450 1317 2513 suscipiunt,
1337 2458 1389 2498 ut
1405 2468 1514 2514 quae

69 2535 223 2582 semel
258 2535 499 2598 irrepsere
546 2532 730 2579 menda
753 2545 1017 2592 xnunquam
1062 2528 1387 2582 eliminentur,
1425 2527 1515 2573 sed

71 2629 156 2676 per
180 2612 459 2674 complures
496 2610 733 2673 deinceps
755 2607 1018 2663 editione-S,
1043 2606 1186 2671 quasi
1212 2606 1378 2653 locum
1404 2619 1515 2650 eum

69 2706 220 2754 quem
244 2689 397 2737 semel
422 2689 689 2753 possedere
713 2704 805 2735 usu
828 2685 1064 2749 ceperint,
1085 2689 1322 2748 perpetuo
1347 2689 1517 2729 tenore

70 2774 433 2831 propagentur:
474 2766 593 2830 quin
616 2773 664 2814 et
689 2771 877 2814 veteres
910 2762 1118 2811 maculae
1142 2760 1285 2808 novis
1321 2761 1520 2821 insuper
