1831 3174
440 82 556 121 ΜΒ,
587 79 694 117 xL1.
738 75 871 114 cAP.
903 71 1076 109 xxvn.
1420 73 1470 113 29

48 196 150 238 bula
180 209 310 236 uxore
341 207 496 234 veneno
525 197 587 230 est
617 186 831 228 sublatus:
863 182 897 207 ²⁵
913 182 1193 235 damnataque
1217 194 1266 219 eo
1286 178 1470 227 crimine,
1485 191 1527 223 U.
1540 190 1579 221 C.
1592 189 1667 220 578.

51 254 92 294 in
123 252 312 294 exsilium
344 248 457 291 abiit.
521 246 639 287 Idem
676 244 794 284 furor
823 249 864 282 et
897 241 1114 281 Cretenses
1148 235 1366 277 lacerabat.
1403 235 1473 275 ad-
1486 236 1526 265 A
1540 235 1578 264 (J,
1594 233 1667 280 ¹7⁴·
1724 234 1731 239 ”

52 318 180 351 ventu
217 307 364 350 deinde
401 306 449 356 Q.
484 301 661 344 Minucii
705 299 844 355 legati,
876 296 949 353 qui
990 310 1085 337 cum
1122 293 1263 334 decem
1300 290 1475 333 navibus
1487 279 1683 350 ἓίἱξξὲῗζωω

54 367 202 408 missus
223 366 275 406 ad
306 362 487 404 sedanda
514 374 657 401 eorum
688 355 913 398 certamina
933 361 1036 403 erat,
1058 351 1099 392 in
1131 365 1245 406 spem
1276 348 1388 404 pacis
1409 364 1477 388 ve-
1522 344 1541 350 '⁸
1619 341 1627 349 ’

54 431 212 465 nerant.
242 421 275 444 ⁶²4
292 429 473 461 ceterum
506 416 683 457 induciae
714 421 755 454 et
784 420 907 453 antea
936 425 1007 450 sex
1044 407 1246 449 mensium
1278 406 1475 446 fuerunt:

56 480 152 521 inde
172 478 305 519 multo
325 476 495 532 gravius
514 473 672 514 bellum
694 469 859 512 exarsit.
922 466 1042 523 Lycii
1064 479 1234 521 quoque
1263 477 1338 519 per
1368 461 1478 502 idem

58 547 222 593 tempus
252 536 304 576 ab
328 532 505 574 Rhodiis
533 530 644 571 bello
674 527 946 569 vexabantur.
1011 523 1093 564 Sed
1122 529 1391 562 externorum
1421 518 1481 558 in-

59 603 122 636 ter
143 609 184 634 se
203 592 326 642 bella,
341 606 426 646 quo
447 603 627 645 quaeque
648 584 772 626 modo
793 590 912 639 gesta
932 589 1044 630 sunt,
1067 577 1259 635 persequi
1281 591 1364 617 non
1385 590 1482 630 ope-

59 667 116 692 rae
146 658 207 691 est
234 648 267 673 2⁵
281 648 379 689 satis
410 660 618 702 superque
647 641 782 684 oneris
813 637 1031 681 sustinenti
1062 652 1126 677 res
1156 651 1181 676 a
1209 633 1367 691 populo
1398 633 1484 673 Ro-

59 723 180 749 mano
200 714 337 762 gestas
358 704 546 745 scribere.

118 760 296 805 XXVI.
330 760 529 803 Celtiberi
565 758 607 799 in
645 754 865 812 Hispania,
897 752 970 809 qui
1006 750 1117 792 bello
1151 748 1297 790 domiti
1334 762 1376 788 se
1413 745 1483 786 Ti.
1498 751 1671 784 Celtibero-

63 821 254 864 Graccho
289 818 549 867 dediderant,
580 813 717 872 pacati
752 817 988 852 manserant
1020 809 1084 849 M.
1112 805 1275 847 Titinio
1309 806 1566 870 praetore}um
1581 794 1681 826 rebel-

63 878 277 920 obtinente
326 874 593 932 provinciam.
644 869 900 913 rebellarunt
945 865 979 889 ²⁶
995 866 1074 906 sub
1123 863 1351 904 adventum
1401 861 1487 916 Ap.
1512 850 1553 870 ω’

66 935 247 984 Claudii,
288 933 455 988 orsique
494 930 651 972 bellum
693 934 790 968 sunt
830 925 883 965 ab
923 921 1140 979 repentina
1177 917 1490 975 obpugnatione

65 1001 296 1034 castrorum
319 992 618 1030 Romanorum.
680 983 823 1025 Prima
852 982 925 1022 lux
957 981 1086 1020 ferme
1107 985 1210 1027 erat,
1233 990 1365 1031 quum
1388 973 1491 1029 vigi-

66 1050 125 1090 les
145 1049 187 1089 in
209 1048 331 1097 vallo,
354 1046 511 1102 quique
542 1043 584 1084 in
614 1048 831 1098 portarum
853 1036 1102 1079 stationibus
1123 1040 1255 1082 erant,
1277 1046 1411 1087 quum
1433 1030 1492 1070 vi-

66 1106 223 1147 dissent
253 1103 399 1161 procul
426 1100 659 1143 venientem
688 1097 865 1145 hostem,
887 1093 941 1134 ad
970 1107 1086 1133 arma
1115 1089 1491 1131 conclamaverunt.

69 1164 154 1219 Ap.
179 1160 396 1210 Claudius,
419 1158 536 1214 signo
560 1154 774 1213 proposito
804 1166 974 1208 pugnae,
996 1165 1043 1190 ac
1072 1146 1216 1204 paucis
1245 1145 1495 1186 adhortatus

70 1219 236 1269 milites,
253 1218 389 1260 tribus
409 1215 533 1257 simul
552 1212 684 1270 portis
705 1209 864 1252 eduxit.
926 1204 1238 1249 Obsistentibus
1259 1202 1312 1243 ad
1332 1201 1496 1242 exitum

73 1275 308 1326 Celtiberis,
330 1273 464 1331 primo
491 1287 567 1328 par
588 1278 817 1323 utrumque
833 1271 847 1287 ¹¹
866 1264 1062 1322 proelium
1083 1261 1180 1311 fuit,
1203 1259 1303 1316 quia
1322 1266 1496 1315 propter

71 1332 285 1391 angustias
305 1347 388 1373 non
408 1344 549 1372 omnes
570 1327 612 1369 in
632 1325 825 1368 faucibus
854 1336 1043 1379 pugnare
1072 1325 1267 1375 poterant
1290 1314 1494 1357 Romani:

71 1390 106 1418 ²⁷
119 1397 346 1447 urguentes
375 1386 525 1429 deinde
547 1385 615 1426 alii
645 1383 746 1425 alios
773 1379 904 1422 secuti
934 1384 1154 1419 evaserunt
1184 1382 1304 1415 extra
1323 1372 1497 1421 vallum,

73 1456 122 1490 ut
151 1447 334 1504 pandere
363 1445 506 1494 aciem,
528 1442 562 1466 ²3
575 1449 617 1483 et
648 1437 860 1494 exaequari
890 1435 1085 1477 cornibus
1115 1430 1321 1479 hostibus,
1343 1428 1500 1484 quibus

76 1503 419 1552 circumibantur‚
440 1506 620 1557 possent.
652 1497 711 1538 ita
740 1501 909 1550 repente
939 1496 1187 1547 eruperunt,
1218 1494 1267 1527 ut
1298 1485 1500 1527 sustinere

77 1561 268 1618 inpetum
288 1574 432 1600 eorum
455 1553 655 1598 Celtiberi
675 1551 907 1607 nequirent.
969 1549 1084 1588 Ante
1110 1545 1256 1585 horam
1278 1541 1502 1583 secundam

78 1617 190 1675 pulsi
230 1625 350 1658 sunt:
393 1615 447 1656 ad
487 1610 724 1668 quindecim
769 1606 899 1648 millia
937 1619 1043 1645 caesa
1082 1610 1157 1643 aut
1196 1608 1341 1656 capta:
1386 1598 1505 1653 signa

79 1675 247 1716 ademta
280 1673 365 1714 duo
400 1679 441 1713 et
471 1669 655 1725 triginta.
718 1667 867 1707 Castra
900 1661 1025 1703 etiam
1060 1675 1108 1700 eo
1143 1658 1210 1699 die
1245 1663 1503 1712 expugnata,

81 1731 433 1786 debellatumque.
464 1742 575 1776 nam,
606 1723 680 1780 qui
711 1720 953 1778 superfuere
982 1716 1145 1774 proelio,
1173 1715 1216 1756 in
1245 1712 1401 1770 oppida
1430 1726 1506 1753 sua

83 1787 232 1844 dilapsi
254 1795 362 1828 sunt.
394 1783 526 1841 quieti
546 1781 696 1824 deinde
716 1784 947 1836 paruerunt
968 1773 1152 1830 imperio.

143 1845 348 1886 XXVII.
382 1845 582 1884 Censores
612 1854 660 1879 eo
690 1852 797 1878 anno
827 1833 953 1875 creati
977 1833 1025 1882 Q.
1050 1829 1229 1872 Fulvius
1260 1827 1437 1869 Flaccus
1466 1834 1508 1868 et
1521 1836 1684 1868 Censores.

87 1904 142 1944 A.
176 1900 418 1943 Postumius
449 1896 632 1939 Albinus
667 1894 859 1950 legerunt
894 1897 1107 1931 senatum:
1149 1886 1342 1943 princeps
1377 1884 1509 1925 lectus

89 1960 154 2000 M.
178 1958 375 1999 AEmilius
397 1954 586 2011 Lepidus
615 1951 805 2008 pontifex
826 1947 1044 1989 maximus.
1106 1945 1173 1985 De
1194 1950 1340 1984 senatu
1361 1956 1510 1981 novem

89 2016 310 2097 egecerunt.
342 2013 521 2069 insignes
551 2018 661 2051 notae
691 2008 862 2049 fuerunt
895 2005 958 2044 M.
984 2001 1165 2044 Cornelii
1192 1997 1510 2054 Maluginensis,
1525 2007 1669 2049 Insignes

89 2072 106 2129 ss²
136 2072 209 2129 qui
238 2071 404 2114 biennio
425 2077 520 2111 ante
549 2074 705 2124 praetor
729 2064 772 2105 in
794 2060 1001 2118 Hispania
1028 2060 1193 2106 fuerat;
1226 2064 1268 2098 et
1287 2055 1322 2079 ⁵⁰
1337 2055 1388 2097 L.
1412 2056 1616 2096 Cor-¹¹0tffl·

604 2171 620 2188 U
636 2167 780 2205 utrimque
796 2162 895 2195 Gron.
911 2162 1002 2192 Crev.

136 2261 177 2291 23
202 2260 407 2298 Dammtaque
441 2266 472 2286 eo
504 2253 641 2294 crimine]
697 2252 780 2292 Lege
824 2248 972 2279 discimus
998 2245 1063 2288 Ap.
1086 2242 1253 2275 Claudium
1281 2241 1374 2272 fuisse
1404 2244 1516 2282 praeto-

94 2313 167 2335 cum
204 2300 375 2336 Perizonio,
405 2301 545 2330 damnata
577 2307 655 2338 φιτ.
706 2293 781 2325 Vid.
825 2302 891 2322 rem
906 2289 1061 2332 superiore
1085 2297 1178 2323 anno,
1195 2291 1227 2317 et
1248 2284 1421 2315 citeriorem
1442 2283 1517 2313 His-

95 2351 159 2378 not.
176 2347 229 2377 89.
245 2344 285 2376 ad
299 2344 322 2375 l.
338 2344 398 2375 IV.
413 2352 442 2373 e.
460 2342 509 2371 17.
525 2350 628 2382 supra.
827 2334 954 2377 paniam
969 2329 1151 2363 obtinuisse.

140 2389 182 2420 24
207 2390 344 2419 Ceterum
384 2387 513 2416 induciae
549 2390 575 2414 et
617 2387 704 2412 antea
739 2390 785 2409 sea.-
870 2378 911 2407 27
941 2376 1083 2417 Urgentes
1108 2373 1211 2403 deinde
1237 2372 1291 2401 alii
1312 2371 1383 2400 alios
1408 2368 1516 2408 secuti]

97 2433 236 2463 mensium
254 2429 405 2472 fuerunt]
452 2428 536 2468 Lege
564 2436 635 2456 cum
666 2424 787 2455 Grono-
831 2418 961 2451 Nemini
976 2428 1037 2449 non
1052 2414 1215 2458 apparebit
1236 2424 1345 2445 vocem
1359 2413 1449 2443 secuti
1468 2410 1520 2440 hic

99 2475 166 2506 vio:
191 2480 317 2504 ceterum
339 2472 474 2502 inducias
499 2476 615 2500 tantum
638 2478 683 2498 ser
707 2477 788 2496 men-
831 2462 877 2494 ita
904 2461 1037 2505 positam
1066 2469 1144 2495 esse,
1174 2462 1210 2488 ut
1238 2455 1388 2499 impediat
1418 2454 1520 2496 potius

98 2519 173 2549 sium
177 2517 333 2558 fecerunt.
832 2516 968 2541 sensum,
992 2514 1087 2545 quam
1112 2501 1251 2543 adjuvet.
1296 2500 1370 2530 Non
1396 2496 1521 2528 dubita-

144 2561 187 2591 25
210 2560 287 2590 Satis
328 2568 467 2598 superque
506 2556 599 2586 oneris
637 2552 790 2584 sustinenti
833 2560 912 2585 mus,
935 2547 1011 2589 quin
1039 2543 1271 2576 rescribendum
1297 2542 1354 2573 sit:
1386 2545 1522 2582 urgentes

102 2613 147 2633 ‘res
179 2615 198 2633 a
230 2602 333 2642 populo
364 2601 494 2631 Romano
524 2604 617 2640 gestas
651 2594 789 2634 scribere]
834 2593 937 2622 deinde
951 2590 1087 2620 aliialios
1101 2589 1200 2618 scutis.

105 2644 285 2676 Delendum
331 2643 450 2674 videtur
490 2642 619 2672 verbum
659 2639 790 2672 scribere,
878 2635 919 2664 28
946 2633 985 2663 Et
1029 2632 1173 2671 exoequari
1215 2628 1349 2659 cornibus
1390 2625 1522 2658 hostibus,

107 2687 191 2728 quod
212 2693 243 2718 et
268 2687 400 2718 otiosum
423 2690 480 2721 est,
497 2690 528 2715 et
550 2683 703 2714 deformat
724 2690 791 2711 ora-
836 2676 952 2718 quibus]
999 2673 1139 2716 Reponjt
1167 2670 1360 2703 Gronovius:
1398 2673 1425 2698 et
1453 2676 1523 2696 επιε-

107 2730 234 2761 tionem.
271 2729 360 2760 Dicit
376 2728 482 2759 Livius
497 2738 529 2757 se
545 2726 620 2757 satis
642 2732 795 2766 superque
838 2722 924 2761 quari
937 2720 1069 2749 cornibus
1083 2718 1216 2750 hostium,
1232 2727 1251 2744 a
1263 2714 1374 2753 quibus.

109 2771 209 2803 oneris
230 2773 319 2809 ferre,
342 2782 465 2814 nempe,
481 2781 529 2801 res
552 2780 571 2801 a
593 2768 706 2811 populo
729 2766 795 2796 Ro-
882 2764 923 2793 29
949 2762 1009 2796 Qui
1034 2761 1146 2790 biennio
1171 2763 1239 2788 ante
1264 2760 1374 2794 praetor
1398 2754 1431 2782 in
1455 2751 1525 2781 His·

109 2825 202 2847 mano
216 2820 329 2855 gestas.
838 2807 929 2846 pania
954 2803 1080 2845 fuerat]
1119 2801 1181 2831 Hic
1210 2802 1320 2840 praetor
1349 2796 1382 2826 in
1410 2794 1526 2837 Hispa-

152 2858 194 2888 26
218 2858 276 2888 Sub
297 2859 453 2888 adventum.
477 2857 533 2895 Ap.
551 2853 686 2893 Claudii]
713 2851 796 2884 Hinc
841 2848 925 2881 niam
954 2848 998 2885 ire
1027 2846 1179 2879 noluerat,
1208 2846 1242 2872 ut
1276 2844 1397 2872 constat
1429 2848 1468 2869 ex
1497 2846 1526 2867 e.
