1805 3174
550 98 937 137 HISTORIARUM
971 98 1176 137 LIBROS.
1490 107 1567 146 :337

133 210 315 242 Graecorum
332 211 438 241 classis
453 221 536 241 mare
551 210 704 247 Tuscum,
727 219 829 239 oram-

179 264 238 292 que
255 256 354 285 litoris
372 256 523 290 Antiatis,
539 260 572 284 ct
587 254 710 284 Tiberis
729 254 824 289 ostia,

177 298 320 337 infestat,
334 305 365 336 7,
383 305 432 328 25.
448 309 465 328 a
482 299 593 328 Siciliae
609 297 766 337 tyrannis,
789 302 825 325 ut

176 343 313 376 videtur,
331 344 437 379 inissa,
452 347 503 372 26.
629 345 635 347 ”

153 400 198 407 -—
210 386 270 415 alia
283 387 398 422 classis,
408 387 445 415 ad
460 387 558 416 ltaliae
571 387 663 415 litora
675 385 820 424 appulsa,

175 430 259 467 capit
290 430 436 462 Thurias.
463 431 586 464 urbem,
619 434 669 465 10,
697 434 727 458 2.
744 428 821 457 mari

173 473 336 503 Adriatico
353 475 391 502 ad
409 474 483 502 litus
500 475 693 504 Venetorum
715 481 822 511 perve-

173 516 236 552 nit,
269 517 373 555 ibique
406 519 571 547 caeduntur
608 526 627 546 a
662 516 822 545 Patavinis

175 559 290 591 Graeci.
308 561 380 589 ibid.

125 603 305 632 Graecorum
322 603 469 633 levissimi
487 604 615 642 quique,
633 603 817 633 Parthorum

169 647 264 675 etiam
288 647 408 686 gloriae,
435 653 548 677 contra
571 657 686 677 nomen
703 648 818 677 Roma-

170 699 260 726 num,
277 691 397 726 favent,
414 695 445 725 9,
468 696 516 720 18.

123 733 254 762 Graecus
264 735 474 764 etGraecavivi
484 735 816 772 defodiunturfzzm.

122 775 252 806 Graccus
263 778 422 812 ignobilis,
433 783 543 808 auctor
557 779 817 817 Bacchanalium,

165 820 229 850 vid.
249 821 470 851 Bacchanalia.

120 863 293 893 Graminea
308 875 425 895 corona
438 866 654 901 obsidionalis,
671 869 702 901 7,
719 870 772 898 37.

121 907 252 937 Grando
269 912 300 937 et
323 910 445 938 tonitru
462 911 608 949 proelium
633 910 815 948 probibent,

166 955 199 987 2,
218 954 271 982 62.
288 955 341 986 26,
363 957 411 981 11.

119 994 289 1031 Granicus,
305 996 393 1034 Epit.
411 1001 462 1027 97.

119 1038 288 1073 Graviscae,
306 1038 431 1068 colonia
445 1041 478 1069 in
495 1049 569 1079 agro
585 1040 734 1076 Etrusco,
756 1044 812 1077 40,

164 1085 215 1111 29.
230 1087 285 1118 41,
302 1086 353 1111 20.

118 1125 236 1160 Greges
255 1126 287 1154 in
298 1126 368 1155 luco
384 1127 421 1155 ad
439 1127 573 1155 Lacinia:
589 1127 728 1156 sunonis
744 1127 811 1156 sine

160 1170 290 1198 custode
304 1174 481 1208 pascenteS,
490 1174 521 1199 et
534 1170 616 1199 ultro
632 1171 669 1200 ad
687 1171 812 1200 stabula

159 1213 338 1250 redeuntes,
351 1218 406 1250 24,
421 1218 453 1243 3.

115 1255 342 1294 Grumentum,
354 1257 503 1286 Lucaniae
513 1257 676 1296 oppidum,
689 1261 744 1295 23,
755 1262 809 1289 37.

160 1303 214 1333 27,
236 1304 288 1329 41.

114 1340 265 1380 Gulussa,
282 1343 364 1372 filius
388 1344 578 1380 Masinissae,
602 1354 620 1373 a
639 1348 728 1383 patre
744 1345 808 1374 Ro-

158 1395 240 1416 mam
256 1387 408 1423 mittitur,
420 1392 475 1424 42,
486 1392 538 1418 23.
548 1388 714 1427 respondet
724 1388 806 1427 lega-

155 1431 197 1459 tis
207 1431 516 1469 Carthaginiensium
528 1432 564 1460 de
575 1435 661 1469 patre
675 1441 808 1469 queren-

155 1473 254 1506 tibus,
273 1478 325 1503 94.
339 1475 510 1503 dimittitur
520 1485 590 1504 cum
609 1475 714 1512 donis,
731 1475 805 1504 ibid.

155 1517 235 1546 redit
252 1518 375 1556 legatus
390 1519 532 1552 Romam,
549 1523 602 1551 43.
616 1523 645 1547 3.

111 1560 319 1599 Gymnasium
333 1563 526 1601 Cynosarges
536 1561 805 1598 Athenis,31,24.

132 1619 177 1626 --
193 1604 353 1642 Cyl-arabis
369 1605 473 1642 Argis,
490 1610 546 1641 34,
565 1608 616 1634 26.

112 1648 286 1686 Gymnasia
304 1648 548 1678 Tarentinorum
569 1648 661 1686 jubet
683 1647 805 1677 occludi

154 1691 303 1729 Pyrrhus,
322 1696 375 1724 29.
398 1696 447 1722 19.

108 1735 302 1773 Gymnesiae,
325 1735 469 1764 Baleares
492 1735 701 1774 appellantur,
730 1735 803 1773 quia

152 1782 292 1808 aestatem
311 1779 386 1808 nudi
404 1783 516 1818 agunt,
535 1779 620 1817 Epit.
638 1781 691 1808 60.

107 1822 246 1860 Gyrton,
263 1823 350 1860 urbs,
367 1824 423 1858 36,
445 1826 492 1851 10.
510 1826 563 1856 49,
581 1827 631 1852 54.

106 1865 275 1903 Gythium‚
293 1867 367 1895 urbs
383 1866 498 1901 valida,
515 1867 720 1903 omniumque
737 1874 801 1894 ma.

150 1909 326 1938 ritimarum
355 1919 457 1938 rerum
485 1910 731 1939 Lacedaemoniis
755 1918 799 1937 re-

149 1954 360 1990 ceptaculum.
392 1957 447 1990 34,
479 1958 529 1984 29.
561 1953 683 1991 capitur
713 1963 731 1982 a
760 1953 798 1981 T.

149 1995 296 2028 Quintio.
316 1996 392 2026 ibid.
413 2001 615 2036 oppugnatur
630 2006 648 2026 a
663 1996 797 2031 Nabide,

148 2043 180 2068 et
195 2039 328 2078 capitur,
351 2043 406 2075 35,
424 2044 476 2070 97.

426 2126 470 2155 H.

106 2211 237 2247 Hadria,
260 2211 322 2241 vid.
341 2212 448 2241 Adria.

105 2254 253 2291 Haemus,
269 2254 331 2284 vid.
350 2257 473 2284 AEmus.

103 2299 307 2335 Haliacmon,
331 2298 457 2336 fluvius,
473 2303 527 2334 42,
547 2302 598 2327 53.

103 2342 282 2378 Haliartus,
297 2343 461 2381 oppidum,
478 2346 534 2378 42,
550 2346 602 2369 46.
619 2346 649 2370 et
667 2344 718 2370 56.
735 2351 789 2380 op-

143 2389 317 2424 pugnatum
335 2389 367 2414 et
383 2390 509 2425 captum
527 2394 546 2414 a
560 2385 723 2419 Romanis,
737 2388 790 2415 63.

142 2429 279 2458 diruitur
294 2438 313 2458 a
326 2429 554 2466 fundamentis,
572 2428 646 2458 ibid.

101 2472 264 2509 Haliartii,
281 2476 337 2509 42,
355 2476 406 2502 44.

99 2516 356 2552 Halicarnassus,
372 2515 495 2550 civitas,
510 2519 565 2550 37,
587 2519 634 2544 10.
648 2519 678 2544 et
698 2517 745 2543 16.

101 2558 411 2596 Halicarnassenses,
427 2563 483 2594 33,
500 2563 552 2588 20.

99 2602 213 2640 Halys,
227 2602 353 2637 fluvius,
369 2607 426 2639 38,
448 2604 496 2632 16.
513 2606 542 2631 et
558 2606 608 2631 25.

99 2646 212 2675 Hamae
235 2645 349 2675 absunt
365 2656 384 2676 a
399 2646 507 2675 Cumis
523 2646 585 2674 tria
599 2643 698 2674 millia
720 2652 791 2683 pas-

140 2698 245 2722 suum,
263 2692 317 2725 23,
332 2694 385 2719 35.
401 2690 514 2718 Hamis
530 2693 648 2718 statum
671 2688 788 2716 sacrifi-

141 2732 238 2767 cium,
256 2737 288 2760 et
302 2736 492 2762 nocturnum
510 2742 643 2765 sacrum,
661 2731 733 2759 ibid.

99 2772 273 2807 Hamilcar,
289 2775 351 2803 vid.
369 2776 516 2804 Amilcar.

99 2818 322 2857 Hampsicora,
347 2818 490 2858 princeps
514 2818 675 2849 Sardiniae.
700 2816 790 2846 moli-

140 2866 194 2891 tur
216 2861 435 2892 defect‘onem,
460 2866 514 2898 23,
543 2867 594 2891 32.
621 2860 788 2890 consciscit

141 2905 201 2934 sibi
217 2909 362 2940 mortem,
378 2908 431 2934 41.

159 2960 251 2993 vor..
287 2961 343 2987 1v.

872 209 1051 246 Hannibal,
1065 211 1127 240 vid.
1144 211 1293 242 Annibal.

871 255 1006 290 Hanno,
1021 255 1164 294 prinecps
1180 256 1327 285 factionis
1344 256 1486 287 Barcinis
1503 259 1561 288 ini-

913 298 1012 334 niicae,
1029 304 1147 333 censet,
1166 300 1355 329 Annibalem
1373 301 1562 331 mittendum

913 351 975 369 non
992 351 1058 370 csse
1075 343 1105 371 in
1122 343 1322 382 Hispaniam,
1337 348 1389 377 21,
1403 350 1432 373 3.
1451 346 1564 374 deden-

912 385 983 413 dum
1002 386 1169 421 Romanis,
1187 391 1217 417 9.
1228 397 1331 426 pacem
1347 389 1512 427 petendam
1523 390 1562 418 ab

912 428 1063 458 Romanis
1093 434 1166 469 post
1190 431 1387 460 Cannensem
1411 441 1562 471 pugnarn,

911 475 965 504 23,
987 477 1036 501 13.

865 513 999 552 Hanno,
1017 516 1200 546 Bomilcaris
1213 518 1248 547 F.
1265 522 1392 548 strenue
1405 528 1467 547 rem
1482 520 1563 557 gerit

909 559 941 586 in
959 560 1092 588 transitu
1113 561 1270 599 Rhodani,
1290 566 1342 595 21,
1359 566 1409 594 27.
1424 567 1454 591 et
1471 566 1522 590 28.

865 601 984 630 Hanno
1012 603 1042 631 in
1081 604 1238 642 Hispania
1274 606 1317 635 cis
1356 606 1481 635 Iberum
1521 606 1560 635 al)

909 645 1068 676 Annibale
1112 649 1291 685 praeficitur,
1315 653 1370 686 21,
1411 654 1463 679 23.
1501 650 1561 679 ibi·

905 689 974 718 dem
992 699 1010 718 a
1026 691 1085 719 Cn.
1103 692 1249 730 Scipione
1265 693 1403 722 vincitur
1426 697 1457 723 et
1473 694 1558 733 capi-

904 736 968 769 tur,
981 736 1033 762 60.

861 776 995 813 Hanno,
1022 778 1135 807 nobilis
1159 780 1442 817 Carthaginiensis,
1475 780 1558 820 capi-

901 820 1002 850 turin
1019 821 1176 858 Sardinia,
1196 827 1248 855 23.
1267 828 1318 853 41.

859 863 990 896 Hanno.
1009 865 1109 894 victus
1134 870 1165 895 et
1188 867 1296 904 pulsus
1314 867 1429 896 finibus
1452 866 1554 896 Luca-

903 907 952 936 nis
968 917 986 936 a
1000 908 1049 938 Ti.
1077 909 1265 947 Sempronio
1292 911 1416 949 Longo,
1433 910 1497 939 abit
1523 910 1556 939 in

903 951 1059 985 Bruttios,
1087 957 1139 987 23,
1164 958 1215 984 37.
1234 955 1330 992 copiis
1346 957 1458 983 auctus
1475 955 1557 983 redit

903 993 1037 1032 Nolam,
1056 999 1086 1024 et
1103 1006 1172 1025 cum
1192 998 1325 1027 Nolanis
1348 998 1553 1035 colloquitur,

901 1041 953 1066 43.
979 1038 1011 1066 in
1042 1040 1188 1068 Bruttios
1212 1042 1402 1078 remittitur,
1434 1044 1487 1070 46.
1515 1042 1554 1070 ad

899 1081 1104 1111 defectionem
1130 1084 1279 1113 sollicitat
1311 1086 1437 1114 ercas
1461 1084 1554 1113 urbes

899 1123 930 1152 in
948 1125 1096 1159 Bruttiis,
1115 1131 1167 1160 24,
1196 1131 1221 1155 1.
1251 1128 1335 1157 inter
1358 1129 1553 1157 Hannonem

899 1172 931 1196 et
957 1169 1135 1199 Gracchum
1160 1170 1238 1199 acris
1264 1181 1371 1211 pugna
1395 1172 1434 1200 ad
1451 1173 1552 1200 Bene-

897 1216 1041 1247 ventum,
1083 1217 1132 1243 14.
1169 1218 1200 1243 ct
1242 1219 1289 1244 15.
1321 1215 1465 1244 sublevat
1502 1216 1552 1244 in-

896 1255 1000 1293 opiam
1018 1257 1146 1295 Capuae,
1165 1261 1219 1294 25,
1236 1263 1280 1288 13.
1299 1259 1366 1296 ejus
1382 1262 1486 1288 castra
1500 1268 1551 1287 ca-

895 1300 1028 1336 piuntur
1055 1309 1073 1328 a
1105 1302 1270 1338 Romanis,
1307 1307 1356 1332 14.
1394 1302 1478 1341 fugit
1517 1305 1549 1331 in

895 1342 1055 1379 Bruttios,
1081 1344 1153 1373 e'de.
1180 1352 1291 1384 praeest
1315 1346 1459 1384 pracsidio
1481 1347 1550 1375 Me-

895 1386 1031 1424 taponti,
1051 1390 1104 1421 27,
1121 1392 1173 1416 42.

853 1428 971 1458 Hanno
989 1430 1104 1468 Capnae
1121 1434 1232 1469 praeest
1245 1433 1389 1470 praesidio
1414 1433 1546 1470 Punico,

893 1474 948 1508 26,
973 1476 1001 1500 5.
1020 1477 1046 1501 et
1069 1478 1116 1501 12.

849 1515 983 1552 Hanno,
1013 1517 1120 1545 relicta
1136 1517 1255 1553 Sicilia,
1274 1518 1390 1555 trajicit
1407 1520 1440 1548 in
1457 1520 1545 1549 Afri-

893 1568 975 1595 cam,
991 1562 1043 1591 26.
1061 1564 1112 1589 40.

848 1602 982 1638 Hanno,
1022 1613 1122 1632 novus
1161 1604 1342 1642 imperator,
1366 1606 1399 1634 in
1426 1605 1544 1644 Hispa-

890 1646 975 1675 niam
1005 1657 1041 1675 cx
1069 1647 1190 1683 Africa,
1219 1648 1251 1677 in
1282 1648 1384 1685 locum
1416 1649 1544 1679 Barcini

888 1690 1087 1725 Asdrubalis,
1110 1692 1351 1729 transgreditur,
1370 1696 1424 1728 28,
1447 1697 1473 1722 l.
1490 1695 1544 1723 ad-

888 1742 995 1762 versus
1020 1743 1090 1762 eum
1119 1735 1260 1763 mittitur
1283 1744 1301 1763 a
1325 1736 1471 1774 Scipione
1495 1738 1543 1767 M.

887 1776 1028 1811 Silanus,
1047 1777 1121 1806 ibid.
1143 1779 1260 1807 Hanno
1278 1779 1368 1807 vivus
1385 1780 1508 1817 capitur
1522 1791 1541 1811 a

888 1820 1050 1852 Romanis.
1070 1825 1098 1849 2.
1112 1821 1251 1850 mittitur
1262 1822 1408 1855 Romam,
1423 1827 1454 1852 4.

843 1862 976 1898 Hanno,
1009 1864 1172 1902 praefectus
1204 1866 1366 1904 Magonis,
1395 1870 1449 1903 28,
1488 1871 1541 1897 93.

885 1907 1031 1936 funditur
1047 1917 1064 1936 a
1080 1908 1114 1937 L.
1131 1909 1266 1945 Marcio,
1291 1913 1343 1938 30.

843 1950 977 1987 Hanno,
1003 1952 1115 1980 nobilis
1135 1952 1274 1989 juvenis,
1298 1953 1453 1990 equitatui
1478 1954 1538 1982 Pu-

884 1994 956 2023 nico
987 1996 1166 2032 praefcctus,
1198 1997 1231 2024 in
1262 2006 1370 2035 pugna
1402 1999 1537 2035 equestri

883 2038 1049 2074 occiditur,
1066 2042 1120 2074 29,
1137 2043 1187 2070 99.
1203 2039 1267 2069 vid.
1280 2045 1310 2069 et
1325 2045 1376 2069 35.

841 2080 973 2114 Hanno.
997 2082 1166 2111 Amilcaris
1183 2082 1279 2118 filius,
1295 2085 1459 2122 praesectus
1475 2087 1537 2115 Pu-

883 2125 955 2153 nico
986 2125 1156 2162 equitatui,
1188 2130 1242 2162 29,
1271 2131 1324 2157 34.
1355 2128 1479 2158 elicitur
1516 2140 1534 2159 a

881 2168 1052 2197 Masinissa
1083 2169 1120 2197 ad
1161 2178 1312 2208 pugnam,
1339 2172 1478 2202 vincitur
1502 2180 1534 2203 et

882 2211 1084 2247 interficitur,
1102 2212 1175 2241 ibid.

839 2254 971 2290 Hanno,
989 2255 1155 2284 Amilcaris
1173 2255 1332 2293 filius,45,
1353 2262 1401 2287 14.

837 2298 1027 2334 Harmonia,
1076 2299 1207 2327 Gelonis
1249 2300 1324 2335 filia,
1365 2301 1531 2332 Themisto

879 2345 991 2379 nupta,
1012 2346 1066 2378 24,
1082 2346 1132 2370 24.
1151 2343 1319 2378 occiditur,
1335 2348 1385 2372 25.

837 2385 1054 2424 Harpagones,
1077 2394 1193 2414 asseres
1217 2386 1315 2415 ferreo
1345 2396 1428 2417 unco
1453 2398 1529 2427 pra·—

877 2429 942 2463 fixi,
959 2432 1013 2465 30,
1035 2432 1083 2457 ιο.

834 2471 1007 2510 Harpalus,
1040 2472 1182 2510 princeps
1214 2472 1381 2511 legationis
1412 2475 1528 2511 Persei,

875 2515 1006 2545 offendit
1022 2516 1196 2547 Romanos,
1209 2520 1265 2552 42,
1286 2520 1333 2545 14.

834 2558 1010 2597 Harpasus.
1028 2559 1156 2592 flumen,
1170 2562 1226 2594 38,
1249 2563 1297 2589 13.

833 2602 1011 2640 Haruspex,
1028 2603 1089 2630 vid.
1113 2603 1267 2640 Aruspex.

833 2645 1027 2682 Hasdrubal,
1074 2645 1251 2674 Masinissa»
1289 2655 1397 2683 nepos,
1438 2646 1524 2684 Epit.

874 2693 924 2718 50.
943 2699 1012 2718 cum
1029 2688 1166 2718 exercitu
1190 2698 1208 2717 a
1232 2689 1376 2726 Scipione
1393 2689 1525 2726 deletur,

876 2732 960 2771 Epit.
978 2736 1028 2761 51.
1047 2741 1125 2760 uxor
1140 2732 1206 2768 ejus
1222 2740 1291 2759 cuin
1310 2731 1432 2760 duobus
1447 2733 1522 2762 libe-

874 2776 915 2804 ris
932 2785 968 2804 ex
982 2785 1050 2804 arce
1066 2785 1097 2804 se
1114 2774 1301 2812 praecipitat,
1321 2773 1396 2803 ibid.

832 2819 936 2848 Hasta
954 2819 1077 2850 Martis,
1102 2821 1155 2851 24,
1175 2821 1224 2844 10.

828 2862 886 2891 snb
903 2863 1007 2891 Hasta
1023 2861 1108 2889 bona
1124 2860 1261 2891 vendita,
1278 2862 1310 2893 5,
1333 2861 1380 2888 16.
1400 2865 1429 2889 ct
1448 2870 1519 2900 cap-

873 2905 945 2939 tivi,
963 2906 997 2939 6,
1015 2908 1047 2932 4.
1063 2903 1124 2931 viil.
1143 2907 1172 2931 et
1189 2906 1242 2937 24,
1264 2906 1310 2929 18.

916 2961 935 2984 Z
