1831 3194
535 85 782 123 LlBROR.
816 86 1089 123 DEPERD.
1457 96 1524 129 931

737 309 897 362 LIII.

162 432 242 484 Ap.
284 428 478 471 Claudius
507 429 642 468 consul
679 428 874 477 Salassos,
907 435 1066 481 gentem
1113 430 1320 482 Alpinam,
1363 431 1526 471 domnii.

102 488 219 528 Alter
239 486 607 539 Rseudopliilippus
629 486 672 525 in
700 486 947 526 Macedonia
968 501 994 525 a
1020 487 1068 526 L.
1094 487 1310 527 Tremellio
1334 496 1527 541 quoestore

102 559 187 584 cnm
211 544 378 584 evercitu
407 557 527 583 caesns
547 549 616 582 est.
681 543 731 591 Q.
756 543 934 583 Ccecilius
959 544 1147 584 Metellus
1173 546 1382 596 proconsul
1407 547 1526 586 (felii-

100 600 213 641 beros
241 602 396 641 cecidit.
428 615 454 640 a
480 599 530 648 Q.
554 600 684 640 Fabio
701 602 937 653 proconsule
961 615 1062 654 pars
1095 615 1242 655 magna
1275 602 1524 652 Lusitaniae,

101 660 344 711 expugnatis
377 659 534 711 aliquot
564 656 739 706 urbibus,
781 664 940 711 recepta
978 665 1045 699 est.
1121 659 1164 698 C.
1198 659 1335 701 Julius
1364 667 1527 700 senator

105 714 250 756 Graece
270 729 333 755 res
355 716 565 755 Romanas
585 715 727 755 scribit.

732 887 887 942 LIV.

161 1005 210 1052 Q.
230 1005 447 1058 Pompeius
461 1007 597 1046 consul
610 1006 653 1045 in
673 1006 889 1058 Hispania
910 1005 942 1028 ⁵¹
965 1005 1234 1047 Termestinos
1253 1007 1419 1060 subegit.
1440 1022 1523 1048 cum

100 1062 248 1103 eisdem
270 1069 308 1103 et
334 1063 595 1104 Numantinis
623 1063 657 1086 ⁵²
666 1076 806 1115 pacem
832 1063 882 1102 ab
903 1062 1131 1113 infirmitate
1147 1065 1272 1118 ficit.
1333 1067 1524 1105 Lustrum

100 1133 127 1159 a
165 1120 391 1160 censoribus
427 1121 629 1160 conditum
669 1126 742 1160 est.
815 1120 944 1161 Censa
984 1121 1129 1161 civium
1169 1123 1308 1174 capita
1346 1129 1525 1162 trecenta

98 1176 243 1230 viginti
279 1183 366 1217 octo
400 1178 547 1225 millia,
587 1178 884 1232 quadringenta
922 1178 1201 1232 quadraginta
1238 1180 1328 1219 (luo,
1393 1178 1523 1226 Glitiam

100 1233 369 1274 Macedonum
399 1235 528 1288 legati
557 1240 808 1289 conquestum
837 1235 886 1274 de
916 1235 975 1274 D.
1005 1235 1134 1277 Junio
1163 1236 1319 1285 Silano,
1342 1243 1524 1289 pra’tore

98 1292 308 1339 venissent,
331 1293 439 1346 quod
457 1292 630 1345 acceptis
644 1291 829 1345 pecuniis
841 1292 1099 1344 provinciam
1121 1294 1332 1345 spoliasset
1354 1300 1388 1333 et
1408 1308 1524 1333 sena-

97 1353 162 1389 tus
182 1349 230 1389 dc
242 1350 413 1403 querelis
428 1363 559 1389 eornm
574 1351 689 1390 vellet
704 1363 935 1402 cognoscere
948 1371 963 1395 ‚·
1003 1349 1049 1389 T.
1074 1349 1261 1390 M⁷anlius
1289 1351 1523 1404 Torquatus,

89 1412 217 1458 pater
245 1406 385 1455 Silani,
401 1407 542 1459 petiit,
559 1407 859 1461 impetravitque,
881 1412 925 1446 ut
943 1406 1015 1446 sibi
1033 1408 1210 1460 cognitio
1229 1410 1493 1448 mandaretur
1509 1427 1521 1447 .-

98 1469 150 1511 et,
174 1464 282 1504 domi
301 1478 440 1504 caussa
461 1464 799 1517 cognita,filium
819 1464 1110 1512 condemnavit,
1135 1465 1410 1518 abdicavitqne
1423 1488 1435 1510 ,·
1476 1480 1523 1504 ac

96 1533 148 1560 ne
167 1520 321 1573 funeri
350 1522 507 1574 quidem
538 1520 620 1575 ejus
650 1524 784 1574 (quum
812 1521 1024 1573 suspendio
1054 1522 1177 1561 vitam
1194 1520 1370 1573 finisset)
1403 1523 1523 1563 inter-

85 1575 203 1628 ficit.-
255 1579 469 1631 sedensque
506 1579 615 1618 domi
645 1584 885 1630 potestateve
920 1578 1234 1618 consultantibus
1269 1594 1320 1618 em
1349 1580 1523 1619 institi-«lo

80 1634 204 1688 ficit.
269 1634 321 1682 Q.
344 1635 497 1675 Fabius
510 1636 726 1688 proconsul
755 1635 870 1675 rebus
890 1635 932 1674 in
955 1635 1169 1687 Hispania
1190 1649 1386 1688 prospere
1396 1640 1523 1689 gestis

96 1691 225 1732 labem
254 1686 438 1744 inposuit,
455 1705 560 1744 pace
588 1706 672 1732 cum
703 1692 891 1731 Viriatho
920 1693 1042 1745 eequis
1071 1693 1368 1733 conditionibus
1381 1694 1520 1746 facta.

106 1749 307 1789 Viriathus
327 1762 352 1788 a
366 1749 662 1802 proditoribus,
684 1750 850 1789 consilio
869 1749 1037 1789 Servilii
1055 1749 1273 1802 Ca’pionis,
1293 1751 1523 1808 interfectus

96 1812 167 1854 est,
190 1813 229 1847 et
251 1807 302 1846 ab
331 1807 507 1847 exercitu
527 1820 596 1846 suo
626 1808 786 1846 multum
807 1808 1086 1859 comploratus,
1109 1822 1157 1845 ac
1177 1807 1365 1847 nobiliter
1393 1810 1524 1860 sepul-

96 1869 188 1911 tus‚·
223 1865 287 1904 vir
316 1864 474 1917 duxque
503 1878 682 1918 magnus,
716 1870 752 1903 et
780 1877 850 1916 per
879 1865 1178 1917 quatuordecim
1209 1878 1350 1913 annos,
1383 1867 1523 1918 quibus

97 1935 182 1961 cum
203 1921 402 1962 Romanis
423 1921 561 1962 bellum
580 1921 720 1976 gessit,
732 1919 990 1975 frequentius
1009 1922 1201 1974 superior.

740 2094 864 2147 LV.

152 2209 206 2249 P.
240 2207 417 2250 Cornelio
451 2208 620 2258 Nasica,
651 2209 718 2249 cui
746 2223 960 2263 cognomen
993 2208 1185 2262 Serapion
1207 2208 1297 2262 suit
1333 2211 1383 2251 ab
1417 2211 1521 2251 inri-

93 2266 213 2306 dente
245 2265 420 2306 Curiatio
450 2266 613 2306 tribuno
636 2265 768 2319 plebis
797 2267 1027 2319 inpositum,
1060 2274 1099 2306 et
1133 2267 1189 2307 D.
1229 2268 1358 2310 Junio
1388 2269 1522 2307 Bruto

93 2322 317 2363 consulibus
344 2323 537 2363 delectum
565 2323 813 2373 habentibus,
837 2325 881 2364 in
901 2330 1108 2377 conspectu
1129 2325 1303 2364 tironum
1329 2339 1391 2365 res
1411 2325 1521 2364 salu-

93 2379 261 2420 berrimi
289 2381 463 2434 exempti
485 2381 613 2434 sacta
643 2387 728 2421 est.-
784 2394 876 2421 nam
909 2381 955 2422 C.
988 2380 1200 2422 Matienus
1229 2388 1435 2422 accusatus
1463 2388 1522 2422 est

95 2438 204 2490 apud
223 2437 404 2478 tribunos
423 2438 570 2491 plebis,
592 2439 699 2492 quod
727 2438 936 2478 exercitum
959 2439 1003 2479 in
1025 2438 1233 2492 Hispania
1262 2439 1491 2480 deseruisset
1506 2457 1519 2478 ,-

140 2550 180 2580 51
208 2550 408 2591 Termestinos]
433 2550 484 2582 Sic
500 2550 638 2582 scribunt
651 2550 710 2582 hoe
726 2562 780 2582 no·
867 2553 909 2583 52
941 2552 1047 2582 Pacem
1069 2553 1104 2582 ab
1126 2552 1298 2592 infirmitate
1317 2552 1414 2595 fecit]
1447 2552 1519 2583 Sive

99 2602 171 2623 men
195 2598 315 2624 veteres
341 2593 509 2625 editiones:
547 2605 671 2636 nuperae
691 2595 781 2625 Ther-
824 2593 883 2625 hoc
898 2594 989 2626 modo
1011 2595 1108 2635 legas,
1123 2595 1201 2632 sive,
1216 2601 1251 2625 ut
1273 2596 1358 2631 olim,
1382 2598 1414 2625 ob
1433 2595 1517 2634 infir—

98 2637 239 2667 mestinos.
300 2636 362 2666 Sed
406 2637 560 2673 Termisus,
603 2638 781 2674 Termantia,
825 2640 965 2673 mitatem,
1012 2643 1178 2678 utrumque
1222 2638 1415 2679 nugatorium
1453 2647 1517 2666 me-

99 2687 168 2717 quae
184 2677 244 2708 duo
267 2678 405 2720 ejusdem
427 2680 511 2710 urbis
533 2680 659 2710 nomina
673 2680 780 2711 viden-
826 2680 884 2710 rito
907 2679 1029 2711 videtur
1052 2681 1227 2711 Gronovio:
1262 2680 1314 2721 qui
1334 2679 1517 2720 suspicatur,

99 2724 148 2749 tur
164 2720 247 2761 apud
261 2720 440 2762 Appianum
453 2722 485 2752 in
508 2722 652 2759 Ibericis‚
671 2723 783 2753 Termes
824 2734 922 2762 pacem
961 2735 980 2753 a
1020 2724 1124 2762 populo
1170 2724 1297 2753 Romano
1342 2723 1518 2761 infirmatam

99 2761 183 2802 apud
213 2761 349 2793 Plinium
382 2770 414 2795 et
446 2765 533 2802 alios,
571 2776 640 2806 quae
670 2766 780 2796 eadem
814 2766 916 2806 fecit,·
960 2766 1021 2801 vel,
1055 2777 1164 2804 pas-em,
1199 2767 1372 2804 inqu-abarae
1412 2766 1518 2804 populo

99 2804 172 2834 urbs
206 2810 253 2834 est
288 2815 324 2836 ac
363 2807 504 2838 Termisus
533 2808 682 2851 Appiani,
715 2809 780 2839 sine
825 2809 1062 2850 Romanmfecit.

101 2846 286 2888 aspiratione
301 2847 484 2881 scribuntur.

869 2899 943 2945 94
