1831 3194
550 102 666 139 Lllss.
697 101 850 138 XLlll.
893 104 1022 138 cni).
1058 104 1098 138 Υ.
1473 112 1522 149 99

105 220 237 262 erant,
259 213 332 268 qui
366 212 522 266 legatos
556 210 781 252 mittendos
813 211 865 251 ad
899 225 1039 266 pacem
1074 211 1266 267 precibus
1299 214 1517 273 petendam
1537 223 1712 255 [AL-582.

107 278 341 311 censerent:
374 268 644 324 civitatesque
669 267 915 323 complures,
939 284 987 308 eo
1016 268 1168 309 nuncio
1199 269 1358 319 audito,
1381 270 1421 309 in
1451 271 1520 311 ‹le-
1531 266 1623 297 A.C.
1640 267 1709 297 170.

106 325 303 367 ditionem
332 334 546 366 venerunt.
578 325 733 380 quibus
765 325 1044 380 purgantibus
1076 341 1175 375 sese,
1199 326 1447 381 culpamque
1481 328 1520 367 in

107 382 289 424 (luorum
326 382 545 423 amentiam
586 381 907 431 conferentibus,
942 383 1015 437 qui
1048 399 1089 423 se
1126 382 1236 424 ultro
1270 383 1321 423 ad
1357 398 1518 439 poenam

107 438 183 494 ipsi
219 439 481 489 obtulissent,
511 454 642 495 quum
677 438 835 479 veniam
872 438 1052 480 dedisset
1085 448 1262 496 praetor;
1310 441 1522 495 profectus

103 497 311 552 extemplo
343 497 397 537 ad
431 496 530 537 alias
564 495 766 546 civitates,
797 495 989 536 omnibus
1024 497 1225 552 imperata
1258 496 1519 547 facientibus,

108 552 250 607 quieto
285 553 469 594 exercitu
505 561 700 609 pacatum
734 567 897 607 agrum,
931 553 1003 607 qui
1043 553 1186 608 paullo
1225 562 1320 594 ante
1361 554 1516 608 ingenti

107 610 293 651 tumultu
331 619 500 660 arserat,
543 610 791 666 peragravit.
866 610 971 650 Haec
1012 610 1156 651 lenitas
1196 610 1399 666 praetoris,
1433 627 1517 666 qua

106 665 192 706 sine
233 667 431 722 sanguine
471 667 764 708 ferocissimam
804 675 970 722 gentem
1011 668 1243 717 domuerat,
1278 684 1325 707 eo
1359 669 1517 723 gratior

104 722 215 777 plebi
250 724 531 779 Patribusque
556 723 652 773 fuit,
675 739 760 779 quo
790 723 999 765 crudelius
1021 724 1268 779 avariusque
1289 725 1329 764 in
1354 724 1518 765 Graecia

106 779 319 829 bellatum,
351 789 390 822 et
427 782 479 822 ab
512 781 679 821 consule
716 780 878 821 Licinio
913 789 953 822 et
989 781 1041 821 ab
1086 781 1283 822 Lucretio
1322 790 1516 837 praetore,

104 845 205 878 erat.
269 837 515 879 Lucretium
548 838 705 879 tribuni
738 837 872 894 plebis
905 838 1116 879 absentem
1138 838 1403 879 concionibus
1423 838 1697 894 assi-inhiem-

103 893 197 934 duis
228 895 476 945 lacerabant,
509 910 640 950 quum
683 894 921 950 reipublicae
957 910 1101 936 caussa
1134 895 1273 935 abesse
1304 911 1520 936 excusare·
1532 895 1706 961 flumw'l‘?

102 958 199 992 tur:
236 952 308 992 sed
340 960 431 993 tum
464 952 567 992 adeo
600 951 734 992 vicina
760 951 883 992 etiam
912 951 1172 1007 inexplorata
1197 961 1328 1001 crant,
1352 961 1398 993 ut
1420 952 1452 993 is
1473 938 1641 1005 colis-mm
1688 942 1711 962 r.

103 1016 288 1064 tempore
304 1008 345 1048 in
359 1024 460 1064 agro
477 1025 552 1049 suo
574 1008 739 1049 Antiati
754 1017 873 1058 esset,
888 1024 1124 1063 aquamque
1141 1024 1189 1048 ex
1210 1009 1415 1049 manubiis
1433 1010 1521 1049 An-

104 1064 213 1105 tium
244 1081 294 1106 ex
324 1065 495 1105 flumine
527 1065 742 1105 Loracinae
773 1064 955 1105 duceret.
1019 1065 1072 1105 Id
1093 1080 1199 1120 opus
1221 1064 1428 1106 ¹³centum
1450 1066 1521 1106 tri-

102 1121 221 1177 ginta
246 1122 428 1162 millibus
455 1122 546 1162 aeris
574 1121 726 1162 locasse
754 1121 920 1162 dicitur.
953 1121 1107 1162 tabulis
1134 1137 1302 1177 quoque
1326 1121 1448 1178 pictis
1470 1138 1520 1163 ex

107 1178 254 1234 praeda
283 1179 428 1219 fanum
470 1178 701 1234 AEsculapii
742 1177 970 1219 exornavit.
1044 1178 1252 1219 Invidiam
1292 1178 1522 1219 infamiam-

102 1251 186 1291 que
217 1236 270 1276 ab
302 1235 501 1277 Lucretio
538 1244 778 1277 averterunt
809 1234 841 1258 Μ
854 1235 895 1275 in
933 1235 1207 1276 Hortensium
1248 1251 1521 1277 successorem

108 1293 199 1348 ejus
222 1292 441 1334 Abderitae
463 1292 603 1348 legati,
626 1292 772 1334 flentes
798 1300 894 1333 ante
921 1291 1092 1343 curiam,
1114 1301 1432 1348 querentesque,
1455 1307 1523 1346 op-
1536 1304 1699 1335 Abderita-

101 1351 243 1403 pidum
283 1364 392 1391 suum
431 1350 482 1390 ab
525 1349 747 1390 Hortensio
786 1356 1057 1403 expugnatum
1098 1365 1145 1389 ac
1190 1351 1388 1403 direptum
1429 1366 1521 1392 esse.
1535 1358 1601 1378 rum
1617 1359 1723 1389 quere-

104 1409 296 1449 caussam
327 1408 478 1448 excidii
489 1451 495 1459 ¹
495 1408 632 1460 fuisse
660 1407 764 1456 urbi,
788 1408 906 1460 quod,
929 1421 1045 1460 quum
1076 1406 1266 1447 ¹⁵ce72tum
1298 1408 1428 1447 millia
1457 1410 1523 1448 de·
1537 1391 1633 1465 ἓξὲξ)
1645 1393 1723 1421 slor-

101 1465 263 1505 nariam
298 1471 336 1505 et
380 1464 558 1505 mit-iem·
591 1465 888 1518 quinquaginta
927 1465 1059 1503 millia
1089 1463 1261 1504 modizim
1293 1466 1523 1517 imperaret,
1592 1460 1601 1463 '⁷
1637 1457 1645 1465 ’

105 1521 321 1574 Περαίὶαφη
336 1523 559 1574 petierant,
583 1535 658 1575 quo
675 1523 722 1561 (Ie
743 1536 789 1561 ea
811 1535 855 1560 re
875 1527 912 1560 et
933 1522 989 1560 ad
1008 1521 1235 1561 Hostilium
1257 1523 1464 1571 consulem,
1487 1529 1526 1563 et

103 1580 275 1619 Romam
297 1581 498 1619 mitterent
517 1580 683 1632 legatos.
749 1578 789 1618 V
786 1579 920 1618 zlvdum
942 1579 999 1617 ad
1017 1579 1210 1618 consulem
1226 1593 1266 1619 se
1278 1581 1523 1631 pervenisse,

105 1643 144 1677 et
163 1638 322 1677 audisse
342 1637 531 1689 oppidum
548 1641 830 1688 expugnatum,
846 1635 1057 1687 principes
1077 1637 1206 1676 securi
1222 1651 1438 1688 percussos,
1455 1638 1525 1677 suh

103 1708 251 1734 corona
272 1700 420 1734 ceteros
441 1694 604 1734 venisse.
654 1692 686 1716 ¹3
705 1692 885 1747 Indigna
906 1692 1067 1733 senatui
1087 1691 1176 1732 visa
1193 1709 1200 1733 :
1234 1692 1525 1735 decreverunt-

106 1766 190 1807 que
225 1751 369 1792 eadem
409 1751 461 1792 de
498 1749 730 1799 Abderitis,
773 1764 870 1805 quae
911 1749 963 1789 de
1006 1749 1216 1789 Coronaeis
1256 1750 1524 1793 decreverant

107 1807 244 1864 priore
274 1823 408 1855 anno;
442 1807 670 1863 eademque
700 1821 776 1862 pro
806 1805 999 1846 concione
1027 1805 1185 1846 edicere
1206 1806 1295 1856 ¹⁹Q.
1315 1807 1523 1848 Maenium

106 1873 330 1920 praetorem
345 1865 574 1920 jusserunt.
637 1865 696 1904 Et
718 1862 844 1919 legati
866 1863 965 1912 duo,
984 1863 1031 1904 C.
1057 1863 1324 1918 Sempronius
1347 1864 1523 1915 Blaesus,

109 1923 202 1962 Sex.
226 1921 368 1962 Julius
392 1923 547 1971 Caesar,
570 1921 624 1962 ad
656 1919 934 1961 restituendos
966 1919 1008 1959 in
1036 1919 1269 1961 libertatem
1296 1920 1525 1962 Abderitas

110 1978 234 2019 missi.
298 1978 452 2019 Iisdem
483 1978 743 2027 mandatum,
775 1985 822 2018 ut
854 1985 894 2017 et
928 1976 1113 2017 Hostilio
1147 1977 1304 2017 consuli
1337 1986 1377 2018 et
1413 1979 1525 2018 Hor-

107 2035 239 2076 tensio
268 2036 439 2090 praetori
472 2034 731 2084 nunciarent,
766 2042 953 2074 senatum
976 2033 1193 2074 Abderitis
1216 2033 1419 2089 injustum
1440 2035 1526 2075 bel-

108 2091 197 2132 lum
231 2091 421 2142 inlatum,
454 2091 729 2147 conquirique
765 2106 921 2139 omnes,
951 2089 1024 2146 qui
1057 2089 1098 2130 in
1127 2090 1325 2131 servitute
1359 2091 1454 2141 sint,
1484 2100 1525 2133 et

109 2148 274 2189 restitui
295 2148 337 2189 in
358 2149 607 2198 libertatem,
629 2163 800 2204 aequum
821 2162 996 2188 censere.

167 2206 215 2245 V.
249 2205 412 2246 Eodem
434 2214 619 2261 ternpore
641 2205 693 2245 de
721 2206 767 2245 C.
793 2203 949 2253 Cassio,
973 2203 1045 2259 qui
1079 2203 1222 2244 consul
1255 2204 1391 2260 priore
1419 2220 1527 2245 anno

109 2261 261 2312 fuerat,
285 2270 375 2303 tum
408 2263 603 2304 tribunus
631 2261 812 2302 militum

156 2404 193 2434 13
227 2404 351 2434 Centum
388 2405 512 2445 triginta
553 2404 680 2434 millibus
716 2397 799 2440 aeris]

112 2447 243 2478 Assibus
259 2448 394 2477 130000.
416 2447 449 2477 id
468 2452 525 2482 est,
547 2446 659 2478 marcis
679 2445 799 2486 argenti

112 2490 299 2520 nostratibus
314 2490 435 2520 circiter
451 2491 524 2521 127.

157 2533 196 2563 14
219 2532 258 2562 In
274 2532 461 2563 Hortensium
481 2531 680 2571 successorem]
715 2530 799 2560 Hinc

115 2580 244 2616 apparet
269 2574 469 2606 Hortensium
498 2575 556 2606 hoc
585 2585 665 2605 anno
688 2578 799 2615 praeto-

115 2627 180 2647 rem
194 2617 299 2653 fuisse,
315 2624 346 2648 et
361 2619 492 2649 classem
507 2628 578 2648 cum
598 2628 651 2648 ora
667 2616 800 2647 Graeciae

117 2658 271 2690 maritima
286 2661 424 2691 sortitum
439 2671 515 2691 esse.

161 2702 200 2731 15
232 2702 354 2733 Centum
383 2705 477 2733 millia
504 2702 674 2742 denarium]
712 2702 799 2731 Mar-

115 2753 168 2774 cas
183 2744 299 2784 argenti
315 2747 407 2777 1562.
422 2745 528 2776 uncias
542 2746 572 2775 4.

171 2786 210 2816 16
245 2787 349 2817 Tritici
374 2791 587 2829 quinquaginta
613 2788 707 2817 millia
743 2798 799 2816 mo-

117 2829 215 2869 ‹lz'i‘zm]
247 2829 371 2860 Modios
395 2832 581 2862 Parisienses
606 2830 666 2860 fere
686 2829 802 2860 38542.

165 2873 200 2901 17
234 2871 364 2910 Spatium
391 2875 552 2914 pecierunt]
582 2873 693 2903 Mallet
723 2872 801 2902 Gro-

844 2261 885 2301 in
920 2260 1169 2300 Macedonia
1188 2276 1282 2301 eum
1305 2262 1359 2300 A.
1384 2261 1528 2302 Hosti-

842 2400 949 2432 novius
961 2402 1108 2439 petierint.

887 2445 924 2473 18
960 2444 1089 2484 Indigna
1113 2446 1225 2474 senatui
1246 2444 1322 2485 visa]
1354 2444 1437 2484 Lege
1458 2455 1529 2475 cum

841 2486 950 2517 eodem
985 2487 1033 2517 vel
1070 2487 1201 2528 Indigna
1235 2498 1278 2517 res
1304 2489 1418 2518 senatui
1445 2489 1528 2524 2·isa,·

842 2530 901 2563 vel,
918 2529 1047 2569 Indigna
1061 2541 1093 2560 ea
1106 2531 1220 2560 senatui
1234 2531 1304 2560 visa.

889 2572 928 2602 19
954 2572 990 2605 Q.
1020 2572 1159 2602 sslaenium
1186 2573 1351 2612 praetorem]
1383 2572 1446 2603 Hic
1474 2572 1528 2601 ha-

844 2614 952 2645 bemus
976 2615 1100 2644 alterius
1121 2615 1222 2645 adhuc
1243 2615 1378 2656 praetoris
1399 2624 1527 2644 nomen:

844 2657 893 2688 cui
925 2657 1166 2697 jurisdictionem
1202 2658 1344 2699 obtigisse
1379 2662 1462 2698 patet
1491 2666 1528 2686 ex

845 2711 880 2731 eo
905 2699 987 2740 quod
1009 2711 1090 2731 nunc
1112 2710 1233 2741 quoque
1255 2700 1286 2730 in
1309 2700 1382 2729 urbe
1396 2699 1452 2735 sit3
1475 2709 1527 2739 pe-

841 2743 1004 2784 regrinam,
1030 2753 1067 2773 ex
1092 2754 1127 2774 eo
1152 2743 1233 2783 quod
1257 2743 1375 2781 collega
1395 2741 1459 2781 ejus
1480 2742 1529 2772 M.

844 2785 964 2822 Retius,
980 2785 1058 2816 infra
1071 2796 1098 2816 e.
1116 2787 1164 2815 11.
1180 2796 1217 2814 ea
1231 2789 1301 2824 agat
1316 2793 1383 2824 (μω
1399 2784 1438 2813 ad
1452 2795 1528 2826 prae·

845 2828 916 2859 toris
930 2828 1040 2858 urbani
1054 2828 1185 2858 officium
1200 2827 1402 2868 pertinebant.

919 2918 998 2952 ΗΞ
