1841 3179
623 55 965 94 PRAEFATIO.
1439 57 1526 95 cxix

72 163 274 207 Muretus
302 164 385 207 alia
411 180 433 206 e
454 163 665 206 veteribus
694 165 812 206 libris
842 173 999 215 notata,
1021 163 1101 205 alia
1128 164 1384 206 divinatione
1414 165 1527 206 colli-

68 235 185 276 gens,
209 221 337 278 signis
366 220 581 278 appositiS,
612 221 725 263 unde
746 222 932 277 dignosci
964 230 1146 278 possent,
1174 221 1228 263 ad
1261 222 1523 278 Sigonianam

69 292 245 333 primam
267 280 513 342 conjecer,at
534 293 583 319 ea
603 279 779 321 Patrum
801 279 1007 320 societatis
1034 279 1064 319 J
1068 295 1138 320 esu
1161 294 1257 334 quae
1280 280 1426 320 Romae
1447 288 1524 329 est,

73 335 298 378 voluminis
327 336 605 386 dominorum,
635 335 902 387 humanitati,
924 344 965 378 et
997 335 1196 391 singulari
1226 335 1360 377 officio
1392 311 1525 377 Gudii

68 391 212 434 debeo.
276 393 357 434 Sed
387 401 428 434 et
460 392 741 448 Tanaquillus
773 393 909 434 Faber
942 393 1150 434 Salmurio
1178 392 1407 434 miniatulis
1443 394 1528 433 suis

70 449 204 491 missis
234 465 388 492 munus
418 458 607 491 nostrum
636 450 856 505 insigniter
885 450 1060 492 ornavit.
1122 450 1343 506 Epitomas
1374 449 1529 490 Barbe-

69 506 187 558 rinae,
225 507 450 557 Vossianae‚
486 515 528 548 et
562 506 671 548 binae
703 507 836 548 Gudii
866 507 1117 548 membranae
1141 508 1359 573 ]uverunt.
1421 507 1528 548 Haec

68 563 186 605 fuere
207 564 357 620 coeptis
386 563 486 605 meis
506 564 717 620 praesidia:
754 579 851 621 quae
872 564 974 605 dum
1005 565 1222 620 conquiro,
1244 564 1375 614 vides,
1396 564 1526 604 amice

68 620 212 671 lector,
233 636 331 677 quae
360 620 528 662 vincula
557 621 710 672 subire,
740 629 947 677 quantum
977 621 1071 662 aeris
1100 621 1239 671 alieni,
1261 636 1387 677 quam
1419 620 1527 661 diffi-

69 677 203 720 culter
241 686 370 734 atquc
409 693 520 733 aegre
558 678 843 734 expungendi,
884 678 1126 720 contrahere
1171 693 1237 718 me
1277 694 1302 718 o
1334 677 1523 719 ortuerit.

70 735 152 776 Sed
173 734 277 776 adeo
297 750 364 776 me
392 734 596 784 stimulat,
618 735 789 786 fodicat,
811 735 976 777 vellicat
996 735 1161 776 infinita
1190 693 1386 790 quaeclam
1407 735 1525 790 cupi-

66 791 178 833 ditas
208 792 444 834 litterarum
472 791 809 843 excolendarum,
840 801 904 843 ut,
936 792 1047 834 unde
1079 793 1132 833 T.
1165 791 1278 833 Livii
1315 792 1526 833 sinceritae

69 856 153 890 tem
188 857 229 890 et
263 849 511 914 dignitatem
551 849 711 904 augeri,
747 849 859 891 unde
898 849 1132 913 periculum
1171 849 1250 889 hoc
1281 848 1525 905 apparatius

67 905 188 956 effici,
209 914 252 948 ct
273 907 358 948 tuis
379 906 530 948 studiis
554 905 715 962 aliquid
745 906 979 948 utilitatum
1000 905 1137 947 afferri
1157 921 1277 961 posse
1306 905 1523 961 opinabar,

67 962 172 1004 nihil
192 964 428 1005 recusarim.
490 964 629 1014 Quare
649 963 775 1004 etiam
797 963 929 1006 libens
958 978 1006 1004 ac
1032 962 1196 1019 prolixo
1225 962 1379 1012 animo,
1401 970 1524 1017 quot-

67 1029 173 1075 quot
194 1020 272 1062 hoc
301 1020 501 1062 beneficio
530 1035 596 1061 me
618 1019 848 1061 obnoxium
878 1028 1018 1061 tenere
1038 1020 1148 1061 viros
1177 1018 1420 1068 honoribus,
1442 1019 1524 1060 vir-

67 1077 248 1129 tutibus,
265 1077 499 1119 eruditione
519 1092 566 1118 ac
578 1076 751 1141 scriptis
767 1076 1098 1118 eminentissimis
1113 1076 1262 1117 merito
1281 1091 1332 1132 pl
1334 1075 1523 1126 aedicavi,

67 1133 116 1174 iis
136 1134 203 1175 hic
224 1134 391 1189 publice
411 1150 459 1176 eo
479 1133 643 1175 nomine
663 1133 809 1175 laudes
828 1142 1065 1198 gratesque
1072 1148 1168 1189 ago:
1211 1141 1268 1183 et,
1290 1133 1324 1173 si
1345 1131 1450 1187 quid
1471 1147 1523 1172 ex

66 1192 273 1232 sententia
298 1192 434 1242 cessit,
465 1205 548 1232 non
578 1199 664 1232 tam
692 1190 824 1231 labori
854 1205 961 1241 meo,
992 1189 1067 1245 qui
1097 1197 1316 1245 utcunque
1344 1202 1522 1243 gnavus,

69 1262 151 1288 non
172 1255 311 1289 tamen
318 1248 421 1312 ‘pari
442 1247 609 1313 ingenio
628 1247 903 1302 doctrinaque
928 1254 1186 1288 sustentatus
1206 1246 1304 1298 fuit,
1326 1260 1454 1302 quam
1475 1244 1522 1286 il-

65 1303 203 1345 lorum
222 1304 351 1361 copiis
370 1312 412 1346 et
431 1303 681 1359 benignitati
700 1303 1021 1345 adscribendum
1043 1303 1252 1359 profiteor.

127 1361 242 1413 Vale,
263 1369 305 1404 et
326 1362 477 1405 nostris
499 1360 652 1413 Musis,
674 1359 776 1402 dum
796 1360 963 1411 fruelis,
983 1360 1089 1402 fave.

812 2853 892 2888 H‘lr
