1831 3194
488 133 737 171 LIBROR.
767 132 1040 170 DEPERD.
1395 139 1469 171 2411

66 242 123 281 ad
150 255 267 295 quam
298 241 585 290 devertebatur,
604 243 838 294 captivitate
867 248 1041 282 exemtus
1070 247 1139 282 est.
1202 241 1398 282 AEsernia
1429 253 1466 284 cl

68 298 171 337 Alba
193 300 359 340 colonioe
377 300 429 338 ab
453 300 610 339 Italicis
630 300 790 340 obsessoe
809 306 914 339 sunt.
960 299 1131 338 Auxilia
1153 299 1297 339 (Ieimle
1319 301 1468 340 Latini

66 356 236 395 nominis
257 363 583 409 emternarwnque
607 357 785 410 gentium
805 357 921 396 missa
946 357 1096 408 populo
1118 356 1316 404 Romano,
1339 365 1376 397 et
1397 373 1464 396 ea·-

57 413 170 463 pedit
178 413 283 452 iones
302 414 467 454 invicem
488 414 875 468 eapugnationesque
894 413 1045 453 urbium
1066 411 1305 464 reseruntur.

622 544 896 597 LXXIII.

125 646 169 687 L.
201 648 338 690 Julius
365 650 501 690 Coesar
530 650 660 689 consul
688 651 790 690 male
819 650 1006 690 adversus
1032 649 1230 690 Samnites
1250 651 1461 703 pugnavit.

65 703 173 745 Nola
193 707 351 746 colonia
371 707 413 746 in
427 713 661 758 potestatem
689 707 925 748 Samnitium
947 707 1055 747 venit
1076 721 1158 746 cum
1181 707 1233 746 L.
1257 708 1464 747 Postumio

54 767 246 813 praetore,
269 764 339 816 qui
358 764 410 802 ab
430 765 479 803 iis
500 764 724 817 intersectas
744 771 814 804 est.
850 764 1078 816 Complures
1100 765 1246 816 populi
1264 765 1320 803 acl
1338 765 1465 804 hostes

60 816 300 869 defecerunt.
366 820 497 868 Quum
533 823 586 861 P.
623 821 800 862 Rutilius
833 823 968 861 consul
995 822 1097 861 male
1125 822 1312 861 adversus
1342 822 1465 861 hostes

60 874 227 917 Marsos
249 885 482 931 pugnasset,
503 884 541 918 et
562 879 606 918 in
629 879 773 931 pra‘lio
803 879 1020 928 cecidisset,
1044 879 1087 918 C'.
1110 879 1287 926 Marius,
1310 879 1465 931 legatus

59 930 158 984 ejus,
200 935 360 975 meliore
392 942 528 975 eventu
565 949 648 976 cum
680 935 855 976 hostibus
893 935 1083 991 conflixit.
1145 935 1228 975 Ser.
1269 935 1464 987 Sulpicius

62 989 255 1043 Pelignos
272 993 416 1043 proelio
430 992 567 1045 fudit.
622 994 670 1039 Q.
703 993 852 1044 Caepio,
869 993 1025 1046 legatus
1055 992 1222 1041 Rutilii,
1252 1006 1368 1045 qincm
1396 992 1463 1031 ob-

58 1059 183 1087 sessus
200 1061 394 1100 prospere
413 1049 453 1088 in
476 1049 600 1090 hostes
630 1050 828 1100 erupisset,
852 1055 889 1088 et
910 1048 957 1088 ob
977 1063 1061 1088 eum
1088 1063 1298 1089 successum
1328 1063 1462 1101 aequa-

61 1108 143 1143 tum
176 1105 216 1143 ei
245 1119 330 1145 cum
368 1106 411 1146 C.
450 1106 588 1145 Mario
623 1112 719 1146 esset
747 1106 965 1158 imperium,
997 1106 1227 1145 temerarius
1240 1105 1398 1158 factus,
1425 1112 1462 1146 et

57 1161 343 1201 circumventus
359 1162 534 1211 insidiis,
549 1164 654 1215 fuso
682 1164 858 1202 exercitu
877 1162 1030 1202 cecidit.
1079 1162 1134 1202 L.
1153 1162 1292 1204 Julius
1324 1163 1462 1202 Coesar

59 1217 193 1256 consul
202 1218 384 1266 feliciter
403 1220 592 1260 adversus
618 1220 817 1261 Sanmites
831 1220 1043 1273 pugnavit.
1071 1219 1118 1258 ob
1138 1233 1223 1259 eam
1250 1219 1461 1259 victoriam

57 1273 201 1313 Romae
218 1289 318 1329 saga
333 1276 469 1328 posita
485 1283 587 1316 sunt.
609 1283 657 1325 et,
680 1283 724 1317 ut
743 1276 859 1317 varia
880 1277 975 1317 belli
990 1275 1163 1327 fortuna
1184 1282 1295 1324 esset,
1320 1275 1463 1315 AEser-

55 1331 130 1370 nia
149 1332 305 1372 colonia
326 1347 410 1373 cum
440 1335 504 1374 M.
527 1333 724 1374 Marcello
754 1335 796 1373 in
821 1340 1052 1386 potestatem
1081 1333 1315 1373 Samnitium
1344 1333 1462 1373 venit.

56 1387 138 1428 Sed
165 1388 210 1429 C.
235 1388 399 1433 Marius
420 1392 571 1443 proelio
595 1391 757 1431 Marsos
768 1390 901 1441 judit,
931 1389 949 1413 2
967 1390 1092 1430 Herio
1115 1389 1270 1440 Asinio,
1287 1396 1464 1442 prmtore

42 1445 394 1495 ‘Marrucinorum
422 1447 559 1488 occiso.
635 1448 680 1489 C'.
716 1447 899 1489 Caecilius
939 1448 982 1488 in
1014 1446 1153 1487 Gallia
1189 1447 1460 1499 Transalpina

55 1501 255 1543 Salluvios
275 1503 512 1546 rebellantes
531 1505 637 1546 vicit.
1080 1504 1083 1505 ⁷

630 1643 897 1696 LXXIV.

116 1744 191 1785 Cn.
224 1746 436 1798 Pompeius
472 1747 656 1788 Picentes
686 1748 825 1799 proelio
841 1748 981 1802 fudit,
1017 1754 1055 1787 et
1087 1747 1237 1787 obsedit
1253 1766 1265 1786 .-
1296 1754 1461 1800 propter

57 1815 178 1853 quam
197 1802 403 1844 victoriam
420 1805 559 1844 Romce
573 1811 785 1857 pra'teoetae
801 1811 839 1844 et
858 1806 945 1845 alia
966 1805 1270 1856 magistratuum
1284 1805 1460 1857 iusignia

54 1865 183 1898 sumta
214 1867 320 1902 sunt.
359 1861 400 1901 C.
434 1861 597 1901 Marius
627 1876 710 1901 cum
745 1861 903 1902 Marsis
936 1862 1056 1901 dubio
1089 1868 1225 1902 eventu
1254 1862 1458 1915 pugnavit.

54 1914 266 1957 Libertini
297 1924 378 1957 tum
393 1918 562 1969 primum
584 1920 763 1959 militare
781 1925 994 1971 coeperunt.
1040 1920 1092 1959 A.
1116 1919 1276 1959 Plotius
1305 1920 1460 1972 legatus

63 1970 240 2024 Umbros,
259 1972 345 2014 ³L.
371 1975 538 2015 Porcius
560 1982 714 2028 prcetor
749 1975 927 2024 Marsos,
960 1990 1075 2029 qurmz
1107 1982 1265 2029 uterque
1298 1976 1463 2028 populus

54 2028 271 2082 defecisset,
292 2032 437 2082 proelio
456 2033 649 2072 vicerunt.
698 2033 932 2073 Nicomedes
953 2035 995 2073 in
1019 2034 1239 2087 Bithynice,
1264 2032 1460 2072 Ariobar-

52 2099 172 2125 zanes
200 2087 241 2125 in
265 2088 531 2140 Cappadocia²
559 2103 682 2141 regna
702 2090 854 2129 reducti
873 2097 975 2130 sunt.
1037 2090 1107 2130 Cn.
1135 2091 1345 2142 Pompeius
1371 2104 1459 2129 con-

51 2142 112 2181 sul
134 2143 296 2184 Marsos
317 2145 402 2184 acie
420 2145 528 2186 vicit.
592 2147 719 2192 Quum
739 2160 820 2186 cere
839 2146 965 2186 alieno
983 2147 1167 2198 obpressa
1187 2153 1283 2186 esset
1304 2147 1458 2194 civitas,

53 2197 69 2221 ⁴
81 2198 135 2238 A.
155 2200 408 2253 Sempronius
419 2201 568 2242 Asellio
582 2209 746 2255 praetor,
763 2204 950 2256 quoniam
966 2205 1172 2243 secundum
1193 2203 1388 2243 debitores
1387 2203 1460 2256 jus

53 2255 223 2306 dicebat,
256 2259 306 2298 ab
337 2260 401 2307 iis,
425 2260 496 2312 qui
508 2259 834 2312 soenerabantur,
857 2260 896 2299 in
911 2261 1014 2314 soro
1043 2260 1187 2300 occisus
1215 2266 1285 2300 est.
1344 2261 1459 2300 Prae-

51 2317 162 2353 terea
178 2315 425 2356 incursiones
444 2317 638 2357 Thracum
653 2317 694 2357 in
712 2317 989 2357 Macedoniam
1003 2318 1358 2371 populationesque
1370 2331 1459 2356 con-

51 2369 163 2411 tinet.

94 2494 115 2523 2
150 2493 241 2525 Herio
269 2497 383 2540 Asinio]
415 2498 465 2530 Sic
490 2499 539 2530 edi
560 2500 653 2541 jussit
675 2500 732 2531 hoc
776 2501 921 2532 tulerant.
980 2502 1063 2542 Lege
1093 2511 1131 2531 ex
1160 2499 1249 2530 Floro
1277 2504 1308 2528 et
1347 2497 1457 2528 OFOSiO

52 2545 164 2582 nomen
194 2538 368 2570 Gronovius
397 2552 435 2572 ex
462 2542 584 2573 Velleio
607 2548 638 2573 et
664 2542 731 2585 Ap·
778 2544 924 2580 Etruscos,
956 2554 1033 2584 quos
1063 2543 1226 2584 Appianus
1263 2546 1368 2571 auctor
1398 2546 1454 2571 est.

51 2587 157 2626 Flam·
200 2580 316 2618 Antea,
333 2583 441 2620 Htw-110,
457 2585 506 2615 vel
531 2585 641 2615 Hirnio
667 2587 732 2616 Asi·
776 2597 838 2617 non
859 2586 947 2617 initio
970 2587 1054 2622 belli,
1078 2586 1133 2616 sed
1154 2590 1296 2625 suscepto
1319 2589 1350 2614 et
1371 2588 1456 2623 gesto

54 2631 112 2650 ιιιο.
777 2640 891 2670 magna
905 2640 943 2659 ex
957 2636 1043 2670 parte
1057 2629 1152 2663 bello,
1167 2627 1329 2658 defecisse.

94 2662 114 2691 3
152 2662 190 2693 L.
227 2665 348 2697 Porcius
376 2674 483 2707 proetor
520 2670 645 2712 Marsos]
684 2671 731 2701 Ea
818 2673 838 2701 4
862 2673 899 2702 A.
915 2672 1096 2711 Sempronius
1118 2671 1238 2710 Asellio]
1255 2670 1373 2707 Magna
1387 2676 1456 2713 pass

51 2714 121 2750 quie
144 2714 323 2745 sequuntur,
346 2721 435 2749 qnwn
460 2718 581 2752 uterque
606 2714 729 2752 populus
773 2714 930 2750 librorum,
948 2715 1071 2744 Asellus.
1116 2713 1259 2753 Sigonius¹
1280 2708 1456 2739 emendavnt

50 2749 206 2787 defecisset,
228 2751 357 2789 probant
382 2753 413 2782 in
436 2764 511 2785 voce
536 2755 646 2785 Marsos
674 2755 723 2785 hic
769 2767 807 2787 ex
845 2757 1002 2798 Appiano,
1041 2756 1168 2787 Valerio
1207 2752 1359 2797 Maxi—mo,
1397 2757 1457 2781 etc.

50 2799 117 2818 esse
148 2791 302 2821 mendum.
358 2795 429 2825 Non
458 2797 540 2827 enim
569 2803 633 2828 tum
663 2797 723 2839 pri·
769 2799 949 2840 Campanus
966 2810 1068 2830 veram
1092 2797 1254 2828 lectionem
1271 2795 1319 2823 luc
1343 2799 1457 2828 servat,

50 2842 134 2861 mum
163 2832 293 2864 deficere
321 2845 481 2877 coeperunt
510 2840 625 2870 Marsi:
671 2840 723 2870 sed
769 2843 884 2872 Asellio.

50 2874 186 2904 omnium
208 2876 298 2921 primi
321 2879 495 2910 rebellionis
516 2881 638 2921 signum
659 2893 723 2912 sus-

849 2931 923 2965 1³¹2
