1826 3149
342 93 416 128 144
864 90 1007 128 ΤΙΤΙ
1055 91 1231 129 LIVII

128 208 169 241 U.
179 208 217 240 C.
232 209 307 240 584.
339 197 447 240 enim
468 213 515 240 ac
543 212 673 255 prope
703 197 831 240 hostis
863 199 1046 250 habitus,
1068 200 1169 241 dum
1200 200 1307 242 inter
1334 217 1376 242 se
1399 200 1485 242 duo
1514 215 1631 257 reges
1655 216 1750 265 cap-

126 253 308 285 A.C.168.
339 263 474 297 tantes
512 256 661 296 fraude
695 264 737 296 et
776 255 950 297 avaritia
987 265 1159 298 certant,

127 883 213 921 Quid
235 893 285 914 ac-

127 933 192 957 tum
209 926 298 957 fuerit
338 935 366 976 b

128 970 206 999 inter
216 970 328 1001 Persea
341 991 347 999 .

1221 258 1362 314 Cydas
1401 266 1489 299 erat
1526 259 1749 309 CretenS1s,

339 327 391 353 ex
422 311 578 353 intimis
609 312 832 352 Eumenis:
870 312 936 353 hic
969 313 1085 368 prius
1117 314 1171 354 ad
1203 314 1493 371 Amphipolim
1525 329 1620 355 cum
1652 315 1751 356 Chi-

339 383 453 409 maro
489 368 671 424 quodam
710 368 904 424 populari
945 385 1034 419 suo,
1067 369 1270 412 militante
1305 372 1419 427 apud
1456 373 1621 422 Persea,
1653 371 1751 412 inde

338 432 483 488 postea
522 426 575 466 ad
616 424 942 477 Demetriadem,
977 427 1100 467 semel
1140 443 1235 468 cum
1271 429 1511 469 Menecrate
1553 428 1750 482 quodam,

339 490 492 523 lterum
519 481 555 506 3⁰
566 497 662 522 cum
692 481 960 533 Antimacho,
985 483 1110 539 regiis
1142 484 1334 535 ducibus,
1366 486 1444 526 sub
1478 484 1578 541 ipsis
1608 485 1753 526 moeni-

338 538 419 579 bus
453 537 569 579 urbis
603 537 846 580 conlocutus
884 540 1036 581 fuerat.
1097 542 1298 596 Eropon⁰
1332 554 1516 597 quoque,
1548 541 1622 597 qui
1659 549 1750 582 tum

339 595 487 636 missus
508 604 584 645 est,
607 594 773 636 duabus
793 595 847 636 ad
876 597 1068 637 eumdem
1091 597 1323 638 Eumenem
1347 599 1435 653 jam
1458 607 1553 639 ante
1582 597 1753 653 legatio-

338 651 462 692 nibus
493 652 665 693 functus
700 660 800 693 erat.
863 654 966 703 Quae
1001 654 1222 710 conloquia
1251 655 1416 695 occulta
1447 663 1488 695 et
1528 654 1753 710 legationes

337 707 371 744 5¹
385 708 557 749 infames
597 709 767 764 quidem
808 718 948 751 erant:
992 711 1078 761 sed,
1119 711 1223 766 quid
1262 720 1405 753 actum
1442 719 1563 761 esset,
1599 711 1755 766 quidve

338 764 446 805 inter
477 780 596 821 reges
624 765 894 818 convenisset,
919 766 1204 823 ignorabatur.
1265 768 1352 809 Res
1381 776 1522 809 autem
1551 768 1612 809 ita
1641 775 1755 809 sesep

338 821 500 862 habuit.

398 879 547 919 XXV.
579 879 791 920 Eumenes
830 895 965 936 neque
1005 880 1110 922 favit
1149 881 1333 922 victoriae
1374 881 1528 932 Persei,
1567 880 1602 906 ³2
1618 896 1754 937 neque

369 935 448 976 ello
469 950 565 978 eum
594 935 789 977 invadere
810 936 947 977 animo
975 936 1148 979 habuit:
1180 936 1215 961 ⁵³
1224 953 1305 978 non
1335 946 1420 979 tam
1442 938 1542 993 quia
1566 946 1754 1001 paternae

127 1017 159 1042 et
174 1013 290 1044 Eume·
339 1000 447 1033 mter
481 1008 550 1033 eos
588 992 816 1035 inimicitiae
855 1001 987 1045 erant,
1028 1009 1155 1050 quam
1196 994 1381 1051 ipsorum
1420 994 1526 1035 odiis
1565 1003 1673 1035 mter
1712 1010 1754 1035 se

127 1063 209 1087 nem·

339 1064 532 1090 accensae.
594 1050 692 1090 Non
721 1065 770 1090 ea
798 1066 946 1106 regum
967 1051 1194 1101 aemulatio,
1218 1060 1265 1092 ut
1296 1066 1417 1107 aequo
1446 1051 1756 1093 animo-Persea

340 1114 477 1148 tantas
511 1105 683 1162 adipisci
717 1122 831 1162 opes,
863 1115 1107 1163 tantamque
1140 1107 1330 1163 gloriam,
1361 1116 1520 1163 quanta
1555 1107 1755 1149 Romanis

340 1163 460 1204 victis
489 1177 584 1204 eum
614 1163 823 1215 manebat,
846 1164 1057 1206 Eumenes
1081 1164 1246 1205 visurus
1275 1165 1414 1205 fuerit.
1477 1165 1685 1206 Cernebat
1714 1173 1756 1206 et

341 1220 508 1270 Persea,
523 1220 613 1276 jam
633 1220 730 1261 inde
750 1220 803 1261 ab
831 1220 949 1262 initio
969 1221 1082 1271 belli,
1103 1221 1215 1262 omni
1242 1221 1366 1262 modo
1391 1236 1505 1277 spem
1532 1221 1644 1277 pacis
1669 1229 1757 1262 ten-

341 1283 462 1326 tasse,
485 1284 526 1317 et
547 1276 589 1316 in
610 1276 698 1317 dies
723 1276 869 1332 magis,
892 1292 976 1333 quo
1006 1277 1175 1334 propior
1205 1278 1498 1319 admoveretur
1527 1286 1675 1328 terror,
1697 1278 1758 1318 ni-

340 1332 399 1372 hil
429 1347 564 1388 neque
593 1348 716 1389 agere
745 1333 875 1384 aliud,
904 1349 1039 1390 neque
1071 1334 1264 1389 cogitare.
1325 1335 1537 1375 Romanos
1571 1350 1755 1390 quoque,

340 1388 440 1444 quia
462 1390 697 1431 traheretur
721 1389 880 1431 diutius
909 1406 980 1446 spe
1012 1390 1196 1446 ipsorum
1228 1390 1401 1441 bellum,
1422 1399 1463 1432 et
1483 1390 1594 1446 ipsos
1614 1391 1756 1441 duces,

340 1453 382 1486 et
417 1454 621 1495 senatum,
653 1461 735 1487 non
771 1446 992 1488 abhorrere
1027 1463 1052 1488 a
1086 1446 1266 1488 finiendo
1301 1456 1386 1488 tam
1418 1447 1678 1488 incommodo
1709 1463 1756 1488 ac

339 1502 495 1543 difficili
534 1503 656 1544 bello.
718 1504 813 1544 Hac
845 1503 1066 1560 utriusque
1105 1503 1236 1560 partis
1271 1504 1485 1545 voluntate
1526 1504 1755 1559 explorata,

339 1559 456 1614 quod
476 1559 565 1600 fieri
592 1559 716 1601 etiam
746 1575 822 1600 sua
851 1569 996 1616 sponte
1027 1561 1152 1602 taedio
1173 1560 1397 1610 validioris,
1419 1569 1534 1602 metu
1562 1560 1757 1601 infirmio-

340 1617 396 1657 ris
417 1616 612 1666 credebat
642 1631 776 1672 posse,
797 1616 840 1656 in
861 1632 908 1656 eo
933 1632 1050 1658 suam
1080 1632 1247 1673 operam
1269 1617 1482 1658 venditare
1503 1617 1757 1658 concilianda

339 1672 477 1727 gratia
496 1672 628 1728 magis
648 1672 791 1728 cupiit.
852 1673 977 1723 Nam,
999 1674 1123 1715 modo
1143 1689 1194 1714 ne
1218 1674 1387 1729 juvaret
1413 1674 1522 1714 bello
1545 1675 1755 1715 Romanos

340 1737 452 1770 terra
477 1729 679 1785 marique,
701 1729 826 1770 modo
854 1729 967 1785 pacis
996 1731 1213 1785 patrandae
1234 1745 1329 1770 cum
1352 1729 1551 1770 Romanis
1580 1730 1756 1786 pacisce-

341 1785 467 1827 batur
497 1786 751 1827 mercedem:
783 1785 817 1809 ³4
830 1801 882 1827 ne
911 1786 1021 1828 bello
1051 1786 1279 1836 interesset,
1301 1786 1412 1827 mille
1438 1795 1478 1827 et
1505 1786 1754 1842 quingentaq

521 1873 537 1889 ⁰
553 1869 689 1910 Cryphon
706 1869 795 1901 Crev.
966 1877 982 1897 Ρ
995 1881 1023 1901 se
1037 1869 1117 1901 Ead.
1287 1873 1304 1898 q
1319 1871 1464 1911 quingena
1481 1869 1577 1900 Gron.

385 1948 427 1977 30
451 1947 526 1977 Cum
548 1949 736 1990 Antimacho]
767 1948 852 1979 Olim
880 1949 1029 1979 Antiocho.

1073 1955 1138 1979 tum
1163 1959 1342 1990 possumus:
1375 1960 1432 1979 non
1455 1956 1514 1979 tam
1536 1950 1604 1989 quia
1622 1956 1757 1989 paternoe

345 1990 530 2021 Emendavit
553 1991 728 2022 Gronovius
749 2001 787 2022 ex
807 2001 833 2021 c.
855 1991 903 2021 13.
927 2001 1029 2033 supra.

1072 1994 1149 2022 inter
1181 2003 1223 2022 eos
1256 1993 1420 2022 inimicitioe
1446 1999 1541 2027 erant,
1569 1998 1597 2023 et
1630 1994 1756 2031 ipsomm

345 2032 435 2063 Idem
458 2032 536 2063 infra
559 2034 621 2075 legi
641 2034 733 2075 jussit
754 2034 894 2074 Cryphon
916 2044 953 2064 ex
969 2035 1028 2065 Po-

343 2075 408 2116 lyb.
424 2076 532 2116 Legat.
548 2078 599 2107 85.
635 2078 740 2118 Vulgo
757 2077 882 2116 Eropov.

385 2119 590 2160 3l*17}tizmes
618 2143 626 2150 .
649 2143 658 2150 .
680 2142 688 2151 .
711 2142 719 2150 .
742 2120 842 2160 erant]
888 2119 1029 2150 Infamiae

344 2160 477 2191 Eumeni
512 2162 595 2203 apud
632 2163 791 2193 Romanos
821 2168 927 2200 erant;
963 2172 1027 2193 sus-

342 2209 466 2243 pectum
507 2205 687 2247 proditionis
724 2206 896 2237 Eumenem
936 2204 1027 2237 facie-

341 2246 428 2277 bant.

383 2290 424 2319 32
450 2289 548 2330 Neque
578 2292 648 2321 bello
679 2301 745 2321 eum
771 2292 906 2321 invadere
933 2293 1029 2322 animo

342 2331 457 2372 habuit]
494 2333 636 2373 Sigonius
662 2340 840 2374 reposuerat
866 2335 897 2363 in
922 2336 1029 2364 animo.

341 2372 404 2403 Sed
433 2374 509 2405 nihil
547 2381 593 2406 est
627 2375 841 2417 praepositione
876 2387 964 2418 opus,
995 2383 1030 2407 ut

340 2415 481 2447 observat
513 2418 697 2449 Gronovius.
749 2419 799 2448 Sic
834 2418 952 2449 Auctor
990 2419 1029 2450 de

341 2458 432 2489 Bello
461 2459 553 2501 Hisp.
584 2460 615 2489 in
649 2459 759 2490 litteris
788 2461 947 2502 Pompeii:
982 2473 1027 2491 co-

339 2501 432 2532 horres
453 2504 548 2531 animo
569 2503 653 2532 habeo
674 2504 713 2532 ad
734 2513 780 2532 vos
796 2505 920 2535 mittere.
954 2504 1029 2536 Vid.

340 2549 372 2574 et
386 2549 449 2574 not.
465 2545 518 2574 81.
534 2544 574 2575 ad
590 2545 713 2575 XXXI.
730 2546 780 2575 18.

383 2586 530 2616 33*N‹m
551 2594 612 2617 tam
633 2588 719 2628 quia]
748 2588 809 2617 Hic
832 2587 948 2629 aliquid
970 2588 1027 2619 im-

340 2628 437 2671 pediti
449 2633 497 2660 est
509 2635 540 2660 et
557 2629 688 2660 obscuri.
732 2630 780 2660 Ea
801 2629 893 2661 fuisse
907 2631 1028 2662 videtur

340 2682 428 2702 mens
443 2671 523 2702 Livii
545 2678 579 2703 ut
597 2671 720 2706 diceret,
738 2673 907 2703 Eumenem
929 2674 1028 2714 magis

341 2713 538 2746 aemulatione
568 2725 661 2756 quam
697 2714 768 2745 odio
797 2715 1025 2746 inimicitiamm

341 2767 378 2786 eo
405 2757 574 2789 adductum
601 2768 678 2793 esse,
704 2762 739 2787 ut
762 2757 889 2788 minime
911 2758 1027 2789 faveret

342 2798 474 2830 victoriae
504 2800 620 2831 Persei.
663 2801 702 2831 In
732 2800 813 2831 hane
840 2801 1025 2832 sententiam

342 2839 385 2872 sic
415 2842 542 2874 formare
567 2843 702 2875 Livianae
728 2843 874 2875 orationis
900 2850 1025 2876 contex-

1072 2036 1144 2065 odz'is
1171 2036 1247 2065 inter
1270 2045 1298 2065 se
1321 2045 1456 2070 accensoe,
1479 2045 1572 2076 quam
1594 2035 1677 2076 qnod
1699 2047 1758 2066 uon

1073 2090 1105 2108 ea
1119 2089 1222 2117 regum
1236 2079 1352 2108 mizula!
1358 2079 1393 2112 io,
1407 2084 1442 2107 ut
1456 2100 1464 2108 .
1480 2100 1489 2108 .
1504 2100 1512 2109 .

1115 2121 1156 2150 34
1182 2121 1227 2151 Ne
1249 2121 1320 2151 bello
1344 2123 1498 2156 interesset,
1518 2121 1597 2151 mille
1619 2126 1646 2150 et
1668 2121 1754 2161 quin-

1070 2170 1160 2204 genta
1190 2165 1309 2194 talenta.
1365 2163 1403 2193 In
1434 2164 1568 2204 utroque]
1605 2163 1666 2194 Hic
1697 2163 1754 2194 ali-

1071 2206 1145 2246 quid
1162 2205 1268 2237 deesse
1291 2206 1358 2248 ipsa
1370 2216 1419 2237 res
1432 2206 1557 2237 clamat.
1600 2205 1686 2243 Quid
1702 2216 1755 2237 ex-

1071 2248 1189 2284 ciderit,
1219 2249 1365 2280 discimus
1395 2259 1433 2280 ex
1466 2248 1610 2290 Appiano
1640 2249 1674 2279 in
1701 2258 1754 2279 ex·

1070 2291 1181 2333 cerptis
1195 2291 1233 2322 de
1251 2292 1340 2323 Bello
1352 2291 1566 2322 Macedonico.
1609 2290 1658 2322 Sic
1673 2290 1755 2322 enim

1070 2333 1165 2364 habet
1181 2335 1309 2366 Graecus
1324 2334 1460 2376 scriptor.
1502 2334 1651 2365 Tozmvw
1661 2333 1684 2365 δ’
1695 2333 1758 2378 ᾔτει

1072 2375 1225 2417 (Εὐμενὴς)
1250 2378 1302 2412 τῆς
1327 2377 1379 2417 μὲν
1404 2375 1569 2411 διαλύσεως,
1592 2377 1684 2417 χίλια
1705 2377 1760 2409 καὶ

1072 2419 1261 2456 πεντακόσια,
1278 2421 1329 2453 τῆς
1345 2418 1372 2450 δὲ
1388 2420 1514 2460 ἡσυχίως
1530 2419 1631 2460 χίλια.
1664 2421 1758 2451 Hunc

1071 2472 1194 2492 sensum
1229 2463 1333 2504 procul
1362 2462 1456 2493 dubio
1486 2468 1676 2504 expresserat
1704 2462 1756 2493 Li-

1070 2504 1155 2535 vius:
1188 2506 1282 2535 verba
1313 2505 1355 2535 sic
1390 2503 1565 2536 formamus.
1610 2505 1657 2536 Ne
1687 2506 1758 2536 bello

1070 2549 1224 2583 interesset,
1252 2548 1332 2577 mille
1344 2558 1354 2583 ,·
1385 2554 1419 2577 ut
1446 2558 1546 2586 pacem
1576 2549 1755 2583 conciliaret,

1069 2590 1149 2619 mille
1179 2596 1205 2620 et
1236 2591 1395 2631 quingenta
1425 2591 1545 2620 talenta.
1595 2591 1681 2622 Mille
1710 2597 1755 2621 ta-

1070 2633 1149 2662 zema
1183 2637 1254 2664 sunt
1292 2642 1402 2663 marcae
1445 2632 1564 2674 argenti
1605 2639 1756 2666 nostrates

1070 2675 1186 2705 93750.
1249 2675 1335 2705 Mille
1373 2681 1400 2706 et
1439 2678 1608 2718 quingenta,
1645 2687 1756 2708 marcae

1070 2717 1206 2748 140625.
1244 2717 1283 2748 In
1298 2718 1335 2748 iis
1351 2728 1474 2760 quoque
1489 2729 1559 2760 quae
1574 2725 1753 2760 sequuntur,

1069 2759 1157 2800 lege:
1188 2760 1225 2789 Ιη
1250 2766 1417 2801 utrumque.
1468 2760 1547 2793 Haec
1572 2761 1675 2794 omnia
1700 2762 1755 2794 de-

1068 2802 1179 2834 bentur
1194 2803 1359 2835 Gronovio.
