1831 3194
472 96 597 134 LIB.
632 96 760 133 XL11.
809 95 943 132 CAP.
976 95 1065 131 LII.

62 206 218 249 ander‘
211 223 253 248 ιιι
275 207 420 248 Asiam
454 206 632 262 trajecit,
655 220 884 260 numquam
909 205 1036 245 ullius
1073 204 1355 245 Macedonum
1379 205 1487 259 repis
1503 210 1541 240 U-
1553 208 1589 239 C·
1607 209 1681 239 581.

61 265 200 320 copias
222 273 358 306 tantas
382 263 520 304 fuisse.
1501 253 1541 282 A.
1555 253 1594 283 C
1610 252 1682 284 171.

124 322 228 363 LII.
263 323 415 363 Sextus
436 329 477 361 et
500 320 718 361 vicesimus
739 336 872 361 annus
897 320 1116 374 sinebatur,
1139 334 1188 359 cx
1212 334 1297 381 quo
1330 319 1486 374 petenti

65 379 262 442 Philippo
283 378 382 419 data
402 393 484 433 pax
507 386 617 418 erat:
653 393 726 433 pei
748 377 789 417 id
816 392 936 417 omn(
972 386 1137 432 ttmpus
1170 376 1315 431 quieta
1349 377 1394 415 M
1402 391 1490 416 ace-

63 435 188 476 donia
208 444 249 476 et
270 449 511 491 progeniem
545 435 748 481 ediderat
771 435 892 490 cujus
924 449 1076 488 mafrna
1099 449 1196 489 pars
1230 441 1396 473 matura
1416 433 1490 473 rni-

63 492 163 533 litiae
195 500 315 542 esset,
338 500 379 533 et
401 491 562 532 levibus
582 491 701 532 bellis
737 491 953 531 Thracum
976 491 1104 531 adcol
1097 505 1232 539 irum,
1255 504 1353 545 quae
1374 504 1490 530 exei-

63 557 201 590 celent
231 548 378 605 manis,
410 564 537 604 quam
573 549 814 603 fatiwtrent,
853 548 931 589 sub
965 548 1131 588 assidua
1162 555 1300 588 tamen
1343 546 1491 588 militia

63 606 223 647 fuerat:
256 615 297 647 et
299 584 392 647 odiu
427 587 678 647 meditatum
707 580 905 661 Philippo
936 605 1086 660 primo,
1109 604 1259 646 deinde
1281 612 1322 645 et
1357 604 1488 654 Persi,

63 663 301 704 Romanum
341 663 514 712 bellum,
555 663 694 703 omnia
734 672 781 704 ut
824 662 1028 704 instructa
1067 670 1298 717 parataque
1338 669 1488 711 essent,

61 719 265 761 effecerat.
328 720 451 760 Mota
482 735 708 776 paiuinper
741 719 860 783 acies,
897 719 1036 771 (7⁵non
1066 720 1184 775 iusto
1217 719 1395 759 decursu
1430 726 1491 759 tw

62 779 175 840 men)
198 792 249 817 ne
272 777 432 819 stetisse
465 786 631 818 tantum
664 792 705 818 in
738 777 863 818 arinis
895 776 1163 817 viderwenttu
1208 783 1488 831 armatosque,

62 842 168 875 s1cut
202 843 382 897 erant,a
358 834 412 875 ad
444 834 681 875 concionem
715 834 891 875 vocavit
956 835 1053 889 Ipse
1086 833 1272 874 constitit
1294 848 1334 873 ln
1357 832 1489 874 tribu-

62 890 160 941 nali,
182 891 291 932 circa
321 907 362 932 se
392 891 549 932 habens
579 892 685 932 filios
707 891 836 932 duos:
870 906 1051 947 quoium
1084 905 1218 946 1na101
1251 890 1488 945 Philippus,

62 956 214 989 natura
243 948 388 998 frater,
420 948 644 1004 adoptione
675 948 811 995 filius;
859 963 1007 998 minor,
1040 963 1165 1003 quem
1195 947 1490 988 Alexandrum

63 1005 282 1055 vocabant,
305 1014 431 1046 natul
433 1005 507 1046 ahs
528 1014 628 1046 erat.
693 1006 949 1046 Cohortatus
970 1014 1031 1046 est
1053 1004 1205 1045 milites
1226 1005 1279 1045 ad
1304 1004 1487 1045 bellum:

61 1061 297 1118 ⁷⁴iniuriam
320 1062 466 1118 populi
502 1062 712 1103 Romani
705 1078 745 1102 ln
768 1070 931 1117 patrem
965 1077 1092 1117 seque
1125 1061 1487 1102 commemoravit:

67 1121 196 1168 Illum,
243 1120 421 1160 omnibus
466 1120 784 1173 indignitatibus
823 1121 1062 1172 compulsum
1104 1120 1162 1158 ad
1203 1119 1490 1167 rebellandum,
1507 1121 1617 1151 Orano
1632 1121 1707 1151 Per-

63 1178 171 1217 z‘nter
202 1178 448 1230 adparatum
483 1178 578 1217 belli
596 1177 701 1232 fato
735 1178 987 1229 obpressum.-
1032 1177 1148 1217 adse
1177 1177 1296 1217 simul
1325 1177 1489 1229 levatos,
1505 1164 1604 1238 {31qu
1620 1175 1676 1194 ¹¹¹¹

62 1235 181 1275 simul
217 1236 363 1275 milites
394 1236 452 1275 ad
482 1236 737 1288 occupandas
762 1234 941 1276 Graeciae
971 1235 1087 1275 uibes
1119 1235 1268 1275 missos.
1330 1234 1495 1275 Fallaci

64 1293 211 1332 deinde
241 1293 452 1346 conloquio
476 1307 555 1346 per
584 1295 752 1346 speciem
783 1293 1099 1333 reconciliandce
1122 1293 1241 1345 pacis
1272 1298 1496 1332 extractam

62 1350 240 1398 hiemem,
258 1356 301 1390 ut
321 1356 474 1403 tempus
488 1352 545 1390 ad
563 1352 879 1403 comparandum
895 1350 1103 1391 haberent.
1166 1350 1376 1391 Consulem
1395 1363 1499 1389 nunc

63 1408 200 1448 venire
215 1422 299 1448 cum
317 1408 469 1449 duabus
484 1409 709 1462 legionibus
727 1409 938 1456 Romanis,
958 1406 1086 1461 quce⁷⁵
1096 1408 1333 1447 **t⁷·ecerzos
1347 1408 1499 1460 equites

63 1465 255 1515 habeant,
279 1471 318 1505 et
331 1466 435 1518 pari
450 1466 590 1520 ferme
611 1480 773 1506 numero
793 1467 987 1506 sociorum
1013 1465 1199 1517 peditum
1232 1465 1498 1518 equitumque.

65 1524 131 1562 Eo
153 1530 195 1562 ut
215 1524 411 1563 accedant
430 1537 565 1576 regum
583 1524 744 1563 auxilia
767 1523 964 1563 Eumenis
984 1529 1021 1562 et
1040 1521 1290 1571 Masinissae,
1310 1535 1390 1561 non
1405 1522 1501 1574 plus

62 1587 208 1632 septem
230 1581 361 1620 millia
376 1581 574 1632 peditum,
598 1582 676 1620 duo
709 1582 884 1634 equitum
900 1580 1074 1633 futura.
1133 1580 1301 1620 Auditis
1327 1579 1499 1619 hostium

65 1638 205 1690 copiis,
242 1638 489 1690 respicerent
527 1652 637 1677 suum
679 1639 761 1690 ipsi
796 1639 1035 1683 exercitum;
1090 1643 1283 1690 quantum
1320 1650 1497 1685 numero,

65 1701 256 1748 quantum
282 1709 432 1748 genere
461 1696 633 1736 militum
660 1702 909 1748 prcestarent
939 1694 1152 1743 tironibus,
1185 1695 1339 1747 raptim
1370 1695 1427 1733 ad.
1457 1695 1502 1734 id

65 1752 207 1792 bellum
238 1753 489 1805 conscriptis,
523 1754 618 1805 ipsi,
650 1768 676 1792 a
702 1754 844 1806 pueris
873 1753 1027 1792 eruditi
1057 1752 1214 1792 artibus
1244 1753 1418 1798 militiae,
1442 1758 1502 1792 tot

65 1809 222 1850 subacti
262 1816 384 1864 atque
425 1811 564 1851 durati
605 1810 731 1851 hellis.
815 1810 988 1850 Auxilia
1033 1810 1235 1850 Romanis
1283 1810 1431 1863 Rudas,
1463 1816 1501 1849 et

66 1868 271 1922 Phrygas,
294 1874 333 1908 et
353 1867 557 1909 Numidas
578 1882 684 1908 esse:
717 1868 796 1909 sibi
823 1868 1019 1916 Thracas,
1047 1866 1282 1920 Gallosque,
1291 1867 1502 1920 fi'rocissz'-

65 1939 151 1966 mas
165 1926 358 1980 gentium.
422 1928 547 1966 Arma
570 1926 661 1966 illos
682 1926 830 1966 habere
849 1940 911 1974 ea,
935 1939 1024 1979 quae
1043 1926 1123 1965 sibi
1143 1926 1310 1979 quisque
1321 1936 1503 1977 parave-

67 1983 126 2022 rit
138 1997 303 2035 pauper
330 1983 469 2024 miles:
502 1983 757 2024 Macedonas
779 1990 948 2036 promta
969 1998 1018 2022 ex
1037 1983 1152 2037 regio
1183 1983 1407 2034 adparatu,
1423 1997 1506 2036 per

67 2046 127 2080 tot
148 2054 276 2080 annos
299 2042 441 2093 patris
460 2042 525 2082 sui
543 2055 641 2082 cura
663 2048 701 2081 et
722 2042 892 2094 inpensa
909 2041 1053 2095 facta.
1118 2040 1385 2080 Commeatum
1419 2041 1504 2080 illis

68 2111 186 2151 quum
213 2099 370 2150 procul,
392 2104 473 2138 tum
504 2098 681 2139 omnibus
711 2099 781 2139 sub
814 2099 972 2139 casibus
1008 2099 1226 2138 maritimis
1242 2098 1374 2151 fore.-
1406 2112 1446 2138 se
1467 2104 1505 2138 et

60 2155 277 2208 pecuniam
308 2161 346 2195 et
359 2155 631 2209 frumentum,
648 2163 806 2209 praeter
835 2157 990 2196 reditus
1019 2156 1285 2204 metallorum,
1310 2156 1353 2194 in
1375 2157 1504 2195 decem

69 2226 197 2253 annos
215 2214 447 2266 seposuisse.
511 2214 672 2263 Omnia,
691 2228 780 2268 quae
795 2215 976 2255 Deorum
995 2213 1267 2267 indulgentia,
1285 2226 1375 2266 quae
1389 2213 1507 2267 regia

70 2359 148 2396 buit,
186 2366 318 2402 quatuor
362 2360 462 2391 millia
505 2366 535 2392 et
573 2361 760 2402 quingentos
806 2360 1109 2402 quietividerentur.

71 2404 210 2444 equites:
236 2414 330 2445 quam
354 2404 541 2436 sententiam
557 2404 679 2435 videtur
694 2404 761 2446 ipse
849 2405 890 2434 74
927 2404 1080 2454 Injuriam
1099 2403 1199 2443 populi
1224 2403 1366 2443 Romani]
1399 2402 1505 2439 Matri

72 2452 196 2477 secutus
211 2457 278 2478 esse
296 2447 415 2483 Livius,
431 2447 451 2477 l.
467 2448 527 2478 IX.
544 2458 573 2478 c.
592 2449 643 2479 19.
688 2447 763 2479 Vid.
807 2447 945 2489 placeret
985 2448 1123 2486 injwzias.
1191 2446 1284 2476 Libro
1313 2447 1358 2476 ΙΙ.
1397 2457 1426 2477 c.
1451 2442 1504 2477 38.

73 2494 105 2519 et
120 2490 144 2520 F
147 2489 312 2521 1e1nshem
327 2490 380 2531 qui
396 2501 434 2521 ex
448 2491 557 2532 priscis
580 2501 762 2521 monumen-

73 2531 112 2562 tis
141 2543 206 2563 rem
236 2533 402 2574 diligentei
433 2533 624 2575 exsequitur,
656 2534 766 2576 Suppl.

74 2573 107 2604 in
124 2575 277 2612 Curtium,
293 2576 316 2606 l.
330 2577 377 2607 II.
393 2587 423 2607 c
437 2578 468 2607 3.

118 2618 158 2647 73
184 2619 250 2649 Non
264 2621 349 2658 justo
373 2621 499 2650 ‹lecmsu
521 2625 629 2655 tamen,
656 2631 691 2650 ne
712 2626 766 2650 ste-

76 2661 141 2690 tisse
188 2663 319 2702 tantum]
364 2662 552 2704 Transponit
603 2664 766 2694 Muretus:

75 2714 133 2732 non
154 2705 238 2742 justo
269 2707 395 2737 decursa
425 2712 541 2742 tamen,
536 2717 542 2723 ·
580 2712 708 2742 tantum,
734 2717 769 2736 ne

76 2746 182 2775 stetisse
204 2747 235 2776 in
264 2750 353 2778 armis
385 2749 567 2779 viderentur.
628 2749 767 2780 GRoso-

79 2800 165 2819 vrus.
222 2789 324 2820 *Non
354 2790 556 2822 decurrerunt
585 2791 697 2833 plane:
736 2792 769 2822 id

56 2836 198 2877 *tantum
230 2831 355 2863 edidere
385 2839 498 2869 motus,
529 2834 613 2876 quod
644 2845 770 2865 necesse

77 2880 142 2905 erat
167 2879 200 2904 ut
224 2884 284 2904 non
315 2875 436 2906 stetisse
468 2876 500 2907 in
524 2888 617 2908 armls
647 2878 771 2909 omnino

815 2490 923 2521 Vetewes
958 2491 1058 2529 populi
1096 2490 1224 2519 Romani
1266 2491 1404 2529 injurias,
1443 2490 1504 2519 cla-

811 2535 913 2573 desque
926 2535 1021 2575 gentis
1038 2533 1215 2563 Volscorum.

864 2577 904 2606 75
939 2576 1072 2617 Singula?
1101 2587 1169 2606 sena
1199 2576 1292 2605 millia
1318 2577 1448 2615 peditum
1480 2580 1507 2603 et

813 2625 941 2650 trecenos
970 2619 1092 2660 equites]
1131 2618 1280 2659 Quinque
1309 2618 1424 2660 primas
1454 2627 1507 2646 vo-

813 2673 865 2693 ces
888 2661 1017 2692 inseruit
1034 2661 1176 2693 Clericus
1199 2672 1237 2691 ex
1265 2666 1369 2691 mente
1387 2660 1507 2690 Grono-

812 2705 865 2735 vii.
912 2704 1118 2736 Manifestum
1142 2709 1209 2734 erat
1233 2703 1351 2744 aliquid
1367 2702 1510 2733 hocloco

813 2748 934 2779 deesse.
996 2748 1060 2778 Cur
1090 2746 1173 2777 enim
1205 2748 1338 2777 Perseus
1367 2745 1406 2775 de
1436 2745 1509 2775 solis

813 2791 970 2832 equitibus
993 2789 1183 2821 mentionem
1216 2789 1344 2819 faceret.
1406 2788 1508 2819 Trece-

814 2845 864 2865 ⁷103
880 2834 1014 2876 reposuit
1031 2832 1174 2874 Sigonius
1190 2842 1243 2873 pro
1260 2833 1392 2862 tricenos.
