1831 3194
434 100 558 138 LIB.
587 98 735 138 XLIV.
779 98 912 137 CAP.
942 98 1136 136 XXXVI.
1426 104 1497 142 157

81 207 230 258 cavati,
253 208 395 265 paullo
425 209 520 265 plus
551 224 678 264 quam
710 208 822 249 mille
851 223 998 264 passus
1025 207 1208 264 patebat.
1272 207 1338 249 Ibi
1360 208 1402 249 in
1424 224 1506 250 mc·
1522 218 1700 250 U.C.5ss4.

83 264 168 314 dio,
200 267 485 321 spectantibus
527 267 742 322 utrimque
772 281 823 306 ex
855 265 964 306 vallo
1004 273 1235 306 castrorum
1266 265 1363 305 hinc
1394 261 1700 318 rege,A·C·¹⁶⁸·

84 320 180 362 hinc
210 323 377 364 consule
406 338 501 363 cum
534 323 619 363 suis
650 323 899 377 legionibus,
930 331 1166 379 pugnatum
1198 330 1272 363 est.
1336 322 1508 362 Missili-

84 377 165 418 bus
186 380 331 435 procul
352 381 467 435 regia
486 380 644 420 auxilia
665 380 812 420 melius
846 380 1118 436 pugnabant3
1164 380 1352 420 cominus
1383 379 1509 419 stabi-

86 434 163 475 lior
193 445 233 477 et
265 437 409 487 tutior,
443 436 538 478 ²aut
569 452 728 493 parma,
761 445 836 478 aut
867 445 985 478 scuto
1018 436 1257 491 Ligustino,
1291 437 1510 476 Romanus

85 502 186 533 erat.
250 493 430 534 Meridie
460 494 546 534 fere
576 494 763 550 receptui
794 494 883 534 cani
916 493 1001 534 suis
1031 493 1174 534 consul
1199 493 1340 549 jussit.
1372 493 1432 534 ita
1461 509 1510 533 eo

86 548 154 589 (lie
175 549 400 591 diremtum
431 551 630 607 proelium
660 560 737 601 est,
759 550 874 591 haud
904 551 1050 607 paucis
1075 551 1289 605 utrimque
1319 550 1511 591 interfec-

88 605 152 646 tis.
215 606 308 647 Sole
328 617 421 649 orto
442 618 609 663 postero
641 607 723 658 die,
745 608 919 649 irritatis
951 608 1175 648 certamine
1199 607 1362 657 animis,
1384 607 1509 648 etiam

87 663 223 703 acrius
244 678 490 705 coneursum
512 673 597 706 est:
636 665 708 706 sed
731 665 926 715 Romani,
949 679 1030 705 non
1051 665 1104 705 ab
1125 665 1190 705 liis
1212 673 1392 714 tantum,
1414 679 1510 704 cum

86 720 243 774 quibus
273 730 533 763 contractum
564 730 771 763 certamen
815 730 918 772 erat,
950 721 1022 762 sed
1053 721 1188 762 multo
1219 722 1351 775 magis
1380 720 1433 761 ab
1464 736 1513 762 ea

88 777 376 829 multitudine,
398 794 496 835 quae
516 779 720 835 disposita
748 779 792 820 in
822 779 1013 820 turribus
1044 778 1196 828 stabat,
1219 778 1331 819 omni
1362 793 1513 833 genere

88 834 307 876 missilium
348 835 527 877 telorum
567 852 614 877 ac
655 836 764 877 saxis
805 836 984 877 maxime
1020 835 1362 876 vulnerabantur.
1424 835 1513 875 Ubi

88 891 263 947 propius
284 892 417 949 ripam
448 893 633 934 hostium
665 894 888 943 subissent,
911 893 1130 934 tormentis
1159 892 1284 933 missa
1314 892 1439 933 etiam
1460 891 1515 932 ad

90 947 259 988 ultimos
279 950 589 1005 perveniebant.
652 950 795 991 Multo
825 950 1020 1005 pluribus
1049 966 1097 990 eo
1127 949 1195 990 die
1226 949 1400 998 amissis,
1422 964 1517 989 con-

89 1004 154 1044 sul
175 1005 318 1061 paullo
338 1007 469 1047 serius
490 1007 645 1063 recepit
667 1022 775 1048 suos.
838 1007 987 1047 Tertio
1017 1006 1084 1046 die
1112 1006 1264 1062 proelio
1294 1006 1515 1055 abstinuit,

89 1060 309 1117 degressus
330 1063 382 1104 ad
414 1064 539 1104 imam
570 1072 733 1120 partem
762 1071 1010 1113 castrorum,
1032 1063 1163 1104 veluti
1185 1062 1201 1085 ³
1209 1078 1283 1119 per
1305 1062 1514 1103 devexum

89 1116 132 1158 in
154 1134 264 1160 mare
294 1120 512 1161 brachium
544 1121 767 1162 transitum
798 1128 1049 1163 tentaturus.
1114 1121 1306 1170 Perseus,
1329 1118 1445 1175 quod
1471 1118 1514 1159 in

89 1175 221 1217 oculis
241 1186 344 1227 erat,

646 1270 670 1295 ff
787 1269 812 1294 *-
929 1268 954 1294 {-

150 1381 378 1424 XXXVI.
431 1385 455 1411 ³³
478 1385 502 1410 ἦ
525 1385 550 1411 *
566 1383 662 1425 anni
683 1391 778 1440 post
811 1382 1111 1423 circumactum
1144 1380 1369 1423 solstitium
1400 1388 1651 1422 eratzAEmilii

90 1436 193 1478 hora
213 1439 295 1480 diei
310 1441 399 1498 jam
420 1441 474 1482 ad
501 1441 717 1482 meridiem
747 1439 970 1495 vergebat:
1017 1439 1097 1479 iter
1126 1438 1262 1479 multo
1281 1438 1454 1494 pulvere
1475 1446 1517 1479 et
1528 1432 1694 1464 cunctatio.

91 1494 362 1539 incalescente
393 1498 476 1539 sole
497 1498 657 1540 factum
687 1505 787 1538 erat.
820 1495 1023 1536 lassitudo
1053 1503 1094 1536 et
1126 1495 1216 1535 sitis
1249 1495 1338 1551 jam
1370 1495 1518 1535 sentie-

92 1550 234 1603 batur,
265 1563 321 1606 et,
351 1555 524 1596 meridie
563 1555 758 1604 instante,
791 1553 923 1609 magis
953 1551 1244 1593 “accessurum
1287 1560 1519 1607 utrumque

93 1607 333 1665 adparebat.
397 1612 555 1654 Statuit
586 1612 642 1652 sic
673 1611 859 1652 adfectos
888 1609 1043 1650 recenti
1065 1617 1194 1665 atque
1214 1609 1379 1663 integro
1408 1608 1519 1649 hosti

93 1680 175 1706 non
205 1667 395 1724 objicere.
459 1668 542 1709 Sed
571 1676 715 1710 tantus
744 1667 868 1708 ardor
897 1666 941 1706 in
971 1666 1119 1706 animis
1149 1665 1203 1706 ad
1233 1665 1520 1706 dimicandum

92 1724 308 1780 utrimque
328 1735 431 1776 erat,
454 1734 502 1767 ut
529 1725 689 1767 consuli
718 1740 801 1765 non
831 1724 989 1765 minore
1019 1731 1108 1764 arte
1139 1722 1193 1763 ad
1223 1737 1320 1763 suos
1350 1722 1520 1763 eluden-

93 1778 183 1831 dos,
201 1797 329 1837 quam
350 1783 403 1823 ad
423 1783 578 1833 hostes,
594 1798 702 1839 opus
722 1790 840 1823 esset.
902 1779 1104 1821 Nondum
1126 1780 1320 1821 omnibus
1340 1779 1520 1821 instruc-

94 1836 162 1888 tis,
184 1839 366 1881 instabat
387 1840 568 1881 tribunis
597 1840 797 1888 militum,
819 1846 867 1879 ut
888 1844 1148 1878 maturarent
1179 1837 1409 1878 instruere:
1442 1837 1520 1877 cir-

93 1896 279 1938 cumibat
309 1897 398 1953 ipse
428 1898 607 1947 ordines,
629 1897 788 1937 animos
818 1895 1000 1936 militum
1030 1893 1238 1935 hortando
1258 1894 1302 1934 in
1331 1908 1519 1949 pugnam

93 1953 355 1995 accendebat.
418 1954 485 1995 Ibi
517 1954 654 2011 primo
686 1953 841 1994 alacres
870 1952 1037 2007 signum
1072 1951 1310 2008 poscebant.
1352 1950 1519 2000 deinde,

96 2018 304 2064 quantum
334 2012 578 2053 incresceret
608 2019 750 2060 aestus,
772 2018 814 2051 et
835 2009 980 2050 vultus
1009 2008 1149 2049 minus
1178 2009 1367 2064 vigentes
1387 2016 1429 2049 et
1449 2023 1521 2047 vo-

96 2081 162 2107 ces
188 2067 395 2122 segniores
424 2076 556 2118 erant,
587 2076 628 2109 et
658 2067 833 2124 quidam
862 2066 1150 2107 incumbentes
1180 2065 1323 2114 scutis,
1354 2064 1520 2120 nisique

97 2125 194 2182 pilis
227 2126 404 2167 stabant.
467 2126 583 2166 Tum
608 2125 697 2181 jam
718 2132 861 2180 aperte
881 2121 1055 2179 ⁵primis
1086 2121 1306 2162 ordinibus
1325 2121 1520 2177 imperat,

98 2190 356 2225 metarentur
394 2182 574 2224 frontem
614 2190 860 2231 castrorum,
896 2188 938 2221 et
977 2179 1263 2236 inpedimenta
1296 2178 1522 2220 constitue-

152 2306 173 2336 2
203 2306 265 2336 Aut
289 2318 394 2347 parma
421 2312 474 2336 aut
500 2311 580 2335 scuto
615 2303 787 2346 Ligustino]

102 2351 166 2382 Hic
180 2360 292 2392 nempe
314 2349 497 2392 pugnabant
512 2347 619 2379 velites
642 2347 788 2382 Romani,

102 2393 156 2434 qui
192 2403 332 2435 parmam
367 2392 544 2429 habebant,
589 2397 621 2422 et
650 2390 788 2432 Ligures,

103 2436 170 2478 quiv
187 2441 319 2471 scutum,
343 2435 397 2466 sed
418 2435 486 2465 leve
508 2439 540 2465 et
561 2444 599 2465 ex
621 2444 705 2464 more
726 2443 788 2463 suae

103 2479 214 2520 gentis.
256 2477 356 2509 Testis
378 2484 425 2509 est
448 2476 634 2509 Plutarchus
656 2476 687 2507 in
704 2486 789 2507 exer-

102 2522 166 2553 citu
195 2522 317 2552 AEmilii
345 2521 437 2552 fuisse
464 2519 600 2562 aliquem
628 2530 791 2550 numerum

102 2564 263 2606 Ligurum.

154 2608 173 2638 3
204 2609 269 2638 Per
293 2609 430 2638 devexum
456 2607 489 2637 in
515 2617 594 2636 mare
622 2606 788 2647 brachium]

103 2649 157 2680 An
183 2649 295 2681 fossam
316 2649 494 2690 vallumque
516 2660 535 2680 a
557 2649 670 2680 Perseo
696 2648 790 2679 ducta

104 2702 209 2724 versus
230 2703 325 2729 mare,
340 2703 377 2725 ac
399 2691 526 2735 proinde
549 2703 569 2722 a
590 2690 700 2723 ceteris
721 2702 789 2721 mu-

106 2734 251 2767 nimentis
270 2735 390 2777 longius
403 2736 538 2766 remota‘!
570 2746 610 2766 an
632 2734 793 2765 brachium

104 2777 240 2809 fluminis
262 2778 372 2819 Enipei
391 2778 423 2808 in
445 2788 529 2809 mare
556 2777 673 2809 devexo
701 2776 793 2807 alveo

106 2821 225 2851 fluens?
269 2821 301 2851 Si
315 2821 372 2851 hoc
385 2820 549 2862 posteriore
570 2831 662 2851 sensu
675 2820 792 2861 capias,

108 2863 287 2896 indicaverit
317 2863 421 2894 Livius
448 2863 498 2894 hic
520 2863 659 2894 scindere
681 2873 713 2894 se
735 2862 791 2894 flu-

832 2313 914 2337 men,
931 2307 1025 2343 atque
1047 2300 1135 2336 adeo,
1158 2305 1194 2331 ut
1215 2300 1277 2332 fere
1299 2300 1344 2337 fit,
1359 2301 1462 2332 minus
1476 2300 1521 2332 al-

832 2352 899 2377 tum
913 2351 944 2377 et
958 2343 1089 2376 transitu
1103 2343 1224 2374 facilius
1236 2354 1314 2375 esse.

876 2390 896 2419 4
932 2389 1120 2419 Accessurum
1142 2387 1316 2428 utrumque]
1350 2386 1521 2417 Lassitudi-

833 2442 904 2463 nem
932 2437 963 2462 et
989 2429 1080 2461 sitim.
1139 2429 1201 2460 Hic
1236 2428 1357 2471 generis
1392 2429 1524 2461 mutatio

833 2474 962 2506 offendit
976 2471 1178 2505 Gronovium.
1222 2472 1285 2503 Sed
1306 2472 1416 2503 eodem
1431 2473 1524 2515 plane

835 2518 927 2549 modo
948 2522 1050 2547 noster
1072 2526 1165 2558 supra
1179 2516 1201 2547 l.
1217 2516 1323 2548 XXX.
1337 2526 1363 2546 c.
1380 2516 1433 2546 30.
1459 2516 1523 2546 Τιι-

831 2573 879 2591 am
892 2568 918 2592 et
931 2561 1162 2595 adolescentiam,
1178 2566 1205 2589 et
1215 2558 1523 2600 perpetuamfelicz'ta-

834 2611 900 2640 tem,
914 2604 1067 2645 ferociora
1081 2608 1215 2642 utraque,
1230 2613 1317 2643 quam
1339 2602 1442 2641 quietis
1455 2612 1524 2640 opus

832 2654 872 2678 est
884 2647 1020 2682 consiliis,
1033 2651 1139 2676 metuo.

876 2690 1046 2720 5³*Primis
1066 2687 1232 2727 ordinibus]
1257 2685 1428 2717 Primorum
1442 2685 1523 2715 ordi-

835 2743 910 2763 num
928 2731 1167 2763 centurionibus.
1211 2730 1354 2759 Testatur
1375 2727 1524 2769 Polybius

835 2775 858 2807 l.
873 2776 935 2806 VI.
962 2775 1057 2806 lectos
1085 2771 1277 2804 centuriones
1303 2780 1373 2800 cum
1401 2770 1524 2802 tribuno

836 2818 968 2849 militum
1005 2823 1174 2848 castrorum
1217 2812 1391 2844 metationis
1436 2815 1521 2856 apud

838 2862 997 2892 Romanos
1009 2869 1114 2890 curam
1130 2856 1284 2888 habuisse.
