1805 3174
542 106 915 155 PRAEFAT!
934 110 996 156 O.
1353 111 1489 160 lxxiii

48 250 200 297 locum
210 251 347 295 vanis
356 248 646 310 conjecturis
659 248 928 296 sollicitant
943 249 1079 297 ambo
1101 248 1358 298 Gronovie'.
1394 251 1491 304 Qui

48 327 154 373 haec
192 325 377 387 legerit,
402 340 518 370 num
555 324 757 371 tandem
794 324 930 372 aliud
967 324 1088 388 quid
1126 325 1494 375 desideraturus

46 402 256 460 videtur,
294 409 378 449 aut
418 401 590 448 merito
627 410 1003 466 conquesturus,
1047 403 1184 466 quod
1234 404 1325 451 sibi
1365 405 1491 452 Gro-

46 478 308 526 noviorum
347 485 476 525 notae
514 493 613 524 non
651 479 993 536 exhibeantur,
1042 496 1102 526 ex
1149 480 1329 543 quibus
1373 481 1492 528 nihil

51 556 186 603 aliud
205 555 483 611 didicisset,
504 555 598 603 nisi
622 573 709 604 eos
731 556 856 604 Livii
877 564 1093 604 mentem
1115 565 1370 606 assecutos
1390 575 1494 605 non

49 634 191 680 esse?

116 710 241 758 Haec
262 727 358 757 una
377 712 520 758 nobis
541 711 659 759 satis
678 728 874 775 semper
892 711 1076 760 idonea
1100 730 1253 761 causa
1275 714 1378 762 visa
1397 720 1488 771 est,
1506 725 1669 754 Editiones

1434 792 1442 800 .
1504 777 1576 796 cum
1595 768 1677 795 notis

48 806 133 837 cur
167 788 216 836 in
252 789 365 843 illis,
406 806 516 851 quae
557 806 738 852 magno
782 790 966 846 labore,
1006 792 1195 853 magnis
1232 792 1708 858 iinpenS1S,var10r32maa

48 867 178 930 apud
208 866 424 914 Batavos
461 868 840 931 Germanosque
866 874 1047 916 curatae
1073 877 1190 917 sunt
1215 887 1328 918 cum
1359 870 1491 917 notis
1504 854 1628 924 {2²3ssss
1643 858 1709 933 3ss¹:

45 944 290 991 variorum
331 944 644 1001 editionibus,
685 962 855 1008 parum
891 945 1089 993 utilitati
1125 948 1490 996 commoditati·
1505 947 1708 1010 {nugssssfgfm‘

46 1038 144 1084 que
175 1022 373 1069 lectoris
410 1023 691 1070 consultum
730 1023 880 1070 fuisse
910 1023 1268 1083 judicaremus.
1341 1026 1492 1079 Quod

46 1098 175 1145 enim
201 1099 250 1146 in
276 1100 368 1147 hoc
395 1099 521 1147 Livii
544 1101 656 1148 loco
693 1101 1014 1162 contingeret,
1041 1101 1081 1148 si
1106 1103 1288 1150 notulae
1313 1110 1494 1151 nostrae

47 1177 411 1224 Gronoviorum
450 1177 815 1240 disputationes
853 1177 1276 1239 praemitteremus,
1306 1179 1357 1226 id
1394 1179 1494 1227 illic

46 1255 326 1302 sexcenties
353 1255 553 1315 accidit,
577 1262 629 1302 ut
655 1254 915 1318 quinorum
943 1271 1235 1303 senorumve
1258 1257 1493 1320 interpre-

44 1341 146 1380 tum
169 1332 312 1380 variae
339 1331 770 1388 hallucinationes,
792 1339 839 1379 et
857 1331 1066 1378 verbosa
1094 1333 1373 1396 eademque
1397 1333 1495 1381 dis-

47 1409 309 1457 cordantia
347 1409 475 1455 inter
512 1425 566 1455 se
615 1416 900 1456 commenta
946 1407 1082 1470 prius
1128 1409 1343 1471 legenda
1380 1410 1494 1470 sint,

46 1504 196 1551 quam
223 1488 286 1534 ad
307 1504 468 1534 veram
491 1487 794 1534 difficultatis
815 1486 1217 1549 explanationem
1236 1488 1490 1545 devenias,

44 1566 346 1629 brevemque
372 1564 587 1628 aliquam
613 1572 801 1620 notam,
822 1581 931 1627 quae
957 1564 1184 1628 pauculis
1205 1565 1362 1612 verbis
1388 1582 1491 1613 rem

45 1650 199 1690 totam
227 1642 462 1698 continet,
488 1660 643 1707 eaque
669 1643 832 1690 omnia
856 1659 967 1705 quae
1003 1659 1301 1705 praecessere
1324 1643 1489 1690 fundi-

45 1728 124 1768 tus
150 1720 339 1769 evertit.
409 1720 610 1773 Quanto
635 1719 789 1766 satius
812 1726 915 1766 erat
950 1735 1217 1781 excerpere
1242 1736 1304 1766 ex
1328 1719 1488 1783 singu·
1505 1728 1690 1778 Satipsertft

45 1798 105 1845 lis
140 1797 504 1861 interpretibus,
542 1797 582 1845 si
620 1797 741 1861 quid
790 1797 906 1844 boni
948 1797 1082 1858 apud
1122 1812 1207 1844 eos
1248 1774 1691 1856 occurrit3se1iigssssrgffli⁵

46 1893 155 1939 quae
189 1876 382 1924 inutilia
418 1883 502 1923 aut
535 1875 675 1936 falsa,
712 1875 1047 1938 supprimere3
1089 1892 1200 1938 quae
1236 1875 1488 1923 verbosius
1502 1858 1682 1937 Ξὲῗθθζζῗζ

49 1953 341 2017 disceptata,
368 1953 687 2010 contrahere3
734 1952 903 2015 sicque
940 1958 988 1998 et
1012 1951 1159 1998 taedio
1195 1951 1412 2009 lectoris,
1442 1960 1488 2000 et
1501 1943 1697 2014 3¹:3²}ssssss

47 2047 162 2079 vero
187 2033 336 2079 etiam
359 2030 568 2093 tempori
594 2031 819 2094 parcere?
1503 2036 1707 2108 {issssssffffm‘

114 2109 294 2172 Neque
328 2115 496 2156 tamen
526 2108 559 2155 ii
589 2125 777 2163 sumus,
801 2107 884 2172 qui
921 2107 1137 2171 priorum
1172 2108 1491 2171 interpretum

48 2187 267 2235 deletam
304 2187 606 2243 memoriam,
637 2194 720 2233 aut
756 2186 902 2233 etiam
940 2186 1256 2233 obscuratam
1292 2185 1494 2233 laudem

48 2264 274 2312 velimus.
347 2264 467 2313 Non
491 2281 551 2311 ea
574 2264 722 2312 nobis
746 2281 887 2312 mens
915 2270 1005 2320 est,
1033 2271 1086 2311 ut
1109 2263 1219 2311 illos
1244 2263 1494 2309 latronum

47 2358 184 2390 more
208 2342 491 2406 spoliemus,
518 2343 602 2390 sed
631 2349 702 2402 ut,
720 2349 956 2405 tanquam
977 2359 1005 2388 a
1025 2341 1353 2404 locupletibus
1379 2338 1496 2385 ami-

49 2420 137 2480 cis,
162 2438 271 2484 quae
295 2421 436 2467 nobis
460 2421 571 2466 usui
608 2426 820 2482 possunt
845 2435 970 2474 esse,
997 2435 1112 2466 cum
1137 2424 1277 2480 grata
1302 2414 1494 2478 accepti

48 2498 275 2545 beneficii
298 2497 647 2545 testificatione
669 2503 966 2544 mutuemur.
1038 2495 1162 2543 Haec
1187 2495 1334 2558 igitur
1357 2509 1497 2540 sanc-

49 2582 101 2623 ta
124 2582 364 2622 statuatur
388 2581 438 2622 et
454 2573 693 2622 inviolata
716 2573 814 2629 lex,
834 2590 895 2620 ne
918 2572 1040 2636 quid
1066 2588 1285 2636 unquam
1311 2570 1373 2616 ab
1391 2568 1493 2615 ullo
1507 2591 1666 2637 Expressq

51 2654 353 2708 desumatur,
371 2652 490 2716 quin
515 2668 606 2698 sua
629 2649 823 2697 auctori
841 2647 1362 2712 praemonstratorique
1384 2645 1492 2691 laus
1506 2642 1709 2709 ζζᾚξζξῇῗξ

51 2738 184 2778 sarta
217 2737 445 2791 tectaque
481 2734 755 2792 praestetur,
794 2742 1029 2789 expresso
1066 2725 1115 2772 in
1153 2721 1347 2784 singula
1388 2721 1492 2781 ejus
1506 2720 1644 2758 quidque
1656 2720 1708 2748 de·

1507 2763 1628 2792 beatur.

51 2807 264 2857 nomine.
334 2806 536 2855 Deinde
559 2806 708 2854 etiam
728 2805 935 2853 multum
953 2801 1229 2865 reipublicae
1248 2796 1494 2847 litterariae
