1831 3194
490 123 740 162 LIBROR.
773 122 1047 160 DEPERD.
1404 130 1480 172 2⁶29

48 234 168 289 ⁴fecto
189 235 363 288 equitum
393 233 809 288 Karthaginiens-ium,
832 234 921 273 viro
941 231 1068 284 sorti,
1089 239 1125 273 et
1144 230 1253 285 cujus
1270 237 1476 287 prcecipua

63 306 184 344 opera
205 293 326 332 Poeni
344 292 569 339 utebantur,
588 294 801 342 persuasit,
819 297 861 329 ut
883 292 939 330 ad
960 291 1165 330 Romanos
1184 304 1271 330 cum
1292 295 1476 345 equitata

64 362 133 389 suo
163 351 366 390 transiret.
427 350 497 388 Ex
530 349 651 388 {ribus
684 349 844 401 legatis,
879 348 945 400 qui
981 349 1036 387 ad
1070 348 1335 390 Masinissam
1369 351 1477 389 missi

52 404 238 457 fecerant,
274 405 306 429 ⁴¹⁴
324 407 515 446 Claudius
558 405 789 452 Marcellus,
829 403 966 444 'com-ta
1010 411 1253 457 tempestate,
1277 407 1481 462 flactibus

63 463 226 503 obrutus
245 470 312 504 est.
376 463 738 515 lx'arllzagim'enses
768 462 1083 510 blasclmbalem,
1104 462 1333 503 Masinissae
1357 478 1477 516 nepo-

62 527 153 568 tem,
176 535 286 574 quem
302 527 508 573 prcetorem
537 519 748 568 habebant,
771 519 1014 572 proditionis
1041 526 1277 572 suspectum,
1298 520 1335 560 in
1358 521 1478 561 curia

62 578 285 618 occiderunt
303 596 315 617 :
346 591 435 631 quse
453 578 623 630 suspicio
645 577 734 617 inde
753 577 963 625 emanavit,
986 578 1092 630 quod
1102 578 1358 630 propinquus
1378 585 1479 619 esset

66 635 260 682 Gulussae,
279 635 550 674 Romanorum
571 634 726 674 auxilia
732 633 935 687 juvantis.
990 634 1037 674 P.
1057 635 1195 687 Scipio
1210 635 1478 686 AEmilianus,

62 706 178 746 quum
198 692 435 732 aedilitatem
462 698 631 745 peteret,
653 691 787 732 consul
807 706 832 731 a
853 692 1006 744 populo
1035 692 1175 740 dictus,
1200 692 1382 745 quoniam
1398 707 1477 745 per

59 763 188 789 annos
208 749 508 799 consulemfieri
527 763 606 788 non
626 749 786 797 licebat,
808 764 893 788 cam
916 763 1060 802 magno
1086 750 1302 790 certamine
1321 749 1472 805 suffra-

58 807 202 861 gantis
225 807 365 860 plebis,
398 813 436 847 et
466 807 784 861 repugnantibus
812 805 1060 857 aliquamdiu
1092 806 1299 856 Patribus,
1323 807 1477 862 legibus

60 865 224 915 solutus,
252 870 293 904 et
322 866 455 905 consul
483 870 637 904 creatus
666 871 736 905 est.
796 862 827 886 ⁴¹⁵
838 864 895 904 M
898 865 919 903 ’.
948 863 1149 903 Manilius
1178 863 1334 917 aliquot
1362 864 1478 906 urbes

58 921 358 974 circumpositas
396 921 651 976 Karthagini
689 922 947 975 eoepugnavit.
1028 921 1395 975 Pseudophilippus
1433 922 1477 963 in

60 978 318 1027 Macedonia,
342 993 442 1019 caeso
462 993 546 1018 cum
568 980 745 1018 exercitu
769 979 819 1018 P.
841 979 1034 1021 Javentio
1052 985 1240 1029 pra’tore,
1264 994 1288 1019 a
1312 978 1362 1028 Q.
1387 980 1474 1020 Cae-

60 1036 150 1076 cilio
170 1036 294 1076 victus
314 1042 529 1090 captusque
551 1042 620 1083 est,
644 1042 681 1075 et
702 1042 858 1088 recepta
880 1035 1142 1075 Macedonia.

715 1192 810 1244 LI.

113 1299 146 1323 ‘¹⁶
157 1301 386 1356 Karthago,
407 1302 449 1342 in
470 1303 637 1343 circuitu
667 1304 801 1344 millia
821 1303 973 1357 viginti
992 1304 1076 1343 tria
1090 1316 1283 1355 passuum
1307 1309 1470 1355 patens,

57 1369 203 1412 magno
219 1359 354 1399 labore
366 1360 534 1412 obsessa,
551 1367 590 1400 et
603 1374 683 1413 per
695 1367 841 1413 partes
856 1367 978 1413 capta
999 1367 1056 1401 est
1065 1384 1080 1406 ‚-
1110 1361 1279 1412 primum
1298 1374 1322 1399 a
1343 1359 1472 1400 Man-

55 1416 147 1455 cino
167 1416 314 1470 legato,
336 1417 475 1458 deinde
504 1432 531 1457 a
560 1418 750 1471 Scipione
775 1419 942 1466 consule,
965 1418 1031 1458 cui
1059 1423 1176 1457 extra
1204 1423 1347 1457 sortem
1370 1431 1472 1470 pro—

57 1472 190 1513 vincia
216 1471 359 1525 Africa
389 1476 489 1514 data
511 1480 608 1515 erat.
671 1475 1051 1528 Karthaginienses,
1078 1480 1197 1526 portu
1227 1487 1330 1514 novo
1361 1475 1474 1527 (qnia

57 1536 168 1570 vetus
186 1531 404 1572 obstructas
418 1546 443 1571 a
460 1532 645 1584 Scipione
664 1532 768 1582 erat)
779 1530 915 1583 sacto,
933 1538 971 1572 et
986 1537 1195 1572 contracta
1208 1531 1309 1571 clam
1330 1532 1474 1585 exiguo

55 1593 231 1640 tempore
258 1589 394 1641 ampla
423 1590 561 1637 classe,
595 1587 810 1640 iiffeliciter
839 1590 982 1629 navali
1001 1589 1155 1641 proelio
1180 1596 1470 1642 pugnaverunt.

59 1644 338 1686 Hasdrubalis
356 1661 508 1700 quoque
524 1646 632 1686 ducis
651 1660 784 1686 eorum
800 1653 946 1694 castra,
966 1647 1023 1685 acl
1042 1646 1262 1697 Nepherim
1282 1646 1470 1698 oppidum

55 1702 141 1741 loco
171 1702 331 1758 dgfficili
359 1704 450 1753 sita,
482 1718 565 1744 cum
595 1704 769 1744 exercitu
798 1705 931 1744 deleta
959 1709 1052 1743 sunt
1081 1717 1107 1742 a
1136 1703 1352 1755 Scipione,·
1405 1703 1474 1756 qui

55 1760 216 1799 tandem
252 1761 388 1800 urbem
419 1762 663 1815 expugnavit
694 1760 1041 1815 septingentesimo
1075 1774 1198 1809 anno,
1235 1774 1349 1814 quam
1382 1767 1473 1800 erat

54 1816 230 1857 condita.
263 1819 480 1871 spoliorum
511 1817 637 1872 major
659 1833 764 1871 pars
800 1818 958 1866 Siculis,
991 1817 1129 1872 quibus
1161 1816 1300 1857 ablata
1335 1824 1471 1867 erant,

55 1874 233 1915 reddita.
301 1875 452 1917 Ultimo
482 1876 592 1916 urbis
621 1877 791 1926 excidio,
812 1889 931 1929 quum
950 1889 991 1916 se
1014 1874 1257 1915 Hasdrubal
1287 1873 1473 1927 Scipioni

56 1931 282 1981 dedidisset,
303 1946 405 1973 uxor
425 1932 519 1988 ejus,
542 1947 631 1987 quae
642 1934 792 1987 paucis
812 1939 908 1973 ante
936 1932 1073 1973 diebus
1094 1933 1143 1971 de
1172 1931 1320 1972 marito
1348 1933 1473 1984 impe-

56 1993 169 2029 trare
189 2003 267 2029 non
284 1996 486 2041 potuerat,
506 1997 550 2031 ut
569 1991 626 2031 ad
645 1992 830 2032 victorem
851 1990 1163 2044 tran-figerent,
1184 1990 1226 2029 in
1247 1990 1416 2030 medium
1433 2003 1474 2029 se

49 2045 273 2099 flagrantis
294 2047 402 2087 urbis
424 2048 662 2099 incendium,
684 2048 833 2088 duobus
862 2062 943 2088 cum
966 2047 1115 2095 liberis,
1139 2061 1190 2086 ex
1209 2060 1303 2086 arce
1324 2047 1470 2098 praeci-

44 2102 208 2155 pitavit.
272 2103 402 2157 Scipio
422 2107 598 2158 exemplo
621 2107 762 2158 patris
792 2107 856 2146 sui
875 2105 1074 2145 naturalis
1104 2103 1275 2143 AEmitiz·
1313 2104 1469 2154 Paulli,

55 2159 127 2212 qui
146 2159 433 2202 Macedoniam
446 2163 611 2212 vicerat,
628 2163 742 2203 ludos
746 2163 870 2217 ficit,
885 2159 1199 2215 transfugasque
1219 2160 1473 2214 acfugitivos

55 2216 191 2257 bestiis
220 2217 371 2272 objecit.
431 2220 543 2260 Belli
572 2220 749 2260 Achaici
777 2221 927 2260 semina
957 2219 1186 2273 referuntur
1217 2218 1327 2258 haec:
1369 2219 1473 2271 quod

53 2274 189 2328 legati
204 2276 343 2328 populi
366 2277 539 2316 Romani
558 2277 609 2317 ab
632 2277 817 2317 Achaicis
838 2277 997 2329 pulsati
1017 2277 1096 2316 sint
1127 2275 1326 2322 Corinthi,
1348 2275 1470 2323 missi,

52 2337 100 2370 *ut
120 2345 188 2371 eas
203 2333 402 2382 civitates,
425 2348 513 2388 quae
541 2334 611 2375 sab
632 2335 787 2374 ditione
810 2333 996 2387 Philippi
1007 2333 1200 2389 juerant,
1222 2331 1274 2372 ab
1295 2331 1472 2372 Achaico

54 2388 220 2429 concilio
239 2398 498 2432 secernerent.

98 2501 141 2531 44
179 2502 322 2533 Claudius
374 2504 549 2545 Marcellus]
597 2506 740 2536 Pithoeus
782 2504 918 2535 shemius
934 2504 956 2535 l.
970 2505 1090 2535 XLIX.
1105 2513 1134 2534 e.
1151 2504 1204 2533 38.
1221 2503 1373 2533 Strabone
1390 2512 1466 2533 auc-

55 2543 140 2585 apud
155 2545 339 2582 Hearnium,
357 2546 400 2576 M.
420 2546 572 2579 Claudius.
783 2553 859 2583 tore,
889 2547 1010 2589 scripsit
1038 2546 1233 2590 peninsulam
1261 2545 1294 2575 in
1324 2555 1387 2586 qua
1408 2544 1469 2575 sita

52 2603 55 2607 ·
98 2586 140 2616 45
165 2587 224 2618 Μ’.
249 2588 407 2630 Manilius]
444 2590 514 2621 Hoc
538 2591 669 2622 debetur
692 2589 740 2620 Si·
785 2590 942 2631 Carthago
964 2595 1041 2627 erat,
1058 2590 1195 2631 quinque
1210 2594 1242 2619 et
1261 2587 1468 2630 quadraginta

56 2627 161 2669 gonio.
205 2630 289 2661 Libri
312 2642 418 2663 omnes
440 2633 599 2671 mendose,
617 2634 663 2665 M.
687 2633 741 2663 AE-
785 2632 884 2664 millia
924 2643 1071 2674 passuum
1114 2631 1270 2667 habuisse,
1308 2635 1467 2669 totamque

57 2671 165 2702 ”tilius-
783 2686 870 2706 muro
895 2675 1119 2706 circumdatam
1141 2674 1248 2706 fuisse.
1291 2672 1352 2703 Sed
1372 2670 1465 2701 intel-

100 2713 143 2743 46
175 2713 320 2757 Carthago
342 2719 374 2747 in
402 2719 531 2749 circuitu
555 2719 662 2759 viginti
682 2720 740 2748 tria
783 2718 942 2759 ligendum
965 2725 1011 2750 est
1025 2719 1133 2749 urbem
1146 2717 1246 2759 ipsam
1261 2726 1322 2745 non
1345 2719 1467 2760 tautum

56 2756 152 2803 millia
187 2767 323 2796 passuum
362 2761 476 2802 patens]
538 2761 741 2792 Recentiores
783 2761 931 2803 patuisse,
947 2772 1065 2803 suaque
1087 2758 1258 2802 peculiaria
1272 2766 1389 2803 moenia¹
1408 2755 1465 2786 ha-

57 2797 134 2829 edlti
159 2804 192 2829 et
213 2799 351 2842 plerique
373 2804 468 2835 MSS.
494 2804 612 2835 habent
631 2815 741 2844 passus,
783 2804 899 2840 buisse,
924 2810 1036 2845 praeter
1063 2803 1145 2833 hunc
1175 2810 1307 2835 murum,
1337 2809 1390 2840 qui
1419 2803 1465 2829 to-

58 2840 123 2888 Sed
143 2841 285 2888 meliusvi
299 2854 367 2874 sum
383 2850 430 2875 est
448 2857 595 2885 passuum,
612 2847 695 2888 quod
709 2847 742 2877 in
784 2852 849 2878 tam
863 2847 1058 2890 peninsulam
1073 2844 1241 2877 ambiebat.

59 2887 195 2925 antiquis
211 2884 302 2916 editis
318 2892 427 2918 exstat.
473 2889 618 2920 Ceterum
635 2889 740 2920 Frein-
915 2887 920 2890 ’

805 2939 880 2982 93
