1831 3194
879 124 1006 161 CAP.
1036 123 1127 161 VII.

522 125 645 164 LIB.
677 123 832 161 XLIII.
1457 131 1521 164 101

112 234 314 291 templum
338 235 466 276 Urbis
499 235 648 274 Romae
679 248 720 274 se
753 232 895 273 fecisse
926 241 1366 284 commemoraverunt,
1389 234 1525 276 ludos·
1540 245 1580 276 U.
1594 245 1630 275 C.
1644 244 1718 277 582.

110 305 193 347 quc
214 291 511 333 anniversarios
532 291 566 331 ei
595 291 717 332 Divae
748 290 996 331 instituisse:
1029 298 1071 331 et
1091 289 1124 313 ‘²⁴
1141 305 1332 331 coronam
1357 306 1523 332 auream
1540 288 1577 318 Λ·
1593 288 1631 319 C·
1646 288 1717 319 170.

110 349 417 412 quinquaginta
452 347 605 404 pondo,
638 362 763 403 quam
801 347 842 386 in
878 346 1086 403 Capitolio
1118 355 1333 402 ponerent,
1367 347 1521 389 donum
1540 373 1565 404 U

1537 330 1700 372 Templum

1571 374 1631 404 rbis
1651 375 1711 405 Ro-

109 407 139 445 ,J
143 422 209 446 ovi
230 414 388 462 optnno
419 420 613 454 maximo,
636 403 849 454 adtulisse,
872 413 913 444 et
935 412 1053 445 scuta
1081 403 1290 459 equestria
1311 412 1519 453 trecenta3
1537 426 1604 447 moe.

108 478 170 513 ea,
197 463 263 504 cui
290 463 524 518 jussissent,
556 461 795 502 tradituros.
858 462 1028 501 Donum
1060 469 1107 502 ut
1140 460 1181 501 in
1214 460 1421 516 Capitolio
1451 477 1523 518 po-

109 534 217 569 nere,
255 527 295 560 et
331 519 557 560 sacrificare
592 518 746 568 liceret,
783 518 992 573 petebant.
1052 517 1085 541 ²⁵
1102 518 1195 558 Hoc
1232 518 1520 573 Lampsaceni,

106 575 140 599 ²³⁶
152 576 364 632 octoginta
389 576 528 632 pondo
548 589 740 616 coronam
771 574 1019 624 adferentes,
1042 575 1255 630 Petebant,
1277 590 1521 616 commemo-

104 640 256 683 rantes,
281 634 521 674 Discessisse
549 648 590 673 se
619 647 645 672 a
669 633 833 680 Perseo,
855 638 1068 686 postquam
1094 632 1298 673 Romanus
1325 633 1522 673 exercitus

104 689 147 729 in
182 690 469 730 Macedoniam
504 690 688 741 venisset,
721 703 837 744 quam
872 689 941 729 sub
972 689 1128 729 ditione
1164 690 1319 739 Persei,
1353 695 1391 730 et
1424 696 1522 730 ante

101 747 509 801 Pltz'lippifaissent.
569 748 658 790 Pro
687 761 746 797 σο,
776 752 814 786 et
844 747 951 800 quod
981 746 1291 798 imperatoribus
1321 747 1522 788 Romanis

101 805 237 845 omnia
251 806 552 857 praestz'tz'ssent,
573 805 617 844 id
634 818 675 845 se
690 810 846 844 tantum
862 818 994 852 orare,
1012 810 1055 843 ut
1078 804 1121 843 in
1137 804 1359 844 amicitiam
1374 805 1522 857 populi

100 862 283 903 Romam·
302 864 575 916 reciperentur
589 880 602 900 .·
634 867 686 911 ct,
707 863 744 902 si
757 876 848 914 pas·
866 876 950 901 cum
971 862 1266 914 Perseosieret,
1288 862 1520 914 exciperen-

99 925 180 968 tur,
203 919 236 946 27
249 934 298 960 ne
329 921 372 960 in
402 921 557 974 regiam
576 925 815 973 potestatem
836 920 1123 972 reciperentur.
1186 918 1345 959 Ceteris
1372 918 1519 974 legatis

101 976 274 1018 comiter
312 991 582 1032 responsum;
629 976 933 1031 Lampsacenos
973 975 1014 1015 in
1051 975 1253 1016 sociorum
1294 975 1516 1016 formulam

100 1033 254 1074 referre
281 1035 329 1083 Q.
354 1033 537 1074 Maenius
567 1040 722 1088 praetor
748 1033 904 1087 jussus.
935 1047 1109 1072 munera
1138 1031 1332 1071 omnibus
1363 1031 1405 1072 in
1439 1032 1518 1073 sin-

98 1090 220 1145 gulos
245 1090 391 1132 binfim
422 1089 598 1131 millium
620 1089 713 1130 aeris
734 1090 844 1130 data.
906 1088 1220 1129 Alabandenses
1241 1096 1359 1129 scuta
1379 1103 1518 1144 repor-

100 1155 188 1188 tare
218 1147 272 1188 ad
303 1148 357 1187 A.
383 1146 613 1188 Hostilium
646 1145 855 1187 consulem
886 1145 928 1186 in
959 1144 1251 1186 Macedoniam
1276 1144 1395 1200 jussi.
1457 1146 1516 1187 Et

99 1219 151 1244 ex
182 1204 330 1245 Africa
361 1203 487 1260 legati
517 1203 551 1227 ²⁸
564 1203 687 1244 simul
725 1202 1152 1258 Karthaginiensium,
1178 1201 1211 1226 ²9
1225 1201 1351 1243 tritici
1381 1201 1516 1243 decies

98 1268 267 1302 centum
296 1261 426 1302 millia
446 1269 486 1302 et
507 1259 541 1284 ³⁰
555 1260 698 1301 hordei
729 1259 961 1316 quingenta
989 1259 1218 1300 indicantes
1248 1274 1289 1299 se
1319 1258 1373 1299 ad
1403 1273 1516 1299 mare

97 1317 270 1359 devecta
288 1318 456 1369 habere,
479 1326 542 1368 ut,
564 1333 649 1373 quo
671 1324 837 1358 senatus
861 1316 1100 1366 censuisset,
1123 1315 1403 1371 deportarent.
1464 1316 1519 1356 Id

96 1389 235 1416 mamis
266 1376 514 1431 officiumque
544 1389 653 1415 suum
685 1375 788 1416 scire
821 1374 951 1415 minus
984 1388 1079 1422 esse,
1101 1387 1219 1427 qaam
1247 1387 1329 1426 pro
1360 1373 1516 1418 meritis

85 1433 236 1486 populi
258 1433 436 1474 Romani
451 1439 489 1473 et
509 1433 715 1473 voluntate
732 1445 804 1472 sua
819 1449 831 1470 .·
862 1430 895 1454 ⁵¹
908 1431 978 1471 sed
996 1444 1101 1483 serpe
1115 1431 1237 1478 alias,
1253 1429 1368 1470 bonis
1387 1430 1431 1469 in
1452 1444 1515 1470 re-

93 1489 164 1530 bus
179 1491 386 1544 utriusque
398 1490 559 1544 populi,
573 1504 614 1529 se
629 1488 1113 1542 gratorumfideliumqae
1126 1485 1273 1527 sociam
1290 1487 1516 1527 muneribus

76 1545 250 1600 ficnctos
269 1562 362 1587 esse.
414 1548 523 1588 Item
541 1545 774 1586 Masinissae
795 1544 936 1600 legati,
958 1543 1084 1585 tritici
1106 1543 1292 1584 eamdem
1310 1558 1513 1584 summam

96 1603 285 1659 polliciti,
307 1612 348 1645 et
378 1603 490 1644 mille
510 1611 551 1644 et
573 1602 774 1644 ducentos
803 1600 980 1657 equites,
1003 1600 1223 1641 duodecim
1245 1599 1510 1655 elephantos:

95 1668 151 1711 et,
174 1660 207 1701 si
237 1660 341 1716 quid
372 1660 487 1701 aliud
516 1675 622 1715 opus
652 1666 772 1708 esset,
799 1658 890 1698 utia
917 1657 1140 1713 imperaret
1171 1665 1360 1698 senatus:
1394 1672 1513 1713 aeque

96 1731 302 1773 propenso
331 1717 482 1767 animo,
504 1732 551 1757 ac
581 1732 677 1772 quae
707 1715 793 1771 ipse
825 1714 936 1756 ultro
966 1713 1176 1770 pollicitus
1204 1713 1271 1764 sit,
1293 1722 1515 1769 praestatu-

94 1789 189 1815 rum
217 1789 314 1816 esse.
377 1773 536 1815 Gratiae
567 1782 608 1814 et
632 1771 1052 1828 Karthaginiensibus
1086 1779 1128 1812 et
1163 1770 1251 1826 regi
1286 1778 1417 1819 actae;
1449 1785 1514 1811 ro-

93 1831 281 1887 gatique,
304 1839 352 1873 ut
373 1846 435 1881 ea,
457 1846 553 1886 quae
577 1830 886 1886 pollicerentur,
909 1828 963 1869 ad
986 1827 1218 1869 Hostilium
1239 1827 1449 1868 consulem
1471 1826 1514 1867 in

95 1888 387 1930 Macedoniam
402 1888 683 1943 deportarent.
717 1885 889 1941 Legatis
910 1885 952 1926 in
966 1884 1151 1940 singulos
1170 1884 1318 1925 binum
1334 1883 1513 1925 millium

96 1944 189 1986 aeris
208 1960 383 1987 munera
404 1945 539 1986 missa.

152 2002 255 2042 VII.
290 2001 552 2043 Cretensium
583 2000 744 2056 legatis,
766 1998 1200 2049 commemorantibus,
1227 2013 1283 2047 se,
1306 2005 1513 2054 quantum

94 2057 171 2099 sibi
201 2058 451 2115 imperatum
477 2073 503 2099 a
523 2059 570 2100 P.
596 2056 757 2099 Licinio
787 2055 955 2097 consule
985 2063 1091 2097 esset
1123 2053 1449 2111 sagittariorum,
1471 2053 1513 2094 in

661 2147 675 2162 θ
692 2147 723 2170 ut
738 2140 837 2172 Gron.
854 2140 945 2171 Crev.

135 2209 177 2239 24
213 2209 354 2241 Coronam
401 2220 522 2240 auream
568 2211 783 2251 quinquaginta

91 2252 201 2293 pondo]
236 2253 418 2284 Marem-um
442 2252 624 2284 nostratium
648 2253 700 2284 78.
724 2262 781 2283 un-

96 2294 152 2325 ciae
171 2296 198 2326 1.

138 2338 180 2369 25
203 2337 268 2369 Hoc
292 2338 499 2380 Lampsaceni]
537 2337 637 2369 Recte
663 2337 784 2368 Grono-

95 2379 180 2411 vius:
206 2381 270 2412 Hoc
283 2387 310 2412 et
325 2381 524 2421 Lampsaceni.

123 2423 180 2454 ‘26
204 2424 360 2465 Octoginta
378 2425 488 2466 pando]
519 2426 698 2455 Marcarum
722 2423 784 2453 Pa·

93 2464 267 2497 risiensium
284 2467 357 2499 125.

137 2509 178 2539 27
210 2509 257 2540 Ne
293 2511 327 2540 in
363 2511 474 2550 regiam
507 2514 674 2548 potestatem
709 2509 783 2538 reci-

92 2553 247 2594 perentur]
285 2552 368 2594 Lege
395 2562 467 2582 cum
493 2550 649 2582 Gronovio
674 2552 783 2581 recide-

93 2600 170 2624 rent.

138 2636 179 2666 28
202 2636 311 2677 Simul]
336 2636 496 2678 Superflua
513 2636 633 2671 vocula,
649 2636 697 2667 vel
713 2645 782 2677 quae

96 2677 197 2719 potius
215 2677 329 2710 indicet
350 2679 491 2721 pluscula
505 2678 664 2709 excidisse.
710 2679 782 2709 For-

94 2719 202 2750 tassis:
247 2721 336 2762 legati
369 2723 456 2752 simul
493 2722 784 2763 Carthaginiensizmz

94 2769 121 2793 ec
159 2763 317 2794 Masinissae
351 2771 509 2795 venerant:
556 2765 782 2806 Carthaginien-

94 2817 180 2839 stum,
196 2808 288 2836 tritici
302 2813 355 2837 etc.

139 2850 180 2879 29
207 2849 309 2879 Tritici
362 2851 451 2879 decies
499 2856 613 2880 rentum
672 2849 781 2889 millm]

98 2892 220 2933 Nempe
265 2890 411 2922 modifim.
465 2892 591 2923 Modios
637 2896 784 2922 nostrates

825 2208 921 2250 paulo
944 2207 1013 2249 plus
1035 2207 1173 2239 770833.
1219 2206 1330 2237 Hordei
1356 2207 1517 2248 quingenta

826 2251 925 2282 millia
945 2249 1093 2281 modifim.
1137 2249 1262 2280 Modios
1276 2254 1425 2280 nostrates
1447 2249 1518 2291 plus

828 2294 966 2324 385416.

871 2337 912 2367 30
936 2336 1047 2367 Hordei
1092 2334 1268 2376 quingenta]
1333 2333 1518 2375 conjectura

827 2378 955 2420 Sigonii.
1000 2379 1098 2409 Vetus
1120 2377 1277 2419 exemplar
1298 2375 1408 2407 habuit
1431 2380 1517 2417 qain-

828 2424 980 2463 quaginta.

871 2465 907 2496 31
935 2465 990 2495 Sed
1009 2475 1078 2503 scrpe
1093 2462 1183 2503 alias]
1209 2462 1287 2492 Haec
1311 2471 1385 2492 sane
1409 2471 1518 2504 parum

828 2507 984 2538 cohaerent
997 2517 1067 2537 cum
1081 2506 1119 2536 iis
1133 2515 1201 2547 quae
1222 2504 1413 2546 praeeedunt,
1455 2505 1517 2534 Ta-

827 2559 899 2580 men
920 2559 1083 2592 possumus
1104 2549 1148 2579 ita
1170 2549 1319 2589 accipere,
1335 2552 1370 2577 ut
1385 2546 1517 2578 Cartha-

825 2592 978 2633 ginienses
1010 2591 1214 2622 mediocritati
1249 2599 1411 2620 munerum
1446 2598 1516 2618 suo-

825 2646 891 2665 rum
913 2635 984 2666 ideo
1008 2645 1091 2665 nunc
1116 2632 1336 2675 ignoscendum
1358 2635 1515 2665 censeant,

825 2677 907 2718 quod
930 2687 1011 2720 saepe
1027 2677 1115 2711 aliam,
1130 2686 1225 2718 quum
1247 2676 1336 2706 bonae
1352 2678 1454 2704 essent
1469 2682 1517 2703 res

828 2721 983 2761 utriusque
1028 2719 1143 2761 populi,
1186 2717 1322 2749 fidelium
1366 2715 1516 2746 sociorum

828 2763 963 2793 officium
1004 2762 1135 2793 alacrius
1176 2758 1389 2801 impleverint:
1435 2767 1517 2788 nunc

827 2816 922 2846 quum
958 2805 1079 2836 solliciti
1115 2807 1239 2845 agerent
1275 2802 1313 2832 ob
1350 2801 1517 2831 haerentem

827 2848 914 2879 lateri
942 2847 1153 2881 Masinissam,
1184 2843 1258 2875 nihil
1288 2843 1420 2886 amplius
1452 2852 1518 2874 sese

828 2901 915 2932 posse
930 2896 1082 2931 praestare.

912 2947 944 2973 H
969 2939 992 2974 3
