1826 3149
322 99 398 140 230
887 90 1194 131 EPITOMAE

969 325 1091 377 LII.

390 519 486 560 Cum
513 513 686 562 Achaeis,
709 513 779 567 qui
805 513 846 553 in
875 513 1034 552 auxilio
1064 512 1227 554 Boeotos
1254 519 1293 553 et
1324 514 1601 555 Chalcidenses
1629 514 1748 554 habe-

331 576 441 623 bant,
467 573 520 621 Q.
547 571 732 613 Caecilius
765 569 954 610 Metellus
974 568 1007 595 ‘²⁷
1020 570 1076 609 ad
1102 569 1389 625 Thermopylas
1409 571 1509 611 bello
1539 571 1717 628 conflixit
1733 589 1746 610 .-

332 632 471 686 quibus
491 630 622 678 victis,
635 629 716 669 dux
735 641 866 668 eorum
893 626 1089 668 Critolaus
1110 641 1256 669 veneno
1271 629 1349 669 sibi
1369 636 1529 669 mortem
1545 629 1749 669 conscivit.

331 691 372 728 in
391 687 500 742 cujus
519 688 643 726 locum
666 686 825 733 Dioeus,
844 684 1017 724 Achaici
1032 691 1157 726 motus
1170 687 1327 738 primus
1347 692 1500 737 auctor,
1518 686 1569 726 ab
1590 685 1751 726 Achaeis

332 748 414 786 dua·
434 750 604 792 creatus,
626 744 683 783 ad
699 743 878 784 Isthmon
900 756 925 780 a
951 741 998 781 1..
1021 741 1219 783 Mummio
1249 745 1405 784 consule
1424 744 1549 783 victus
1573 749 1643 783 est.
1665 742 1750 795 qui,

333 803 439 843 omni
459 801 615 843 Achaia
636 801 679 840 in
700 800 941 840 deditionem
972 804 1150 850 accepta,
1177 800 1400 840 Corinthon
1422 815 1471 840 ex
1496 805 1752 839 senatuscon-

333 861 436 901 sulto
477 859 619 906 diruit,
657 857 754 911 quia
790 856 850 896 ibi
879 856 1006 909 legati
1037 856 1218 896 Romani
1248 857 1386 897 violati
1416 863 1541 898 erant.
1609 856 1754 896 Thebae

334 931 487 972 quoque
526 922 564 956 et
601 915 776 963 Chalcis,
810 925 899 967 quoe
930 913 1087 953 auxilio
1109 914 1303 968 fuerant,
1345 915 1505 954 dirutoe.
1569 914 1660 966 Ipse
1698 912 1755 953 L.

334 973 554 1015 Mummius
587 970 621 996 ⁴³
636 971 1013 1012 abstinentissimum
1052 970 1179 1011 virum
1218 972 1314 1025 egit.
1353 985 1422 1011 nec
1455 971 1677 1024 quidquam
1707 984 1756 1009 ea:

335 1032 388 1073 iis
417 1030 556 1084 opibus
586 1028 911 1082 ornamentisque,
943 1040 1030 1080 quce
1051 1029 1255 1079 praedives
1287 1028 1500 1069 Corinthos
1528 1027 1683 1076 habuit,
1715 1027 1758 1066 in

335 1089 488 1129 domum
509 1086 592 1141 (ᾔεις
612 1086 812 1139 pervenit.
879 1084 929 1131 Q.
955 1085 1138 1126 Caecilius
1169 1086 1359 1126 Metellus
1388 1087 1437 1125 de
1457 1085 1653 1125 Andrisco
1679 1085 1757 1125 tri-

336 1146 544 1198 umphavit
561 1166 575 1190 ;
645 1144 698 1184 P.
741 1142 939 1183 Cornelius
977 1142 1114 1195 Scipio
1155 1143 1381 1196 Afiicanus
1420 1142 1675 1182 AEmilianus
1709 1142 1758 1181 de

337 1201 594 1255 Karthagine
609 1206 647 1240 et
662 1201 711 1239 de
731 1198 1002 1240 Hasdrubale.
1073 1199 1272 1239 Viriathus
1289 1201 1332 1239 in
1348 1200 1564 1252 Hispania
1578 1200 1757 1252 primum

337 1274 386 1299 ex
401 1265 566 1312 pastore
586 1263 766 1305 venator,
784 1270 833 1296 ex
859 1261 1047 1296 venatore
1067 1257 1188 1305 latro,
1212 1271 1313 1308 mox!
1312 1255 1417 1310 justi
1436 1271 1588 1309 quoque
1607 1256 1759 1296 exerci-

339 1323 401 1357 tus
431 1318 513 1355 dux
530 1313 683 1367 factus,
704 1320 829 1353 totam
861 1312 1120 1353 Lusitaniam
1151 1315 1358 1366 occupavit
1373 1329 1389 1361 ,·
1425 1312 1457 1337 4⁹
1475 1314 1539 1354 M.
1580 1313 1759 1353 Vetilium

328 1379 562 1427 praetorem,
583 1371 682 1423 fuso
712 1368 794 1423 ejus
823 1370 1007 1418 exercitu,
1039 1371 1174 1423 cepit:
1218 1377 1312 1423 post
1342 1385 1453 1424 quem
1488 1370 1531 1411 C.
1564 1371 1760 1410 Plautius

331 1436 491 1484 prcetor
511 1430 641 1469 nihilo
656 1427 825 1482 felicius
845 1441 926 1467 rem
944 1428 1068 1482 gessit
1083 1445 1096 1467 .·
1133 1434 1363 1481 tantumque
1391 1428 1553 1468 terrori-s
1573 1428 1607 1467 is
1635 1428 1760 1468 hostis

340 1488 497 1534 intulit,
520 1493 563 1526 ut
581 1486 768 1525 adversus
786 1499 870 1525 eum
890 1485 1096 1525 consulari
1111 1498 1207 1537 opus
1223 1491 1320 1525 esset
1336 1491 1373 1525 et
1394 1486 1502 1535 duce,
1521 1490 1557 1524 et
1571 1485 1760 1524 exercitu.

341 1546 554 1586 Praeterea
585 1549 711 1583 motus
742 1542 887 1595 Syriae,
910 1547 947 1580 et
978 1541 1081 1582 bella
1104 1543 1211 1582 inter
1240 1556 1350 1596 reges
1375 1549 1490 1595 gesta
1519 1541 1762 1596 referuntur.

342 1602 589 1649 Alexander,
612 1601 725 1640 homo
756 1600 914 1652 ignotus
943 1605 982 1639 et
1012 1600 1175 1639 inccrtce
1204 1601 1358 1651 stirpis,
1381 1601 1506 1640 occiso
1528 1600 1646 1652 (sicut
1668 1604 1765 1639 ante

342 1660 490 1700 dictum
511 1659 584 1708 est)
611 1656 813 1697 Demetrio
832 1669 937 1709 rege,
957 1656 1000 1695 in
1020 1656 1142 1710 Syria
1165 1656 1374 1710 regnabat.
1396 1657 1499 1696 hune
1520 1655 1763 1704 Demetrius,

343 1716 552 1757 Demetrii
563 1757 569 1767 ι
572 1715 700 1767 filius,
731 1713 801 1767 qui
829 1726 854 1752 α
877 1719 1004 1765 patre
1033 1714 1231 1766 quondam
1251 1713 1298 1753 ob
1329 1714 1500 1754 incertos
1528 1713 1624 1754 belli
1651 1726 1766 1754 casus

345 1773 557 1827 ablegatus
588 1771 749 1811 Gnidon
777 1768 930 1821 ficerat,
961 1776 1156 1810 contemta
1187 1771 1371 1810 socordia
1407 1771 1637 1824 inertiaque
1665 1769 1764 1823 ejus,

344 1828 564 1884 adjuvante
587 1829 803 1868 Ptolemaeo
824 1827 1003 1882 AEgypti
1022 1842 1127 1882 rege,
1150 1827 1409 1882 cujusfiliam
1432 1828 1690 1880 Cleopatram
1721 1828 1766 1867 in

346 1887 642 1927 matrimonium
672 1890 895 1937 acceperat,
916 1885 1017 1924 bello
1042 1886 1257 1925 interemit.
1318 1884 1566 1933 Ptolemceus,
1586 1885 1626 1924 in
1645 1890 1767 1938 caput

343 1944 530 1998 graviter
559 1943 802 1991 vulneratus,
835 1942 943 1982 inter
971 1943 1231 1992 curationem,
1253 1943 1343 1982 dum
1375 1955 1463 1982 ossa
1493 1942 1637 1982 medici
1664 1947 1767 1982 tere-

348 2002 462 2041 brare
481 2001 736 2048 contendunt,
759 1999 983 2051 exspiravit
997 2016 1009 2038 :
1041 2006 1157 2053 atque
1178 2000 1220 2039 in
1244 1998 1370 2039 locum
1389 1997 1469 2053 ejus
1477 1996 1615 2049 frater
1635 1999 1769 2038 minor

351 2057 602 2106 Ptolemceus‚
640 2057 710 2110 qui
742 2056 904 2111 Cyrenis
935 2056 1145 2110 regnabat,
1180 2058 1375 2097 successit.
1453 2055 1684 2096 Demetrius
1721 2056 1769 2095 ob

349 2114 639 2162 crudelitatem,
657 2128 774 2167 quam
789 2127 869 2166 per
884 2120 1080 2153 tormenta
1097 2114 1139 2154 in
1159 2128 1246 2154 suos
1261 2113 1479 2161 exercebat,
1496 2112 1530 2136 ⁵⁰
1546 2126 1571 2152 a
1587 2113 1770 2153 Diodoto

351 2173 534 2225 quodam,
556 2185 635 2211 uno
652 2185 700 2211 ea:
719 2169 913 2224 subjectis,
936 2171 1007 2224 qui
1026 2171 1250 2211 Alexandri
1255 2170 1359 2221 filio,
1382 2170 1527 2210 bimulo
1547 2170 1771 2219 admodum,

350 2242 517 2282 regnum
556 2228 779 2276 adserebat,
813 2228 913 2267 bello
951 2234 1173 2281 superatus,
1214 2227 1430 2269 Seleuciam
1469 2224 1658 2280 confligit.
1716 2226 1771 2266 L.

351 2285 571 2326 Mummius
600 2287 648 2325 de
670 2285 830 2326 Achaeis
858 2285 1139 2337 triumphavit.
1169 2286 1287 2339 signa
1316 2298 1438 2334 cerea,
1460 2296 1772 2337 marmoreaque,

351 2348 389 2382 et
410 2342 569 2383 tabulas
579 2343 717 2396 pictas
738 2342 781 2382 in
802 2341 998 2394 triumpho
1017 2343 1125 2382 tulit.

396 2499 437 2529 47
475 2499 522 2529 Ad
559 2498 760 2539 Thermopylas
788 2499 858 2528 hello
891 2500 1035 2541 conflixit]
1082 2505 1243 2543 praetorem
1266 2498 1429 2541 Appianus
1444 2497 1476 2527 in
1499 2495 1640 2532 Ibericis,
1656 2501 1688 2528 et
1706 2500 1776 2538 post

355 2540 407 2573 Sic
437 2546 556 2572 veteres
584 2540 658 2571 editi
688 2547 720 2571 et
748 2542 843 2571 MSS.
874 2542 992 2583 aliquot
1020 2552 1039 2573 a
1083 2553 1155 2574 eum
1177 2541 1416 2577 Freinshemius,
1432 2540 1512 2572 infra
1527 2540 1624 2572 c.25‚
1641 2544 1673 2570 et
1686 2549 1774 2581 seqq.

356 2584 514 2616 Gronovio
542 2583 695 2625 inspecti:
733 2583 810 2613 licet
838 2584 904 2626 ipse
931 2595 1039 2616 vocem
1084 2585 1188 2625 Vulgo
1202 2584 1275 2615 hic:
1301 2583 1348 2614 M.
1368 2584 1512 2614 vitilium.

356 2628 427 2658 bello
442 2626 474 2657 in
488 2636 544 2657 sua
559 2626 692 2657 editione
707 2625 853 2657 omiserit.
1127 2628 1168 2657 50
1207 2627 1233 2657 Α
1265 2626 1387 2656 Diodoto
1414 2628 1547 2666 quodam,
1574 2635 1633 2655 uno
1653 2635 1686 2654 ea:
1709 2624 1775 2653 suh-

400 2670 440 2700 48
472 2669 749 2699 Abstinentissz'mum
812 2670 908 2699 virum
965 2669 1039 2709 egit]
1076 2669 1181 2709 jectis]
1208 2669 1277 2700 Hoc
1300 2678 1358 2699 nec
1382 2668 1456 2700 satis
1479 2667 1602 2703 Latine,
1625 2676 1683 2697 nec
1705 2676 1776 2708 pro-

359 2712 550 2753 Campanus,
567 2711 720 2747 Andreas,
742 2715 773 2742 et
794 2711 934 2752 plerique
958 2709 1041 2742 codi-
1086 2711 1151 2753 prie
1184 2711 1302 2742 dictum
1328 2716 1383 2742 est.
1430 2711 1628 2753 Suspicamur
1657 2720 1716 2739 uno
1744 2718 1777 2738 ex

357 2765 409 2785 ces
424 2760 489 2785 tum
507 2754 666 2790 Gronovii,
682 2760 747 2784 tum
766 2754 908 2790 Hearnii,
923 2754 1039 2785 habent
1080 2756 1263 2794 purpuratis.
1317 2754 1475 2795 Frequens
1508 2751 1640 2784 occurrit
1662 2761 1776 2790 purpu-

357 2798 627 2828 abstinentissimum
641 2809 667 2827 se
685 2798 778 2826 virum
791 2798 859 2838 egit.
1083 2803 1215 2827 ratarum
1245 2796 1362 2828 mentio
1391 2797 1423 2829 in
1452 2806 1559 2839 regum
1591 2792 1776 2826 Macedoni-

402 2840 442 2870 49
478 2839 513 2871 C.
540 2840 690 2880 Vetilium]
724 2839 775 2871 Sic
798 2839 937 2870 nominat
959 2839 1040 2870 hunc
1085 2849 1189 2871 corum
1206 2839 1293 2871 aulis.
