1816 3159
299 68 373 102 348

340 175 475 204 Romam
500 175 647 212 mittunt,
672 179 727 213 48,
753 181 781 205 8.
819 177 996 208 referuntur

341 218 373 247 in
392 219 547 248 sociorum
566 220 748 256 formulam,
768 219 844 250 ibid.

301 261 469 301 Lampsus,
487 263 560 291 urbs
577 263 759 294 Thessaliae,
785 267 839 297 32,
860 267 910 293 14.

301 305 460 343 Lampter,
484 306 636 342 Phocaeae‚
654 310 709 339 37,
725 309 779 335 31.

275 384 278 388 .
301 348 389 377 Lana
405 349 490 387 pulla
506 353 589 378 terra
605 353 709 383 enata,
725 349 787 377 vid.
806 348 995 384 Prodigium.

301 392 448 421 Lanieuae
464 396 496 421 et
512 393 649 421 tabernae
664 393 695 420 in
714 392 873 429 publicum
891 396 995 430 emtae,

343 439 398 470 44,
420 438 468 464 16.

300 478 449 512 Lanistae,
466 483 518 511 28,
537 482 587 506 21.

303 522 493 558 Lanuv'ium,
517 526 550 557 3,
568 525 618 552 29.
644 522 676 558 6,
691 525 719 550 2.
744 522 799 558 26,
817 525 847 551 8.
871 525 923 556 29,
946 525 993 551 14.

346 569 400 601 45,
421 567 468 593 16.

302 608 434 637 Lanuvii
452 607 602 646 strepitus
619 609 650 638 in
664 609 729 638 aede
739 609 877 638 ,Iunonis
887 607 993 647 Sospi-

346 657 384 680 tae
399 652 512 682 editus.
530 652 594 682 vid.
611 652 804 690 Prodigium.

302 695 459 725 Lanuvini
476 695 639 731 deficiunt,
655 699 687 732 6,
708 700 758 724 21.
773 696 809 724 iis
819 695 928 724 civitas
940 695 994 722 da-

344 744 408 773 tur,
420 742 452 774 8,
468 742 516 768 14.
528 740 608 768 aedes
620 739 753 778 Sospitae
762 739 900 767 Junonis
910 747 994 766 com-

343 782 448 810 munis
482 782 654 812 Lanuvinis
681 782 895 821 municipibus
919 791 994 810 cum

346 825 463 862 populo
480 825 639 862 Romano,
658 826 733 855 ibid.

302 867 491 897 Lanuvinus
521 871 726 908 magistratus
757 868 840 898 scriis
872 868 994 897 Latinis

344 912 554 951 precationem
574 914 755 943 sollemnem
773 921 836 941 non
853 912 911 940 rite
926 921 994 950 per-

345 955 424 992 agit,
442 959 496 991 41,
516 959 566 985 20.

302 999 435 1028 Laodice
452 999 571 1037 regina,
585 999 669 1037 Epit.
688 1002 738 1028 50.

302 1042 470 1071 Laodiceni
486 1051 526 1071 ex
545 1043 621 1072 Asia
636 1043 719 1072 inter
731 1040 845 1071 auxilia
854 1041 994 1071 Rhodio-

345 1095 427 1120 rum,
443 1090 498 1122 33,
521 1090 568 1114 18.

302 1129 476 1167 Lapathus,
491 1127 668 1164 castellum,
686 1133 740 1161 44.
759 1133 787 1157 2.
802 1132 832 1157 et
847 1130 877 1156 6.

302 1172 459 1210 Lapicini,
477 1172 597 1211 populi,
614 1176 667 1208 41,
685 1176 737 1201 23.

302 1216 396 1254 Lapis
407 1216 531 1253 quidam
545 1225 629 1246 sacer
650 1216 742 1244 datur
756 1213 866 1252 legatis
878 1214 993 1243 Roma-

345 1260 405 1292 nis,
423 1268 513 1296 quem
532 1259 723 1288 Pessinuntii
737 1259 871 1287 Matrem
888 1255 994 1286 Deum

343 1303 510 1337 vocabant,
529 1306 581 1336 29,
601 1306 649 1331 11.

303 1345 396 1383 Lapis
413 1355 498 1374 sacer
514 1346 546 1374 in
559 1354 633 1383 agro
645 1344 864 1380 Crustumino,
874 1347 927 1377 41,
947 1347 994 1374 17.

304 1389 436 1427 Lapides
454 1390 567 1420 silices,
579 1393 632 1421 30,
651 1393 702 1417 43.

302 1432 434 1470 Lapides
450 1432 534 1465 Atti,
548 1433 635 1461 locus
650 1432 732 1461 inter
745 1430 860 1468 oppida
876 1427 995 1457 Illitur-

345 1476 408 1514 gim
419 1473 994 1508 etMentissamiiiAusetanis,26,17.

304 1519 473 1558 Lapidibus
496 1520 612 1557 pluisse
635 1518 758 1556 quoties
781 1516 995 1553 nunciaretur,

347 1563 532 1591 novendiale
548 1572 669 1591 sacrum
686 1561 790 1590 fiebat.
813 1565 840 1595 1,
857 1563 908 1587 31.

302 1606 436 1643 Laqueis
450 1606 650 1644 excipiuntur
673 1606 754 1634 ictus
777 1604 923 1639 arictum,
940 1604 995 1638 36,

345 1653 398 1679 ί23.

302 1692 460 1728 Larentia,
477 1701 555 1721 uxor
571 1691 727 1727 Faustuli,
750 1690 861 1719 educat
877 1688 994 1718 Romu-

345 1736 410 1764 lum
428 1742 459 1764 et
472 1736 619 1772 Remum,
640 1739 668 1771 1,
685 1739 714 1763 4.

306 1780 414 1813 Lares,
429 1782 459 1812 8,
476 1782 505 1809 9.

260 1848 265 1849 .
305 1823 398 1851 Lares
415 1821 661 1856 Permarini,40,
672 1824 725 1849 52.

302 1863 644 1895 LariumPermarinOm
656 1864 736 1892 aedes
745 1858 994 1895 dedicaturfibid.

302 1909 433 1938 Larinas
450 1918 534 1945 ager,
559 1912 614 1944 22,
633 1912 680 1936 18.
706 1910 736 1935 et
751 1910 800 1935 24.
820 1909 874 1939 27,
897 1907 949 1933 40.
965 1906 995 1931 et

346 1957 398 1981 43.
416 1956 471 1988 45,
490 1956 520 1980 2.

302 1996 438 2031 Larissa,
457 2004 510 2024 arx
528 1994 632 2032 Argis,
648 1997 703 2027 32,
720 1995 771 2020 25.

303 2040 438 2073 Larissa,
455 2038 529 2067 urbs
547 2037 661 2066 nobilis
682 2032 929 2071 Tlicss:iiiae‚3l‚
941 2034 992 2061 46.

348 2086 401 2115 42,
414 2085 464 2113 67.

305 2126 459 2155 Larissam
484 2124 547 2152 dies
570 2122 718 2152 exercitui
742 2122 778 2150 ad
803 2119 995 2149 convenien-

345 2169 418 2198 dum
436 2178 453 2197 a
470 2167 614 2205 Philippo
631 2165 777 2200 edicitur,
805 2168 860 2199 28,
879 2168 907 2192 5.

303 2213 433 2242 Larissae
448 2211 671 2240 Thessalorum
695 2207 874 2240 concilium,
892 2209 945 2237 36,
965 2209 992 2234 8.

346 2259 401 2291 42,
417 2260 469 2284 38.
487 2254 525 2283 ab
543 2254 666 2282 Larissa
681 2252 851 2281 obsidenda
863 2251 995 2279 deterre-

346 2303 399 2327 tur
416 2298 592 2327 Antiochus
617 2301 683 2326 arte
706 2296 766 2335 Ap.
786 2295 922 2330 Claudii,
937 2295 993 2329 36,

350 2346 397 2370 10.
416 2347 446 2370 et
466 2345 514 2370 13.

303 2385 425 2413 Larissa
444 2386 614 2415 Cremaste,
628 2384 743 2420 31,46.
758 2386 810 2412 42.
830 2385 881 2411 56.
898 2385 927 2410 ct
943 2381 997 2410 67.

305 2427 513 2461 Larissenses,
530 2431 585 2462 31,
600 2431 653 2455 31.

304 2472 460 2506 Larissus,
477 2469 590 2504 amnis,
614 2470 725 2497 Eleum
752 2477 860 2506 agrum
876 2467 914 2496 ab
929 2467 994 2505 Dy-

347 2523 425 2543 maeo
442 2512 572 2547 dirimit,
586 2515 639 2547 27,
654 2516 708 2540 31.

309 2558 417 2586 Lartes
434 2557 583 2590 Porsena,
597 2554 658 2583 vid.
677 2555 821 2582 Porsena.

305 2601 413 2630 Lartes
426 2597 626 2629 Tolumnius,
642 2597 705 2626 vid.
719 2597 917 2626 Tolumnius.

306 2645 359 2682 Sp.
378 2643 516 2679 Lartius,
536 2649 647 2680 genere
664 2640 816 2677 factisque
833 2640 945 2671 clarus,
964 2644 996 2676 2,

350 2691 399 2716 18.
414 2696 484 2716 cum
510 2683 644 2714 Horatio
668 2682 788 2713 Coclite
811 2687 917 2712 manet
940 2683 995 2711 ali-

350 2730 531 2768 quantisper
553 2728 585 2757 in
610 2728 745 2756 statione
761 2727 878 2764 pontis,
895 2731 926 2762 2,
947 2731 996 2757 10.

348 2773 515 2811 praeficitur
530 2771 680 2810 expeditae
693 2770 868 2808 juventuti,
890 2774 937 2798 11.

305 2817 340 2846 Τ.
353 2817 490 2854 Lartius,
507 2815 632 2852 consul,
651 2818 684 2852 2,
702 2818 748 2843 18.
767 2813 886 2852 primus
898 2814 995 2843 dicta-

759 66 940 105 INDEX
970 68 1029 105 IN
1062 67 1108 105 T.
1139 64 1273 106 LIVII

1079 182 1140 211 tor,
1156 178 1229 208 ibid.
1241 179 1350 208 consul
1360 180 1541 216 iteruin,91.
1555 181 1616 209 vid.
1630 185 1660 210 et
1674 185 1726 212 29.

1038 223 1110 256 Las,
1127 221 1214 250 vicus
1231 222 1418 260 maritimus,
1436 227 1491 259 38,
1510 228 1564 253 30.
1581 233 1651 253 eum
1670 225 1729 254 im-

1079 266 1204 304 proviso
1217 270 1385 304 occupant,
1402 270 1433 295 et
1449 267 1556 296 statim
1573 268 1728 297 amittunt

1081 309 1323 345 Lacedaemonii,
1341 310 1414 338 ibid.

1038 350 1256 380 Latemnastus
1276 353 1446 388 Cretensis,
1461 356 1516 389 35,
1533 356 1585 383 29.

1038 394 1108 423 Lati
1135 395 1213 423 clavi
1239 396 1279 424 ob
1306 396 1453 425 Caudinae
1483 396 1567 434 pacis
1592 395 1727 434 ignomi-

1080 437 1163 466 niam
1175 438 1318 476 depositi,
1333 443 1367 476 9,
1380 444 1409 471 7.
1423 440 1487 468 lato
1500 439 1586 468 clavo
1599 440 1728 474 tunicae,

1079 484 1134 517 30,
1155 485 1202 511 17.

1037 524 1143 553 Latini
1159 524 1242 552 unde
1258 524 1348 559 dicti,
1370 529 1397 558 1,
1417 529 1445 554 2.
1464 524 1560 553 Prisci
1572 525 1678 554 Latini
1688 525 1726 555 ab

1079 568 1162 596 Alba
1177 567 1312 602 oriundi,
1328 572 1357 596 3.
1374 572 1404 597 et
1420 572 1471 597 52.
1485 568 1547 596 vad.
1564 572 1594 596 ct
1610 573 1664 598 32.

1037 611 1143 640 Latini
1160 610 1240 639 bello
1253 611 1410 640 lacessunt
1420 613 1544 640 Ancum
1559 612 1728 648 Marcium,

1084 659 1110 687 1,
1128 658 1181 683 32.
1206 654 1389 691 vincuntur,
1419 658 1471 683 33.
1500 655 1601 683 multa
1620 664 1727 683 eorum

1079 697 1176 726 millia
1190 698 1399 726 traducuntur
1411 698 1556 733 Romam,
1567 698 1642 728 ibid.
1657 707 1729 726 cum

1078 741 1115 769 iis
1132 741 1213 769 bella
1228 741 1308 779 gerit
1318 741 1508 779 Tarquinius
1526 741 1658 775 Priscus,
1674 745 1727 770 35.

1078 788 1163 812 et38.
1177 784 1359 813 Latinorum
1372 790 1403 813 et
1416 784 1628 813 Romanorum
1641 794 1726 813 coni-

1078 827 1188 855 munia
1215 836 1310 862 saera,
1334 832 1387 857 45.
1410 837 1463 857 eos
1491 827 1549 855 sibi
1578 828 1727 856 conciliat

1077 870 1267 908 Tarquinius
1280 870 1450 909 Superbus,
1468 874 1518 901 49.
1534 879 1603 899 cum
1621 871 1657 899 iis
1671 871 1729 900 foe-

1078 914 1136 942 dus
1153 913 1241 949 facit,
1261 917 1399 942 50-52,

1122 957 1159 986 ad
1178 956 1333 994 Regillum
1361 957 1461 985 lacum
1479 955 1564 992 caesi,
1582 960 1614 992 2,
1634 960 1680 987 19.
1698 960 1728 984 et

1080 1004 1130 1028 20.
1150 1000 1322 1028 sollicitant
1337 1000 1453 1028 frustra
1475 999 1604 1028 Latinos
1622 999 1729 1028 Volsci

1079 1044 1117 1072 ad
1142 1041 1258 1072 bellum
1280 1044 1431 1072 Romanis
1448 1043 1658 1079 inferendum,
1676 1046 1727 1071 22.

1080 1095 1131 1115 sex
1162 1084 1260 1115 millia
1282 1087 1465 1116 Latinorum
1494 1086 1688 1123 captivorum
1712 1094 1730 1114 a

1080 1133 1191 1158 senatu
1205 1129 1342 1161 remissa.
1362 1130 1591 1159 ibid.coronam
1606 1137 1729 1158 auream

1079 1173 1153 1202 ,Iovi
1165 1173 1195 1200 in
1208 1173 1398 1210 Capitolium
1411 1173 1557 1209 mittunt,
1572 1173 1642 1201 ibid.
1657 1181 1728 1201 cum

1080 1215 1201 1245 Latinis
1216 1217 1338 1254 populis
1354 1217 1451 1245 ictum
1463 1216 1578 1251 foedus,
1593 1219 1644 1245 33.
1660 1225 1732 1244 vex-

1079 1262 1175 1288 antur
1191 1259 1436 1292 incursionibus,
1453 1260 1640 1296 AEquorum,
1656 1263 1708 1287 48.

1123 1311 1211 1340 opem
1224 1302 1483 1331 feruntRomanis
1493 1303 1639 1330 adversus
1652 1301 1728 1330 Vol-

1081 1354 1148 1373 scos
1165 1349 1197 1373 et
1212 1346 1345 1382 AEquos,
1361 1346 1412 1374 sed
1431 1346 1611 1381 vincuntur,
1627 1349 1659 1378 3.
1678 1349 1708 1375 7.

1124 1388 1276 1417 deficiunt
1290 1388 1478 1421 aRomanis,
1493 1398 1588 1426 quum
1605 1398 1659 1426 per
1675 1397 1730 1417 an-

1081 1440 1139 1460 nos
1155 1432 1226 1470 plus
1248 1436 1375 1460 centum
1394 1440 1564 1469 numquam
1582 1431 1730 1470 ambigua

1081 1475 1140 1504 fide
1154 1477 1185 1503 in
1210 1475 1348 1504 amicitia
1365 1476 1508 1505 Romana
1525 1475 1726 1508 mansissent,

1081 1520 1115 1553 6,
1132 1522 1162 1547 2.
1177 1518 1240 1547 vid.
1257 1524 1287 1547 et
1305 1523 1336 1556 7,
1357 1523 1405 1547 11.
1421 1523 1451 1547 et
1466 1523 1519 1547 32.
1535 1518 1573 1547 ab
1590 1518 1626 1547 iis
1649 1518 1729 1547 Tus-

1081 1562 1185 1590 culum
1210 1566 1351 1600 captum,
1376 1566 1427 1591 33.
1453 1561 1535 1600 quod
1567 1561 1727 1600 recipitur,

1081 1605 1171 1633 caesis
1187 1605 1322 1642 Latinis,
1340 1606 1414 1634 md.

1125 1649 1162 1676 iis
1174 1649 1352 1686 petentibus
1363 1658 1422 1687 pax
1435 1647 1518 1681 data,
1531 1651 1562 1683 7,
1582 1650 1630 1677 12.
1643 1656 1732 1685 mag-

1082 1691 1183 1720 navis
1201 1692 1335 1720 militum
1360 1691 1398 1721 ab
1424 1691 1461 1719 iis
1486 1694 1625 1728 accepta,
1655 1690 1729 1720 ibid.

1081 1734 1214 1764 concilia
1239 1735 1369 1771 habent,
1394 1739 1426 1764 et
1447 1734 1597 1763 Romanis
1616 1737 1731 1768 negant

1081 1778 1207 1813 milites,
1225 1782 1275 1807 25.
1290 1777 1549 1814 exercitibusjam
1567 1777 1598 1805 iu
1614 1777 1730 1805 Roma-

1082 1830 1138 1850 nos
1169 1821 1370 1860 comparatiS,
1394 1824 1523 1850 vertunt
1549 1820 1665 1849 bellum
1696 1819 1729 1848 in

1080 1865 1240 1902 pelignos,
1257 1869 1310 1894 38.

1124 1907 1254 1936 Sidicini
1281 1907 1401 1937 dedunt
1425 1916 1457 1935 se
1485 1906 1618 1942 Latinis,
1643 1909 1675 1943 8,
1700 1910 1730 1934 2.

1080 1951 1183 1979 Latini
1196 1955 1321 1979 vastant
1335 1960 1424 1987 agros
1440 1950 1640 1981 Samnitium.
1656 1949 1731 1978 ibid.

1080 1994 1255 2023 moliuntur
1265 1995 1386 2023 occulte
1397 1993 1510 2022 bellum
1521 1994 1553 2021 in
1562 1994 1730 2026 Romanos,

1080 2042 1112 2067 3.
1142 2038 1246 2066 decem
1269 2037 1425 2076 principes
1448 2036 1633 2065 Latinorum
1665 2037 1729 2065 Ro-

1080 2089 1162 2109 mam
1187 2081 1321 2117 evocati,
1348 2080 1419 2108 ibid.
1443 2079 1574 2108 consilia
1600 2079 1728 2108 Latino-

1081 2134 1149 2152 rum
1178 2134 1214 2153 ea
1240 2125 1277 2153 de
1301 2134 1344 2154 re.
1373 2127 1403 2153 4.
1427 2126 1542 2161 petunt
1568 2123 1728 2152 consulem

1081 2172 1112 2195 ct
1135 2171 1293 2196 senatores
1310 2167 1454 2201 Latinos,
1473 2170 1501 2195 5.
1526 2165 1562 2194 iis
1589 2166 1729 2194 inserunt

1082 2211 1197 2239 bellum
1214 2211 1361 2244 Romani,
1380 2212 1409 2238 6.
1437 2209 1475 2238 ad
1499 2209 1638 2247 Capuam
1656 2217 1732 2237 con-

1082 2254 1214 2282 veniunt
1231 2254 1335 2282 Latini
1360 2262 1429 2282 cum
1448 2252 1539 2281 sociis
1561 2253 1637 2284 suis,
1654 2251 1729 2280 ibid.

1082 2301 1156 2326 sunt
1172 2297 1340 2336 persimiles
1350 2296 1500 2325 Romanis
1516 2296 1547 2323 in
1561 2295 1652 2323 rebus
1665 2294 1729 2323 bel-

1081 2341 1162 2376 licis,
1179 2345 1210 2370 8.
1226 2341 1370 2378 proelium
1386 2343 1475 2368 atrox
1496 2338 1578 2367 inter
1599 2337 1730 2367 Latinos

1082 2388 1114 2413 et
1129 2384 1302 2419 Romanos,
1313 2388 1342 2415 9.
1358 2383 1527 2411 vincuntur
1543 2381 1660 2417 Latini,
1679 2385 1728 2409 10.

1082 2428 1278 2456 mulctantur
1289 2435 1375 2464 agro,
1396 2429 1441 2454 ll.
1457 2424 1640 2453 rebellantes
1656 2424 1729 2453 sun-

1083 2471 1212 2506 duntur,
1238 2474 1284 2499 12.
1307 2470 1340 2497 in
1357 2468 1545 2497 deditionem
1570 2467 1729 2505 accipiun-

1082 2517 1145 2546 tur,
1163 2513 1237 2542 ibid.
1281 2512 1461 2540 Latinorum
1487 2514 1587 2539 status
1604 2510 1726 2546 infelix,

1087 2561 1136 2586 13.
1148 2555 1284 2585 subactis
1297 2555 1333 2583 iis
1349 2555 1431 2593 leges
1447 2553 1556 2583 dicunt
1580 2553 1727 2588 Romani,

1081 2600 1155 2628 ibid.
1166 2603 1195 2627 et
1212 2602 1262 2627 14.

1124 2652 1140 2671 e
1153 2641 1273 2670 Latinis
1291 2639 1424 2669 Romani
1438 2640 1475 2668 ad
1491 2639 1641 2668 exercitus
1655 2647 1729 2667 suos

1082 2685 1213 2713 alterum
1226 2687 1349 2712 tantum
1360 2682 1558 2720 adjiciebant,
1574 2687 1605 2717 8,
1622 2687 1650 2711 8.
1665 2681 1727 2713 vid.

1081 2733 1111 2757 st
1127 2732 1156 2757 4.
1172 2737 1208 2756 ex
1224 2727 1261 2755 iis
1274 2730 1415 2755 senatum
1432 2726 1639 2764 supplendum
1654 2733 1729 2755 cen-

1082 2775 1129 2799 set
1147 2772 1198 2809 Sp.
1215 2770 1382 2805 Carvilius,
1399 2773 1453 2803 33,
1471 2774 1523 2798 22.

1041 2814 1158 2852 Latini,
1174 2813 1226 2852 qui
1244 2814 1374 2843 Romam
1398 2813 1653 2852 commigrarant,
1676 2811 1726 2848 ju-
