1831 3174
482 106 603 143 LIB.
632 105 744 143 XLI.
790 106 919 144 CAP.
950 106 1103 144 XXIV.

1454 115 1503 152 27

74 222 135 258 tos
155 217 362 258 Romanos
391 216 554 264 venisse,
577 230 626 256 ac
655 229 786 270 regem
808 218 960 258 Persea
981 231 1009 257 a
1035 217 1191 271 populo
1213 217 1400 258 Romano
1430 220 1504 259 ad-
1519 225 1606 258 U.C.
1622 225 1697 256 578.

68 276 287 328 pellatam:
318 275 516 324 audimus,
536 275 690 327 legatos
717 274 918 316 Romanos
947 275 1100 316 venisse
1127 276 1185 315 ad
1213 290 1356 330 regem,
1380 282 1418 316 et
1442 269 1609 317 eosA·C·
1626 268 1697 298 174.

74 332 244 387 benigne
264 337 480 385 exceptosq.
511 332 620 372 Hoec
640 332 777 372 omnia
799 334 921 385 pacis
940 334 1120 386 equidem
1140 334 1260 387 signa
1288 348 1370 374 esse
1385 332 1507 387 judi-

73 404 131 438 co,
154 404 234 430 non
255 390 351 430 belli
361 407 373 429 .·
407 403 476 429 nec
499 389 703 430 Romanos
718 390 871 444 offendi
882 405 1015 443 posse,
1032 392 1081 439 si,
1099 397 1143 431 ut
1164 391 1304 431 bellum
1322 398 1509 445 gerentes

75 463 139 488 eos
167 448 291 488 secuti
319 461 462 495 sumus,
494 461 599 486 nunc
629 462 783 501 quoque
810 449 931 501 pacis
963 455 1146 489 auctores
1174 463 1399 502 sequamur.
1438 464 1511 489 cur

74 507 231 559 quidem
264 518 335 545 nos
366 504 617 557 inexpiabile
643 506 818 546 omnium
847 507 925 547 soli
955 506 1097 546 bellum
1124 508 1315 547 adversus
1345 521 1511 561 regnum

75 563 345 602 ,ZlIacedonum
361 576 563 617 geramus,
582 576 660 602 non
674 564 802 603 video.
838 563 1074 616 Opportunz'
1087 565 1403 618 propinquitate
1420 566 1511 618 ipsa

74 620 335 661 Macedonioe
363 634 521 666 sunms;
565 634 621 660 an
653 621 920 673 infirmissimi
949 622 1137 670 omnium,
1167 629 1384 676 tamquam,
1417 637 1513 675 quos

73 691 204 731 nuper
221 677 399 732 subjecit,
418 678 600 730 Dolopes
614 681 635 716 .9
668 677 700 700 ¹⁴¹
717 679 834 719 immo
855 685 997 719 contra
1015 694 1077 727 ea,
1097 681 1159 719 vel
1174 680 1326 720 viribus
1347 681 1510 728 nostris,

45 735 208 776 *Deum
238 735 504 789 benignitate,
528 736 590 776 vel
620 737 801 790 regionis
831 738 1050 778 intervallo
1079 738 1173 777 tuti.

1234 737 1266 760 ¹⁵
1274 739 1355 778 Sed
1382 752 1514 778 sumus

73 807 186 847 a’que
207 792 373 847 subjecti
392 808 441 834 ae
468 793 655 834 Thessali
674 794 890 848 AEtolique
904 817 918 841 ,·
952 795 1084 835 nihilo
1098 796 1194 848 plus
1200 796 1314 848 fidei
1334 797 1513 836 auctori·
1536 825 1540 829 -

73 851 250 905 tutisque
283 851 469 892 habemus
499 852 691 893 adversus
723 852 943 900 Romanos,
977 853 1048 906 qui
1076 867 1231 906 semper
1260 854 1362 893 socii
1392 860 1514 908 atque

74 909 198 948 amici
215 909 393 963 fuimus,
427 923 546 963 quam
578 909 730 958 AEtoli,
766 912 837 963 qui
861 911 1008 963 paullo
1039 917 1136 950 ante
1170 911 1299 951 hostes
1316 911 1512 965 fuerunt.

77 966 196 1014 Quod
229 966 400 1017 AEtolis‚
433 968 540 1020 quod
578 966 797 1016 Thessalis,
825 968 933 1021 quod
964 969 1167 1020 Epirotis,
1200 970 1311 1009 omni
1340 970 1514 1023 (lenique

78 1023 256 1064 Graecioe
275 1039 359 1064 cum
382 1024 675 1064 Macedonibus
680 1024 797 1078 juris
818 1032 888 1074 est,
906 1026 1008 1065 idem
1030 1031 1069 1065 et
1090 1026 1204 1066 nobis
1223 1027 1290 1067 sit.
1313 1040 1385 1066 cur
1403 1042 1514 1067 exse—-

73 1081 240 1122 crabilis
262 1083 341 1122 ista
364 1081 477 1122 nobis
492 1082 588 1122 solis
609 1083 715 1122 velut
730 1083 905 1123 desertio
911 1081 1028 1136 juris
1043 1083 1213 1123 humani
1232 1087 1319 1123 est?
1352 1085 1515 1124 Fecerit

73 1139 237 1192 aliquid
258 1139 494 1192 Philippus,
517 1153 588 1179 cur
608 1140 798 1181 adversus
818 1154 903 1181 eum
925 1147 1124 1181 armatum
1146 1148 1185 1181 et
1205 1141 1347 1181 bellum
1367 1155 1515 1195 geren-

73 1202 149 1236 tem
170 1197 242 1237 hoc
263 1197 583 1238 decerneremus.-
617 1198 718 1251 quid
737 1199 923 1246 Perseus,
946 1213 1069 1239 novus
1089 1213 1174 1248 γεω,
1199 1200 1328 1239 omnis
1348 1199 1517 1253 injurioe

74 1255 223 1302 insons,
255 1268 325 1295 suo
355 1254 543 1305 beneficio
572 1261 775 1309 paternas
803 1257 1028 1297 simultates
1058 1256 1294 1305 obliterans,
1331 1259 1514 1297 meruit?

73 1326 144 1352 cur
162 1313 240 1353 soli
269 1313 443 1353 omnium
473 1313 603 1353 hostes
623 1313 662 1354 ei
691 1318 856 1354 sumus?
894 1314 1146 1368 Quamquam
1178 1321 1217 1355 et
1249 1316 1353 1355 illud
1382 1316 1516 1356 dicere

63 1375 267 1422 poteram,
300 1376 419 1410 tanta
449 1371 637 1423 priorum
669 1372 930 1412 Macedoniae
965 1387 1103 1426 regum
1134 1373 1282 1412 merita
1313 1387 1412 1427 erga
1443 1387 1516 1413 nos

55 1427 208 1482 fuisse,
231 1434 276 1468 ut
297 1428 492 1481 Philippi
512 1429 631 1469 unius
658 1428 848 1482 injurias,
871 1431 908 1470 si
928 1444 1017 1483 quae
1031 1430 1360 1483 forteficerunt‚
1387 1432 1409 1453 ἓ*
1433 1432 1515 1470 uti-

73 1499 148 1539 que
175 1491 271 1538 post
306 1491 482 1526 mortem.

547 1485 678 1534 Quum
713 1488 855 1527 classis
887 1488 1078 1527 Romana
1119 1487 1336 1528 Cenchreis
1370 1493 1515 1538 staret,

72 1543 210 1583 consul
228 1556 313 1583 cum
335 1543 514 1583 exercitu
534 1544 695 1583 Elatia?
723 1550 835 1592 esset,
857 1545 1036 1585 triduum
1068 1545 1112 1584 in
1143 1546 1315 1584 concilio
1333 1546 1513 1599 ficimus,

73 1601 357 1649 consultantes,
405 1607 536 1641 utrum
583 1601 805 1650 Romanos,
846 1616 902 1641 an
948 1603 1207 1655 Philippum,
1248 1617 1514 1656 sequeremur.

75 1657 108 1680 ¹⁶
119 1657 323 1698 Nonnihil
341 1663 467 1699 metus
479 1671 664 1710 praesens
684 1658 736 1698 ab
754 1659 953 1700 Romanis
968 1660 1191 1700 sententias
1211 1667 1372 1709 nostras
1394 1662 1515 1701 incli-

73 1715 212 1756 narit:
227 1715 327 1770 fuit
346 1721 454 1756 certe
474 1722 607 1756 tamen
629 1717 804 1770 aliquid,
828 1718 936 1771 quod
957 1724 1039 1758 tam
1068 1718 1230 1772 longam
1252 1718 1515 1759 deliberatio-

598 1792 615 1817 ‘1
630 1795 759 1829 acceptos
779 1790 876 1821 Gron.
899 1791 990 1822 Crev.

78 1851 181 1883 Nemo
203 1857 250 1883 est
273 1852 350 1893 quin
374 1852 479 1884 videat
500 1853 673 1884 tollendum
704 1864 771 1885 esse

76 1895 248 1926 secundum
276 1895 354 1926 illud
382 1896 500 1931 Persea,
525 1901 589 1927 tam
620 1896 772 1928 inutiliter

77 1943 109 1969 et
124 1938 229 1969 odiose
250 1939 427 1981 repetitum.
472 1939 652 1970 Admodum
676 1939 772 1971 etiam

78 1981 243 2012 verisimile
259 1987 317 2018 est,
328 1992 366 2014 ea
378 1993 449 2024 quae
464 1983 646 2026 praecedunt
661 1983 774 2014 vitiata

76 2034 156 2055 esse.
201 2024 368 2066 Nusquam
384 2025 468 2056 enim
492 2033 697 2057 memoratum
713 2031 771 2063 est,

78 2072 114 2098 ut
141 2068 285 2098 observat
309 2069 497 2105 Gronovius,
522 2069 638 2101 Persea
667 2070 772 2100 statim

79 2121 174 2152 regno
190 2116 320 2153 accepto
336 2111 376 2142 ad
398 2113 518 2154 legatos
534 2113 696 2144 Romanos
720 2124 772 2144 ve-

79 2153 173 2191 nisse,
190 2154 245 2185 sed
267 2155 387 2196 legatos
403 2156 539 2187 Romam
555 2155 688 2187 misisse.
733 2157 774 2187 Et

79 2207 206 2229 causam
230 2197 324 2228 errori
348 2199 487 2240 praebere
511 2199 640 2229 fortasse
663 2205 772 2242 potue-

80 2240 142 2270 rint
162 2241 230 2271 haee
246 2242 341 2272 verba
360 2241 491 2272 membri
514 2242 692 2283 sequentis:
718 2254 773 2273 au-

80 2285 176 2314 dimus
213 2285 319 2326 legatos
356 2284 497 2316 Romanos
532 2287 649 2317 venisse.
708 2286 772 2318 Ita-

104 2338 141 2358 ue
168 2332 251 2357 recte
278 2327 400 2359 videtur
427 2328 509 2359 hunc
537 2329 640 2360 locum
668 2339 774 2360 emen-

79 2337 154 2401 ilare
178 2370 354 2402 Gronovius
378 2370 436 2402 hoc
464 2371 573 2403 modo:
603 2373 646 2402 Ac
668 2374 773 2403 scimus

82 2413 199 2449 Persea,
227 2423 318 2455 regno
350 2421 474 2454 accepw,
507 2416 614 2457 legatos
651 2415 774 2446 Romam

79 2457 195 2492 misisse,
229 2468 265 2487 ac
303 2468 400 2499 regem
439 2470 458 2488 a
494 2460 600 2499 populo
644 2459 775 2490 Romano

79 2500 267 2538 appellatum.

127 2543 167 2572 14
191 2543 252 2573 Imo
274 2549 376 2574 contra
391 2544 439 2585 ea]
464 2544 620 2575 Voculam
638 2556 670 2575 ea
689 2545 775 2586 ejicit

85 2584 271 2617 Gronovius.
316 2587 378 2617 Sed
404 2587 428 2617 si
452 2587 510 2618 illa
534 2598 595 2618 non
622 2588 775 2630 exprima-

82 2632 142 2662 tur,
156 2627 249 2659 debet
263 2629 408 2671 intelligi.
454 2630 541 2667 Quid
556 2630 650 2671 igitur
665 2642 774 2662 neces-

84 2680 116 2700 se
140 2675 187 2700 est
209 2681 277 2702 eam
301 2672 409 2709 deleri,
433 2672 457 2703 si
482 2674 608 2714 quando
629 2675 774 2716 exprimi-

84 2714 154 2743 tur?
177 2713 247 2744 Nec
269 2714 423 2751 videmus,
440 2727 494 2746 cur
517 2727 578 2747 non
601 2722 665 2747 tam
689 2717 775 2748 dica—

85 2766 153 2786 mus
190 2763 290 2787 contra
322 2769 366 2794 ea,
403 2770 496 2800 quam
532 2766 686 2799 praeterea,
722 2766 776 2790 aut

84 2805 187 2837 postea.
235 2801 275 2830 Et
302 2801 375 2832 alibi
402 2803 562 2844 usurpavit
593 2802 712 2839 Livius,
745 2809 776 2834 ut

83 2842 105 2872 l.
124 2841 189 2872 ΙΙΙ.
206 2843 258 2874 60.
273 2847 303 2872 el.
319 2843 340 2874 l.
359 2845 450 2876 XXI.
469 2857 494 2876 c.
505 2847 559 2877 20.
606 2847 623 2864 ’ᾖ
635 2847 778 2877 Fortasse

86 2884 251 2926 legendum
277 2891 322 2915 ext
344 2893 443 2917 contra
471 2900 543 2924 eam,
570 2899 680 2930 nempe
705 2900 777 2920 con-

815 1859 863 1884 tra
883 1853 1121 1891 Macedoniam,
1141 1866 1210 1896 quae
1237 1856 1332 1898 paulo
1361 1862 1434 1888 ante
1458 1867 1513 1888 no-

816 1897 937 1928 minata
967 1904 1024 1934 est,
1056 1898 1106 1929 vel
1135 1899 1377 1940 intelligendum
1412 1907 1515 1931 contra

815 1950 848 1970 ea
863 1940 1015 1982 pericula.

862 1985 901 2015 15
924 1984 980 2014 Sed
994 1995 1093 2015 sumus
1116 1995 1198 2025 ecque
1223 1988 1344 2026 subjecti
1370 1998 1404 2017 ac
1429 1985 1514 2017 Thes-

816 2027 870 2056 sali
901 2027 1062 2068 AEtolz'que]
1102 2029 1196 2059 Patet
1225 2040 1263 2060 ex
1298 2029 1337 2060 iis
1365 2040 1435 2070 quae
1465 2040 1514 2060 se-

817 2076 967 2110 quuntur,
988 2070 1051 2112 legi
1074 2070 1188 2103 debere
1213 2072 1408 2113 Epir-oraque.
1455 2074 1515 2104 Ce-

817 2119 916 2143 terum
939 2114 1007 2144 haec
1030 2114 1076 2145 ita
1098 2115 1306 2156 intelligenda
1327 2122 1410 2152 sunt,
1428 2120 1461 2146 ut
1477 2127 1516 2147 ea

817 2156 902 2187 Arco
925 2156 984 2187 sibi
1006 2157 1073 2199 ipse
1090 2158 1230 2200 objiciat,
1248 2169 1284 2190 ac
1308 2159 1382 2190 dum
1407 2159 1517 2200 objicit

817 2199 950 2232 refellat.
995 2200 1123 2240 Snbjecti
1152 2201 1237 2233 idem
1268 2207 1315 2233 est
1347 2214 1384 2234 ac
1423 2213 1517 2244 supra

817 2246 982 2282 ‹quim-tuni.
1037 2244 1109 2275 Nisi
1147 2245 1224 2276 forte
1262 2245 1432 2286 legendum
1469 2251 1517 2276 est

817 2286 920 2328 potius
935 2289 1069 2326 suspecti.

863 2330 903 2359 16
927 2330 1073 2361 Nonnihil
1102 2337 1195 2362 metus
1229 2342 1355 2371 proesens
1390 2333 1426 2362 ab
1456 2332 1515 2362 Ro-

817 2373 926 2413 manis]
958 2374 1027 2405 Imo
1047 2375 1133 2412 nihil,
1157 2380 1191 2405 ut
1218 2380 1301 2405 recte
1326 2381 1431 2406 monet
1454 2376 1515 2406 Pe-

818 2416 962 2448 rizonius.
1009 2417 1093 2449 Areo
1113 2417 1180 2448 vult
1202 2417 1336 2459 intelligi
1355 2419 1516 2450 Romano-

819 2471 887 2490 rum
931 2465 1061 2496 metum,
1103 2472 1233 2502 quorum
1279 2462 1387 2492 classis
1433 2463 1516 2493 Cen-

820 2503 932 2536 chreis,
949 2504 1104 2534 exercitus
1127 2504 1279 2536 terrestris
1303 2505 1415 2535 Elatiae
1439 2511 1518 2541 erat,

819 2546 894 2576 dum
917 2546 1127 2578 deliberarent
1149 2548 1272 2583 Achaei,
1293 2548 1325 2578 in
1349 2559 1445 2579 causa
1469 2549 1517 2578 fu-

820 2589 892 2625 isse,
911 2600 965 2620 cur
981 2590 1021 2620 ad
1044 2590 1113 2621 illos
1130 2590 1319 2622 inclinarent
1335 2591 1515 2622 consultan-

819 2632 897 2662 tium
922 2632 1028 2664 animi.
1074 2633 1137 2664 Sed
1160 2634 1282 2673 demus,
1307 2634 1419 2675 inquit,
1437 2633 1516 2663 nihil

821 2681 895 2706 tune
912 2675 1047 2707 valuisse
1064 2682 1182 2708 metum
1200 2677 1302 2708 illum.
1347 2677 1440 2706 Certe
1457 2676 1514 2706 ali-

822 2719 897 2759 quid
915 2724 1020 2749 tamen
1038 2719 1107 2755 fuit,
1125 2720 1208 2761 quod
1232 2726 1295 2751 tam
1320 2720 1444 2759 longam
1460 2719 1515 2750 de·

820 2762 1035 2793 liberationem
1081 2763 1207 2794 faceret.
1268 2763 1319 2792 De
1357 2762 1517 2793 beneficiis

822 2805 1035 2836 Macedonum
1072 2817 1179 2847 regum
1213 2806 1244 2835 in
1281 2805 1414 2837 Achaeos
1451 2805 1515 2836 vid.

824 2848 932 2889 Polyb.
950 2849 970 2880 l.
988 2850 1032 2879 ΙΙ.
1051 2855 1081 2879 et
1098 2850 1180 2879 Plut.
1198 2848 1229 2878 in
1248 2848 1353 2878 Arato.
