1831 3194
500 110 619 146 LIB.
650 107 783 145 XLII.
830 109 958 145 CAP.
990 109 1107 147 XIII.
1464 119 1511 150 45

86 217 193 270 ipsos
239 233 389 274 quoque
432 233 543 274 reges
592 219 793 273 ingentem
838 219 1074 260 auctoritate
1086 234 1102 267 ;
1152 218 1349 261 ³⁵Seleuci
1378 223 1705 272 ιΐίίὲτυη[Γ.(;.580.

85 275 244 316 duxisse
273 291 374 324 eum,
407 290 485 316 non
517 282 730 329 petentem,
760 277 831 317 sed
862 276 1032 328 petitum
1065 277 1198 324 ultro;
1240 291 1411 319 sororem
1446 277 1705 319 (Je,A.(:.17-2.

88 333 192 373 disse
224 335 381 375 Prusiae
418 332 452 357 ³⁶
464 334 642 386 precanti
682 348 733 374 ac
765 334 921 375 oranti:
959 334 1175 375 celebratas
1209 349 1293 375 esse
1326 343 1515 391 utrasque

84 391 244 443 nuptias
279 391 550 446 gratulatione
585 391 774 446 donisque
806 391 1146 433 innumerabilium
1184 393 1439 447 legationum,
1478 403 1514 434 et

83 445 119 474 ⁸⁷
131 449 234 489 velut
264 449 490 501 auspicibus
518 449 769 489 nobilissimis
796 449 954 502 populis
979 451 1171 490 deductas
1200 464 1292 492 esse.
1363 453 1513 491 Boeoto-

85 519 173 546 rum
191 512 362 561 gentem,
383 513 585 560 captatam
613 507 806 560 Philippo,
829 521 1046 561 numquam
1067 509 1122 547 acl
1140 508 1389 549 scribendum
1409 510 1512 550 ami-

85 561 330 615 citiaefoedus
350 565 496 605 adduci
522 564 725 617 potuisse:
757 565 878 605 tribus
898 578 1000 605 nunc
1031 565 1124 605 locis
1154 580 1240 606 cum
1260 567 1412 607 Perseo
1432 565 1512 619 fa)-

83 621 156 660 dus
185 620 350 661 incisum
383 622 504 663 literis
534 636 644 662 esse:
675 637 751 663 uno
779 622 936 672 Thebis,
959 623 1086 664 altero
1115 622 1149 647 ⁵⁸
1166 624 1221 664 ad
1251 624 1416 671 Delum,
1441 638 1512 664 au-

78 677 307 732 gustissimo
332 687 369 720 et
398 679 645 721 celeberrimo
673 680 715 720 in
746 680 904 733 templo,
928 681 1042 721 tertio
1064 681 1243 733 Delphis.
1273 681 1315 721 in
1338 682 1513 722 Achaico

75 735 243 777 concilio
262 751 366 788 vero,
387 738 462 777 nisi
483 738 662 779 discussa
691 751 752 778 res
779 752 850 790 per
877 752 1026 790 paucos
1047 738 1275 778 Romanum
1302 738 1513 791 imperium

82 792 319 835 intentantes
339 801 453 844 esset,
468 809 513 835 eo
533 809 616 837 rem
636 810 755 849 prope
775 796 1007 846 adductam,
1025 802 1066 837 ut
1086 796 1219 837 aditus
1241 802 1279 836 et
1299 796 1339 837 in
1359 796 1512 838 Achai—

83 863 150 890 am
190 852 364 893 daretur.
423 852 457 876 ³⁹
471 853 543 902 At,
580 852 766 903 Hercule,
801 867 891 894 suos
925 854 1105 902 honores,
1143 852 1256 907 cujus
1290 854 1435 895 merita
1472 855 1514 895 in

82 922 171 949 eam
198 916 361 963 gentem
389 911 594 963 privatim,
617 925 670 951 an
696 911 863 964 publice,
884 910 960 951 sint
980 912 1150 966 majora,
1175 912 1239 952 vim
1258 911 1335 952 clici
1367 918 1512 964 posset,

76 967 229 1018 partim
250 968 426 1015 desertos
440 983 515 1021 per
533 969 721 1009 incultum
742 983 791 1010 ac
810 968 1119 1023 neglegentiam,
1140 969 1292 1021 partim
1322 969 1515 1010 hostiliter

79 1024 257 1064 sublatos
291 1040 384 1066 esse.
445 1027 558 1075 Jam,
594 1026 771 1077 AEtolos,
802 1040 919 1079 quem
953 1027 1154 1081 ignorare,
1187 1026 1229 1066 in
1257 1026 1515 1068 seditionibus

78 1082 159 1121 suis
189 1097 264 1123 non
296 1084 348 1124 ab
380 1083 588 1132 Romanis,
609 1085 678 1124 sed
709 1098 734 1124 a
762 1085 911 1124 Perseo
942 1083 1170 1136 prcesidium
1197 1082 1389 1136 petiisse?
1427 1085 1515 1124 His

79 1152 167 1179 eum
185 1138 345 1191 fiiltum
374 1141 622 1182 societatibus
642 1147 762 1195 atque
783 1141 967 1182 amicitiis
992 1156 1053 1181 eos
1084 1141 1312 1182 domesticos
1332 1142 1512 1194 adpara-

80 1202 141 1236 tus
161 1197 250 1237 belli
271 1197 430 1249 habere,
453 1206 497 1240 ut
518 1200 689 1239 externis
709 1213 786 1239 non
807 1205 946 1253 egeat;
979 1199 1151 1253 triginta
1173 1199 1300 1239 millia
1317 1199 1510 1252 peditum,

77 1253 245 1310 quinque
273 1256 399 1297 millia
430 1257 621 1311 equitum.-
653 1256 695 1297 in
725 1257 859 1298 decem
890 1270 1012 1297 annos
1041 1255 1075 1280 ⁴⁰
1076 1254 1327 1308 frumentum
1355 1270 1512 1310 praepa-

78 1325 183 1361 rare,
206 1320 247 1354 ut
278 1314 475 1354 abstinere
504 1321 542 1354 et
571 1328 641 1355 suo
672 1320 709 1355 et
739 1315 906 1355 hostium
938 1329 1041 1370 agro
1059 1313 1342 1366 frumentandi
1371 1328 1513 1355 caussa

73 1370 212 1422 possit.
271 1372 372 1414 Jam
409 1372 616 1426 pecuniam
659 1378 815 1413 tantam
857 1372 1013 1421 habere,
1048 1379 1090 1413 ut
1123 1372 1152 1396 4¹
1169 1373 1303 1413 decem
1343 1372 1514 1413 millibus

75 1429 409 1470 mercenariorum
439 1430 622 1477 militum,
642 1436 783 1482 praeter
804 1430 1077 1470 Macedonum
1108 1431 1253 1483 copias,
1275 1430 1514 1482 stipendium

76 1484 119 1526 in
150 1486 313 1527 totidem
348 1501 471 1527 annos
507 1493 776 1539 prceparatum
811 1488 980 1527 habeat:
1010 1493 1155 1541 praeter
1184 1500 1372 1536 annuum,
1405 1487 1511 1542 quod

75 1556 128 1582 em
157 1544 328 1584 metallis
357 1545 481 1599 regiis
510 1544 660 1598 capiat,
690 1544 874 1599 vectigal.
934 1545 1063 1585 Arma
1093 1543 1126 1567 ‘¹⁰²
1143 1544 1206 1586 vel
1236 1545 1360 1585 tribus
1390 1544 1512 1585 tantis

76 1600 311 1642 eoeercitibus
347 1602 389 1642 in
428 1602 742 1643 armamentaria
780 1602 1035 1656 congessisse.
1106 1601 1141 1626 ‘¹⁵
1152 1602 1426 1650 Juventutem,
1470 1608 1511 1642 ut

63 1656 159 1712 jam
179 1659 424 1700 Macedonia
453 1658 626 1711 deficiat,
648 1658 755 1700 velut
786 1673 836 1700 ecc
859 1660 1023 1712 perenni
1042 1657 1164 1712 fonte
1192 1660 1300 1700 uncle
1329 1660 1509 1709 hauriat,

85 1716 300 1757 Thraciam
319 1716 535 1770 subjectam
556 1731 650 1758 esse.

137 1774 280 1815 XIII.
313 1774 545 1831 Reliquum
565 1773 763 1816 orationis
786 1774 1025 1816 adhortatio
1046 1774 1141 1816 fuit.

122 1889 164 1919 35
188 1889 300 1919 Seleuci
329 1889 447 1930 filiam]
496 1887 667 1925 Laodicen,
699 1899 768 1931 quae

79 1930 215 1963 deducta
238 1931 277 1963 ad
305 1943 377 1963 eum
400 1932 501 1963 fuerat
525 1943 544 1963 a
566 1932 712 1969 Rhodiis,
735 1938 771 1963 ut
814 1932 912 1968 fieret,
953 1932 1087 1963 multum
1127 1932 1257 1974 adjuvit.

1204 1775 1295 1816 Non
1316 1789 1391 1830 ego
1413 1774 1508 1824 haec,
1525 1789 1676 1820 Hortatur

1525 1833 1564 1863 ad
1579 1833 1696 1863 bellum

814 1888 898 1919 Rem
918 1895 1023 1920 narrat
1040 1888 1202 1931 Polybius,
1218 1889 1272 1931 qui
1297 1889 1404 1925 etiam,
1421 1895 1456 1920 ut
1478 1888 1510 1920 id
1524 1881 1631 1907 contra
1650 1876 1725 1907 Pes*

1316 1933 1398 1964 Eum
1439 1932 1510 1964 vide
1524 1930 1587 1950 ³²³⁴·

77 1980 209 2006 testatur
232 1975 344 2017 Polyb.
369 1976 480 2017 Legat.
504 1976 555 2006 60.
602 1975 695 2006 Unde
722 1975 769 2006 in-

79 2017 126 2049 fra
148 2018 224 2049 dicit
248 2019 405 2050 Eumenes
425 2018 551 2061 nuptias
572 2018 644 2049 illas
667 2019 771 2060 auspi-

80 2061 168 2092 cibus
190 2061 389 2093 nobilissimis
410 2062 535 2104 populis
550 2061 725 2093 celebratas
741 2067 772 2093 et

80 2104 232 2136 deductas
247 2115 326 2136 esse.

123 2148 165 2178 36
190 2149 331 2178 Precanti
375 2159 409 2178 ac
454 2148 567 2189 oranti]
622 2149 706 2189 Lege
743 2155 771 2179 et

77 2193 186 2222 oranti.
232 2191 347 2232 Neque
370 2191 453 2222 enim
477 2192 560 2234 apud
583 2192 714 2233 optimos
733 2191 771 2222 il-

80 2233 126 2264 los
155 2233 335 2265 Latinitatis
361 2240 503 2265 auctores
526 2235 638 2265 vocula
660 2246 694 2265 ac
717 2246 771 2277 po-

80 2276 163 2307 nitur
179 2283 251 2308 ante
266 2277 418 2309 vocalem.

123 2320 191 2351 37*
205 2321 290 2352 Velut
326 2320 504 2361 auspicibus]
545 2320 616 2351 Vox
651 2319 775 2362 propria

79 2361 112 2394 in
138 2363 262 2405 negotio
285 2363 428 2406 nuptiali.
474 2363 599 2395 Etenim
629 2364 773 2405 auspices

80 2406 197 2448 nuptiis
225 2406 309 2450 apud
338 2407 500 2438 Romanos
531 2406 772 2448 interponeban-

80 2455 141 2486 tur,
171 2449 226 2491 qui
262 2449 399 2491 auguriis
436 2449 634 2492 exquirerent
669 2455 773 2481 utrum

77 2492 256 2524 *volentibus
278 2493 481 2535 propitiisque
497 2493 556 2524 diis
577 2492 696 2535 nuptiae
716 2493 772 2524 fie-

82 2541 160 2567 rent.
207 2536 304 2570 †Vid.
321 2537 428 2568 Valer.
443 2537 534 2568 Max.
549 2536 572 2567 l.
589 2537 637 2568 ΙΙ.
653 2546 682 2567 c.
701 2537 728 2566 1.

125 2580 165 2610 38
188 2580 236 2610 Ad
268 2580 393 2620 Delum]
433 2580 520 2611 Olim
554 2581 594 2610 ad
621 2580 774 2612 Sidenum.

84 2620 225 2653 Correxit
239 2622 394 2663 Sigonius.

126 2665 167 2695 39
190 2667 229 2695 At
254 2666 385 2697 Hercule
409 2676 472 2696 suos
495 2666 611 2697 honores
680 2688 688 2698 .
702 2677 772 2707 par-

85 2708 136 2736 tim
159 2709 279 2739 desertos
293 2731 302 2739 .
321 2732 327 2740 .
346 2732 354 2740 .
377 2712 486 2748 partim
503 2732 511 2740 .
528 2732 536 2740 .
553 2731 563 2740 .
584 2711 709 2740 sublatos
730 2721 772 2740 es-

83 2749 127 2790 se]
153 2750 215 2781 Sed
229 2751 251 2781 ii
266 2752 351 2783 haud.
371 2752 417 2783 ita
436 2752 538 2784 multo
559 2758 629 2795 post
643 2752 776 2784 restituti

87 2798 170 2828 sunt,
195 2793 253 2824 nisi
276 2795 328 2836 qui
356 2795 475 2837 aliquid
501 2795 777 2838 habebant,-quod

79 2842 142 2866 ‘aut
171 2846 281 2877 parum
307 2837 457 2869 decorum
485 2844 567 2871 esset
588 2839 776 2870 Achaeorum

88 2878 258 2913 communi.
310 2885 364 2910 aut
406 2881 529 2921 legibus
580 2888 779 2925 repugnaret.

816 1975 924 2016 Legat.
943 1976 993 2006 74.

859 2019 900 2048 40
925 2018 1119 2049 Frumentum
1145 2018 1329 2059 prceparare]
1366 2018 1419 2050 An
1448 2029 1510 2050 non

814 2061 929 2103 potius,
958 2063 1179 2101 proeparatum?
1216 2062 1334 2104 Supple
1364 2073 1402 2092 ex
1431 2072 1509 2104 prae-

815 2104 1000 2136 cedentibus
1059 2106 1177 2135 habere:
1244 2104 1509 2146 quemadmodum

814 2148 908 2189 paulo
951 2148 1043 2184 infra,
1087 2150 1263 2188 stipendium
1305 2154 1510 2187 pra-paratum

817 2192 935 2221 habeat:
958 2194 991 2221 et
1011 2201 1039 2222 c.
1055 2192 1109 2223 52.
1139 2191 1272 2222 Perseus
1295 2191 1361 2233 ipse
1384 2190 1461 2221 dicit
1483 2202 1511 2221 se

816 2240 844 2265 et
863 2235 1031 2274 pecuniam,
1047 2240 1075 2264 et
1087 2233 1283 2276 frumentum
1303 2256 1311 2264 .
1331 2260 1338 2266 .
1360 2236 1392 2264 ‘in
1414 2236 1510 2265 decem

816 2289 907 2308 annos
920 2279 1082 2317 seposuisse.

861 2320 899 2350 41
926 2321 1033 2351 Decem
1070 2320 1214 2361 millibus]
1262 2319 1312 2350 Sic
1354 2319 1509 2355 dedimus,

816 2368 942 2395 auctore
973 2363 1144 2396 Gronovio.
1187 2363 1278 2394 Prius
1313 2364 1409 2393 decem
1443 2365 1510 2393 mit-

817 2407 869 2438 lia.

860 2451 901 2481 42
928 2449 980 2480 Vel
1008 2451 1100 2481 tribus
1129 2449 1236 2490 tantis]
1273 2448 1387 2479 Tribus
1415 2449 1511 2480 etiam

816 2492 1003 2524 exercitibus
1031 2498 1097 2524 tam
1128 2493 1310 2528 numerosis,
1335 2502 1431 2533 quam
1458 2492 1510 2522 ille

814 2542 864 2567 est
891 2547 985 2578 quem
1015 2535 1082 2577 jam
1112 2536 1280 2568 collectum
1309 2535 1405 2566 habet
1436 2536 1510 2565 Per-

812 2589 897 2611 seus.
944 2580 1091 2611 Ceterum
1107 2579 1141 2611 τὲ
1156 2581 1246 2610 tantis
1260 2578 1398 2609 debetur
1421 2578 1509 2618 Sigo-

817 2623 880 2659 nio,
897 2632 993 2664 quum
1008 2623 1093 2665 prius
1107 2623 1262 2665 legeretur
1276 2627 1404 2652 tantum.

860 2666 1142 2702 43*Juventntem‚
1165 2672 1200 2696 ut
1221 2668 1290 2705 jam
1318 2661 1508 2702 Illacedoniass]

818 2708 951 2740 Etiamsi
967 2709 1159 2740 Macedonia
1170 2724 1171 2727 ¹
1182 2708 1296 2739 milites
1314 2708 1381 2749 jam
1397 2715 1510 2746 suppe-

820 2752 920 2784 ditare
948 2762 1010 2784 non
1041 2750 1346 2795 posset,'Thraeiam
1374 2747 1511 2779 vicinam

820 2795 849 2826 ei
873 2801 905 2826 et
929 2796 970 2826 ad
998 2806 1126 2827 manum
1149 2805 1228 2829 esse,
1246 2792 1341 2828 unde,
1355 2796 1512 2832 ‘tanquam

810 2849 858 2869 *ex
894 2839 1024 2881 perenni
1061 2839 1157 2873 fonte,
1188 2835 1311 2867 hauriat
1345 2834 1512 2866 militarem

818 2882 1024 2922 juventutem.
