1826 3149
336 123 412 158 5214
860 117 999 156 ΤΙΤΙ
1044 116 1212 155 LIVII

129 240 169 271 U.
183 238 220 270 C.
235 238 308 269 585.
340 243 390 270 ex·
421 227 626 281 Capitolio
648 232 801 281 propeg
815 226 909 281 jam
939 228 1209 280 exspirantem
1243 226 1360 268 veni:
1394 239 1519 280 neque
1547 240 1596 268 ex
1628 230 1748 268 tanta

129 281 220 313 A.C.
237 281 308 312 167.
339 287 468 339 stirpe
495 283 662 325 Iiberrim
692 290 881 338 superest,
908 285 979 337 qni
1009 284 1062 324 L.
1084 284 1254 325 AEmilii
1280 285 1422 326 Paulli
1454 297 1595 324 nomen
1609 284 1747 338 serat.

342 344 459 384 Duos
473 343 589 390 enim,
607 348 809 395 tamquam
830 354 878 380 ea:
897 354 1045 394 magna
1056 342 1254 395 progenie
1272 341 1485 382 liberorum
1507 341 1550 381 in
1562 341 1749 394 adoptio-

340 414 429 440 nem
449 401 578 450 datos,
603 398 795 439 Cornelia
823 403 860 438 et
880 398 1015 438 Fabia
1041 411 1141 452 gens
1169 398 1337 445 bahem,-
1370 398 1516 439 Paulli
1545 398 1590 438 in
1619 399 1747 447 (Ionw,

335 463 490 510 pra’ter
507 469 561 504 se,
584 469 694 495 nemo
712 460 902 508 superest.
960 455 1040 496 Sed
1057 455 1162 495 lzane
1179 456 1331 496 cladem
1351 456 1487 496 domus
1505 467 1601 495 meae
1619 460 1751 495 vestra

326 514 517 569 felicitas
535 519 574 553 et
591 513 763 553 secunda
767 511 949 566 fortuna
962 511 1130 565 publica
1148 513 1391 554 consolatur.

401 570 557 611 XLII.
591 570 712 619 Haec,
734 576 851 611 tanto
871 568 984 610 dicta
1011 568 1162 620 animo,
1183 569 1316 625 magis
1335 568 1561 610 confudere
1580 567 1751 609 audien-

343 626 449 669 tium
469 626 642 676 animos,
661 640 791 681 quam
812 625 844 666 si
864 624 1152 666 miserabiliter
1178 626 1400 667 orbitatem
1422 640 1538 667 suam
1559 623 1751 667 deflendo

343 683 508 724 locutus
528 690 645 723 esset.
707 683 784 723 Cn.
807 682 1007 724 Octavius
1029 681 1230 724 Kalendis
1250 682 1554 724 Decembribus
1583 681 1635 723 de
1654 695 1753 737 rege

132 751 320 793 Triumphus
345 741 497 780 Perseo
517 739 703 780 navalem
734 738 995 795 triumphum
1022 738 1119 795 egit.
1182 740 1226 780 Is
1250 739 1490 795 triumphus
1520 738 1605 780 sine
1624 737 1754 794 capti-

133 794 326 842 navalis-Cn.
344 796 406 837 vis
439 795 537 846 fuit,
569 795 654 837 sine
689 795 839 852 spoliis.
902 795 1033 836 Dedit
1073 795 1190 836 sociis
1229 795 1447 837 navalibus
1485 795 1528 836 in
1568 793 1754 850 singulos

135 840 271 869 Octavu.
345 852 379 877 ¹⁰
389 852 579 894 denarios
608 860 883 908 septuagenos
915 851 1088 906 quinos;
1120 852 1486 907 gubernatoribus,
1508 850 1583 906 qui
1613 851 1657 890 in
1684 864 1757 891 na-

346 909 468 951 vibus
509 909 692 959 fuerant,
732 907 917 964 duplex;
969 907 1221 963 ”magistris
1262 907 1433 949 navium
1475 905 1754 963 quadruplex.

349 967 525 1008 Senatus
546 965 696 1007 deinde
724 965 893 1007 habitus
917 972 990 1007 est.
1053 965 1199 1005 Patres
1227 970 1492 1013 censuerunt,
1513 971 1562 1005 ut
1584 964 1634 1014 Q.
1658 964 1757 1004 Cas-

136 1032 266 1078 Perseus
278 1029 334 1060 Al-
347 1023 431 1065 sius
454 1024 605 1064 Persea
624 1037 763 1086 regem
790 1036 886 1062 cum
908 1020 1151 1062 Alexandro
1171 1020 1257 1062 filio
1277 1020 1435 1062 Albam
1463 1019 1506 1060 in
1525 1019 1757 1061 custodiam

135 1075 207 1105 bam
223 1084 294 1104 ΜΞ·
346 1080 544 1128 duceret;
577 1087 761 1129 comites,
782 1077 1015 1134 pecuniam,
1037 1086 1272 1133 argentum,
1293 1077 1617 1119 instrumentum
1641 1076 1758 1132 quod

134 1127 197 1148 ΞΜ·
347 1136 530 1177 haberet.
563 1135 685 1185 Bitis,
701 1135 811 1191 regis
833 1135 1048 1176 Thracum
1068 1134 1193 1185 filius,
1207 1149 1303 1176 cum
1323 1133 1540 1176 obsidibus
1559 1133 1602 1174 in
1622 1139 1759 1174 custo-

347 1192 458 1234 diam
474 1192 690 1234 Carseolos
704 1200 766 1233 est
786 1192 947 1233 missus.
981 1191 1152 1233 Ceteros
1171 1190 1372 1247 captivos,
1386 1190 1460 1247 qui
1480 1190 1523 1231 in
1543 1189 1760 1245 triumpho

347 1249 465 1292 ducti
494 1257 626 1299 erant,
655 1249 697 1291 in
724 1262 928 1289 carcerem
957 1247 1079 1288 condi
1109 1247 1280 1304 placuit.
1341 1248 1505 1288 Paucos
1530 1254 1625 1303 post
1654 1245 1758 1296 dies,

347 1320 475 1362 quam
507 1305 596 1346 haec
628 1313 734 1355 acta,
763 1304 890 1360 legati
922 1304 975 1346 ab
1007 1305 1141 1360 Cotye
1170 1320 1268 1361 rege
1296 1303 1513 1345 Thracum
1539 1310 1760 1353 venerunt,

347 1362 566 1418 pecuniam
586 1361 641 1403 ad
670 1360 959 1403 redimendum
979 1360 1111 1401 filium
1141 1360 1326 1416 aliosque
1345 1360 1509 1402 obsides
1537 1359 1761 1416 adportan-

347 1428 421 1460 tes.
482 1418 572 1469 Eis,
594 1419 637 1458 in
668 1426 857 1459 senatum
886 1417 1150 1467 introductis,
1172 1425 1214 1459 et
1237 1417 1270 1440 ¹2
1283 1417 1327 1458 id
1356 1417 1494 1473 ipsum
1523 1415 1759 1472 argumenti

346 1474 705 1531 praetendentibus
739 1474 951 1524 orationis,
986 1488 1069 1514 non
1108 1489 1185 1515 sua
1222 1473 1437 1516 voluntate
1471 1474 1612 1529 Cotyn
1649 1472 1760 1514 bello

341 1532 502 1588 juvisse
533 1532 698 1582 Persea,
720 1530 837 1595 quod
865 1530 1030 1572 obsides
1059 1530 1159 1572 dare
1187 1539 1355 1573 coactus
1384 1539 1505 1582 esset,
1526 1529 1760 1572 orantibus-

348 1604 446 1645 que,
468 1597 517 1630 ut
546 1604 616 1630 eos
644 1596 793 1645 pretio,
814 1595 1022 1643 quantum
1052 1587 1133 1643 ipsi
1165 1587 1408 1630 statuissent
1430 1588 1591 1637 Patres,
1611 1586 1759 1628 redimi

347 1652 607 1700 paterentur,
628 1659 869 1700 responsum
895 1659 948 1685 ex
977 1643 1225 1686 auctoritate
1255 1653 1423 1687 senatus
1442 1652 1527 1700 est:
1559 1644 1763 1696 Populum

351 1702 576 1742 Romanum
606 1702 828 1742 meminisse
856 1701 1062 1749 amicitz'oe,
1084 1714 1173 1755 quie
1201 1715 1286 1742 cum
1308 1703 1448 1756 Cotye,
1468 1700 1764 1755 majoribusque

349 1757 446 1812 ejus,
476 1765 516 1799 et
539 1764 661 1813 gente
695 1758 895 1799 Thracum
917 1756 1082 1810 fuisset.
1143 1757 1309 1799 Obsides
1341 1759 1459 1800 datos
1486 1759 1649 1807 crimen,
1681 1771 1763 1798 non

348 1816 531 1857 criminis
560 1815 840 1870 defensionem,
868 1829 975 1857 esse.-
1006 1829 1123 1869 quum
1159 1815 1358 1856 Thracum
1382 1816 1501 1870 genti
1529 1828 1580 1856 ne
1607 1815 1764 1869 quietus

349 1873 508 1926 quidem
550 1873 730 1920 Perseus,
765 1873 908 1913 nedum
946 1871 1049 1913 bello
1079 1872 1268 1913 Romano
1305 1878 1531 1925 occupatus,
1565 1872 1765 1912 timendus

332 1929 487 1983 fuerit.
552 1930 745 1979 Ceterum,
763 1930 838 1971 etsi
860 1930 984 1984 Cotys
1002 1930 1145 1972 Persei
1159 1929 1343 1984 gratiam
1356 1929 1604 1983 praetulisset
1622 1929 1765 1969 amici-

352 1986 423 2026 tice
445 1987 594 2040 populi
613 1987 807 2037 Romani,
828 1988 970 2042 magis,
993 1987 1092 2041 quid
1118 2000 1160 2028 se
1188 1987 1352 2041 dignum
1381 1993 1495 2038 esset,
1518 1999 1636 2041 quam
1665 1986 1767 2039 qnid

350 2044 494 2084 merito
528 2042 611 2097 ejus
628 2044 739 2097 fieri
763 2050 913 2097 posset,
947 2044 1255 2085 aestimaturum:
1278 2043 1424 2097 filium
1456 2049 1578 2097 atque
1610 2042 1765 2085 obsides

351 2101 391 2140 ei
409 2100 674 2142 remissurum.
733 2101 943 2154 Beneficia
963 2101 1154 2155 gratuita
1174 2114 1254 2146 ezsse
1266 2101 1416 2154 populi
1434 2100 1616 2142 Romani
1627 2117 1641 2140 .·
1664 2113 1764 2153 pre-

351 2158 451 2198 tium
481 2171 614 2199 eorum
645 2158 765 2199 malle
795 2159 1023 2212 relinquere
1053 2159 1098 2199 in
1133 2158 1416 2211 accipientium
1450 2157 1612 2206 animis,
1643 2170 1763 2210 quam

344 2227 527 2266 praesens
546 2216 720 2269 exigere.
769 2215 921 2271 Legati
941 2214 1156 2265 nominati,
1180 2215 1233 2255 T.
1250 2213 1470 2264 Quinctius
1486 2212 1761 2263 Flamininus,

355 2272 402 2311 C.
436 2270 623 2312 Licinius
656 2272 811 2322 Nerva,
848 2272 911 2312 M.
945 2271 1144 2312 Caninius
1180 2271 1371 2321 Rebilus,
1403 2269 1477 2326 qui
1517 2268 1680 2310 obsides
1718 2269 1762 2309 in

356 2326 580 2369 Thraciam
601 2327 870 2370 reducerent:
902 2336 944 2370 et
967 2327 1205 2369 Thracibus
1233 2342 1405 2368 munera
1429 2326 1529 2368 data
1556 2325 1599 2366 in
1624 2325 1764 2381 singu-

396 2410 413 2436 Β
426 2420 520 2438 curru
533 2420 565 2440 ex
582 2409 723 2449 Capitolio
737 2412 775 2440 ad
794 2412 920 2441 alterum
940 2421 1026 2451 prope
1040 2416 1094 2442 etc.
1117 2409 1213 2441 Gron·
1227 2420 1320 2441 curru
1341 2411 1374 2440 in
1389 2406 1614 2450 [Capitolium]
1628 2418 1660 2438 επ
1676 2408 1765 2447 Capi-

355 2451 423 2481 tolio
437 2451 494 2491 [ad
510 2451 657 2493 alterum]
671 2463 760 2492 prope
774 2459 828 2484 etc.
843 2454 936 2484 Crev.

354 2530 393 2559 ad
406 2529 532 2559 alterum
549 2540 636 2569 prope
646 2532 714 2570 jam
726 2531 932 2572 exspirantem]
958 2531 1037 2562 Uni·
1126 2532 1166 2562 12
1190 2530 1227 2562 Id
1248 2532 1341 2570 ipsum
1364 2531 1531 2572 argumenti
1555 2531 1764 2570 proetendenti-

355 2581 427 2602 eum
442 2572 599 2613 exemplar
613 2571 722 2603 habuit
736 2584 858 2604 currum
874 2585 906 2604 ex
923 2574 1038 2613 Capito-
1081 2575 1132 2604 bus
1174 2573 1327 2614 orationis]
1372 2573 1456 2620 Lege
1496 2583 1567 2604 cum
1608 2571 1764 2604 Gronovio

357 2616 395 2645 lio
415 2625 501 2654 prope
516 2617 584 2653 jam
606 2616 806 2654 exspirantem.
850 2616 988 2647 Correxit
1008 2624 1040 2648 et
1080 2618 1217 2646 orationi.
1262 2616 1368 2652 Quum
1400 2616 1538 2648 dicerent
1566 2617 1667 2656 Cotyn
1701 2624 1763 2645 non

356 2657 512 2698 supplevit
527 2657 669 2688 Ursinus.
1082 2668 1139 2689 sua
1161 2657 1318 2688 voluntate
1343 2657 1459 2698 juvisse
1482 2659 1607 2694 Persea,
1628 2657 1763 2698 idipsum

406 2700 443 2729 10
480 2700 621 2730 Denarios
675 2706 861 2741 septuagenos
922 2701 1038 2742 quinos]
1083 2700 1255 2741 argumenti
1282 2701 1516 2742 praetendebant
1536 2699 1676 2735 orationi,
1698 2698 1763 2730 sive

360 2741 479 2775 Uncias
507 2741 626 2784 argenti
649 2742 681 2773 9.
707 2753 825 2783 grossos,
854 2748 888 2773 ut
916 2749 1039 2780 vocant,
1083 2753 1119 2773 eo
1140 2742 1206 2783 ipso
1229 2749 1409 2783 argumento
1431 2743 1523 2775 fidem
1546 2743 1647 2773 facere
1667 2751 1762 2773 cona-

360 2785 379 2813 3
1083 2785 1196 2816 bantur
1209 2785 1338 2818 orationi
1353 2797 1429 2824 suae,
1444 2785 1528 2829 quod
1548 2784 1670 2817 obsides
1688 2783 1764 2815 dare
1795 2802 1797 2804 v

384 2807 441 2856 'll
469 2827 620 2868 Mzzgisnis
642 2828 777 2868 navium]
805 2827 878 2859 Vid.
901 2832 963 2859 not.
987 2828 1039 2860 39.
1084 2833 1207 2860 coactus
1223 2833 1312 2859 esset.

361 2868 399 2898 ad
417 2868 438 2899 1.
456 2869 581 2901 XLIII.
597 2880 624 2900 c.
640 2871 670 2901 8.
