1816 3159
260 108 338 141 300

257 213 425 251 Canusini,
442 216 563 254 populi,
581 216 713 248 veniunt
730 219 763 249 in
782 221 940 250 Romano-

297 266 364 285 rum
381 257 544 296 ditionem,
563 263 596 297 9,
615 265 666 291 90.

254 298 425 329 Canusium
468 303 597 341 fugiunt
634 305 830 343 superstites,
866 310 938 345 post

295 344 439 380 proelium
471 347 508 374 ad
537 347 672 381 Cannas,
703 349 851 385 Romani,
884 353 936 385 22,

295 390 346 415 50.
363 391 392 415 et
408 391 458 416 52.

252 429 389 467 Capena,
403 432 493 468 ¹urbs,
511 436 543 467 5,
563 436 612 461 10.
629 436 683 469 99,
705 437 733 462 1.

250 474 375 510 (apena
390 477 492 511 porta,
516 479 543 511 l,
557 478 607 503 26.
626 480 658 512 7,
677 480 726 505 23.
748 479 798 514 lo,
815 482 864 507 23.
883 484 946 515 93,ὴ

291 519 344 546 32.
373 521 426 554 25,
458 522 508 546 40.
542 520 595 555 26,
626 523 675 549 10.
705 524 760 556 33,
792 523 843 550 26.
873 523 935 551 vid.

291 560 393 588 Porta.

248 602 421 639 Capenates
438 603 554 633 auxilio
578 604 711 633 veniunt
734 606 932 645 Veientibus,

290 649 323 681 5,
343 650 371 675 S.
395 655 501 674 eorum
526 656 598 686 ager
622 651 773 684 vastatur,
795 654 841 678 12.
864 653 933 680 vin-

288 692 404 717 cuntur
427 690 538 726 proelio
562 700 580 719 a
604 691 767 726 Romanis,
798 697 846 723 13.
871 695 934 724 bel-

286 731 350 760 lum
367 732 556 770 instaurant,
574 738 607 763 et
622 735 822 774 subiguntur,
840 742 890 767 24.

245 774 389 812 Capeuus
406 775 580 813 Sequanus,
600 777 685 816 Epit.
708 782 777 808 120.

244 818 379 855 Capetus
397 818 524 853 Silvius,
540 820 629 849 Albae
646 830 708 856 rex,
731 826 759 856 l,
775 827 806 852 3.

244 859 382 899 Capillus
399 863 579 900 promissus,
597 864 658 893 vid.
677 865 787 894 Barba.

242 904 432 942 Capitolium
463 907 625 936 adscendit
652 907 819 945 Romulus,
850 910 927 938 tem-

281 948 430 986 plumque
447 949 581 987 primum
598 951 670 979 Jovi
686 951 824 981 Feretrio
840 952 925 981 dedi-

281 995 344 1026 cat,
373 996 402 1028 1,
424 996 472 1021 10.
496 994 582 1022 sedes
604 994 697 1023 datur
719 995 853 1028 Sabinis.
870 1000 924 1025 33.

280 1035 319 1063 ab
345 1035 507 1065 Herdonio
531 1037 648 1066 Sabino
675 1047 745 1067 cum
766 1039 923 1068 exsulibus

280 1081 312 1106 et
327 1079 422 1107 servis
446 1084 629 1118 occupatur,
645 1085 677 1115 3,
698 1085 746 1110 15.
764 1091 923 1121 recupera-

277 1124 330 1149 tur
352 1125 384 1150 et
406 1122 570 1160 lustratur,
600 1128 647 1152 18.
670 1124 763 1153 etiam
790 1126 923 1164 prodigii

278 1172 387 1193 caussa
416 1165 579 1204 lustratur,
609 1171 659 1197 29.
694 1168 837 1197 militaris
868 1169 921 1205 ju-

276 1209 390 1236 ventus
427 1213 560 1247 occupat
601 1210 802 1248 Capitolium,
844 1210 920 1241 illud

276 1254 387 1279 contra
403 1252 509 1281 Gallos
526 1253 702 1290 defensura,
718 1259 751 1290 5,
768 1259 822 1286 39.
838 1256 923 1284 obsi-

275 1294 366 1322 detur
381 1303 399 1322 a
416 1295 527 1331 Gallis,
544 1300 594 1325 43.
612 1301 753 1326 servatur
776 1299 814 1327 ab
831 1307 921 1328 anse-

274 1336 373 1372 ribus,
404 1342 456 1368 47.
491 1338 640 1368 liberatur
669 1340 708 1369 ab
743 1340 918 1380 obsidione,

274 1383 326 1409 49.
345 1380 442 1409 latum
466 1381 503 1409 ad
527 1383 690 1420 populum,
715 1392 753 1412 ne
776 1385 845 1422 quis
864 1395 918 1424 pa-

272 1422 380 1451 tricius
399 1424 432 1451 in
449 1424 603 1462 Capitolio
627 1427 794 1464 habitaret,
810 1431 840 1461 6,
866 1432 916 1457 90.

272 1469 400 1495 senatus
425 1467 457 1496 in
482 1468 639 1507 Capitolio
667 1469 806 1507 habitus,
832 1476 861 1505 8,
887 1476 917 1502 5.

271 1513 326 1544 24,
354 1514 401 1538 10.
419 1510 520 1540 foedus
543 1511 654 1549 ictum,
676 1517 731 1549 37,
749 1518 799 1543 55.
823 1515 855 1544 in
878 1525 916 1545 eo

270 1552 413 1582 consules
436 1557 510 1583 vota
533 1560 730 1594 nuncupant,
746 1561 915 1596 antequam

268 1595 302 1623 in
318 1596 493 1634 provincias
518 1599 769 1638 proficiscantur,
791 1605 842 1636 91,
861 1604 914 1632 63.

269 1642 324 1675 41,
341 1643 393 1668 32.
411 1645 465 1675 42,
482 1645 535 1671 49.

226 1679 259 1709 in
282 1682 437 1720 Capitolio
464 1693 565 1714 aream
590 1686 648 1715 aedi
677 1687 765 1716 Jovis
792 1689 912 1717 exstru-

267 1725 354 1754 eudae
391 1726 581 1765 Tarquinius
619 1729 742 1759 Priscus
779 1736 913 1769 occupat

266 1768 496 1807 fundamentis,
524 1775 552 1807 1,
576 1776 629 1801 38.
653 1773 747 1802 aedcm
779 1775 912 1805 exstruit

265 1811 455 1850 Tarquinius
479 1813 650 1853 Superbus,
674 1821 726 1845 53.
751 1820 800 1845 55.
826 1817 912 1846 dedi-

266 1859 317 1883 cat
350 1855 502 1885 Horatius
532 1859 693 1894 Pulvillus,
725 1864 755 1893 9,
785 1864 813 1889 8.
838 1860 911 1889 sub-

265 1902 419 1928 structum
436 1909 510 1929 saxo
527 1902 677 1940 quadrato
702 1903 910 1942 Capitolium,

264 1942 295 1975 6,
313 1945 344 1971 4.

219 1983 253 2012 in
279 1984 435 2022 Capitolio
462 1985 608 2017 Herculis
635 1988 833 2018 simulacrum
858 1999 914 2029 po-

262 2027 358 2056 situm
375 2028 626 2069 dedicatumque,
644 2037 677 2069 9,
693 2036 746 2062 44.

239 2084 283 2092 —
296 2070 420 2101 Limina
434 2083 522 2103 aenea
536 2075 649 2113 posita,
671 2079 719 2109 10,
739 2079 790 2105 23.

242 2129 280 2136 —
297 2114 413 2143 Fornix
434 2126 504 2146 cum
520 2118 617 2156 signis
634 2122 751 2157 septem
775 2120 904 2154 auratis,

260 2157 381 2186 duobus
402 2160 503 2198 equis,
527 2165 560 2190 et
581 2171 754 2192 marmorea
775 2163 837 2192 duo
860 2163 903 2192 la·

259 2200 326 2234 bra,
342 2205 396 2233 37.
413 2207 444 2232 3.

235 2259 278 2266 -
295 2243 461 2280 Quadrigae
476 2255 589 2282 aureae,
608 2252 659 2281 99,
676 2252 729 2277 38.

234 2301 277 2309 —
294 2286 391 2325 Signa
412 2289 474 2318 tria
495 2299 532 2319 ex
552 2291 747 2321 mulctaticio
770 2295 900 2330 argento

255 2330 371 2366 posita,
388 2335 442 2367 30,
458 2337 510 2363 39.

214 2371 387 2409 Capitolini
403 2375 480 2409 ludi.
497 2377 561 2406 vid.
579 2375 669 2407 Ludi.

210 2413 421 2454 Capitolinus,
451 2419 512 2449 vid.
550 2420 703 2457 Manlius,
734 2420 899 2459 Quintius,

254 2458 383 2487 Sestius.

210 2500 419 2539 Cappadocia,
433 2507 489 2540 37,
505 2508 558 2534 31.
575 2509 627 2539 42,
646 2508 697 2536 29.

209 2543 319 2581 Caprae
337 2545 435 2583 palus,
456 2550 485 2582 1,
506 2549 555 2577 16.

209 2586 333 2624 Captivi
350 2589 407 2618 sub
423 2599 538 2618 corona
554 2591 684 2625 venditi,
701 2594 731 2625 2,
752 2595 798 2621 17.

226 2644 270 2650 —
287 2640 350 2660 non
367 2633 472 2661 minus
495 2633 598 2662 decem
615 2634 720 2672 pondo
736 2633 893 2671 compedi-

248 2672 306 2702 bus
324 2675 434 2711 vincti,
451 2676 482 2704 in
499 2676 616 2715 publici
640 2677 768 2706 carceris
785 2681 892 2705 custo-

246 2716 297 2745 dia
310 2722 483 2753 servantur,
499 2724 554 2757 32,
574 2722 624 2748 26.

206 2754 412 2796 Captivorum
426 2763 718 2792 commutandorum
731 2762 823 2798 ratio,
836 2766 888 2796 99,

246 2806 298 2830 ‘230

203 2845 407 2882 Captivorum
431 2848 538 2877 redimi
558 2848 749 2889 cupientium
774 2848 885 2881 oratio,

244 2892 297 2924 99,
316 2894 364 2921 59.
383 2899 434 2920 eos
451 2892 558 2921 redimi
576 2902 639 2922 non
657 2893 724 2922 vult
748 2895 885 2925 senatus,

243 2933 292 2959 51.

710 109 889 147 INDEX
919 111 980 148 IN
1008 110 1054 148 T.
1085 111 1223 150 LIVII

986 221 1108 260 Captivi
1133 223 1280 260 Romani,
1304 226 1351 255 vel
1374 226 1509 265 plurium
1530 232 1670 270 captivo-

1026 274 1094 294 rum
1110 267 1206 304 fraus,
1218 268 1305 305 justa
1320 279 1415 309 poena
1431 274 1593 313 castigata,
1613 281 1667 314 22,

1027 312 1077 337 58.
1094 313 1124 337 et
1140 312 1192 340 61.

985 349 1108 388 Captivi
1139 353 1287 391 Romani,
1313 357 1395 395 apud
1420 359 1552 389 Achaeos
1575 362 1670 391 servi-

1027 397 1125 423 tutem
1143 398 1325 436 servientes,
1344 400 1525 438 liberantur,
1541 408 1597 441 34,
1615 409 1666 434 50.

1027 436 1105 466 idem
1123 439 1159 468 fit
1174 439 1205 469 in
1225 442 1329 477 Creta,
1348 448 1402 477 37,
1422 446 1473 474 60.

983 480 1093 517 Capua
1130 483 1216 520 urbs,
1253 485 1327 515 olim
1365 486 1557 527 Vulturnus,
1585 490 1670 520 unde

1024 523 1132 553 dicta?
1159 529 1190 559 4,
1206 531 1259 558 37.
1275 529 1346 558 dolo
1362 535 1533 569 occupatur
1546 541 1564 561 a
1580 533 1667 562 Sam-

1024 567 1155 602 nitibus,
1171 569 1243 598 ibid.
1259 575 1287 599 et
1304 576 1336 607 7,
1354 576 1405 601 38.
1421 575 1535 614 Capuae
1551 576 1667 606 deliciae

1022 615 1228 649 corrumpunt
1252 614 1378 651 milites,
1397 617 1474 648 ibid.
1498 619 1534 647 de
1559 620 1667 658 Capua

1021 654 1171 691 capienda
1192 655 1327 686 militum
1352 660 1492 696 consilia,
1507 662 1581 691 ibid.
1599 664 1665 692 elu-

1021 697 1140 726 duntur
1181 706 1258 736 arte,
1289 705 1342 731 39.
1378 702 1491 742 Capuae
1528 706 1666 744 praefecti

1021 741 1126 773 creati,
1147 745 1177 776 9,
1195 746 1245 770 90.
1292 745 1406 783 Capuae
1429 748 1663 785 conjurationes

1016 783 1161 813 adversus
1186 785 1344 816 Romanos
1373 789 1475 826 factae,
1494 795 1544 820 95.
1562 797 1591 821 ct
1608 796 1663 829 26,

1017 825 1156 856 Annibal
1171 828 1195 856 it
1220 829 1357 867 Capuam
1384 832 1416 860 in
1443 833 1585 872 hiberna,
1607 840 1661 871 23,

1022 872 1067 897 18.
1090 872 1301 909 corrumpitur
1323 874 1385 902 illic
1406 875 1473 912 ejus
1496 879 1662 914 exercitus,

1016 912 1092 942 ibid.
1138 914 1244 952 Capua
1259 915 1379 945 laborat
1402 918 1521 957 inopia,
1540 925 1593 958 25,
1615 924 1661 951 13.

1015 956 1195 985 sublevatur
1218 958 1257 987 ab
1284 959 1456 996 Hannone,
1481 964 1555 993 ibid.
1578 965 1662 994 obsi·

1014 999 1105 1028 detur
1141 1008 1159 1028 a
1195 1002 1375 1031 consulibus
1413 1005 1575 1042 Romanis,
1607 1013 1660 1039 20.

1013 1041 1151 1081 cingitur
1174 1045 1332 1083 operibus,
1352 1050 1404 1077 22.
1418 1053 1448 1077 ct
1464 1052 1518 1087 26,
1538 1054 1564 1078 l.
1582 1056 1611 1081 et
1627 1056 1657 1081 4.

1013 1086 1074 1114 vid.
1093 1087 1259 1125 Campani.

970 1128 1106 1166 Capusa,
1146 1129 1228 1159 filius
1266 1132 1411 1169 OEsalcis,
1450 1135 1657 1167 Numidarum

1010 1172 1102 1209 regis,
1132 1173 1247 1211 accipit
1276 1180 1440 1213 paternum
1480 1179 1655 1218 imperium,

1010 1218 1064 1251 29,
1095 1219 1146 1246 99.
1175 1217 1302 1246 dimicat
1333 1228 1403 1249 cum
1434 1222 1593 1253 Mezetulo
1618 1225 1656 1254 de

1008 1266 1116 1294 regno,
1132 1262 1164 1287 et
1179 1260 1274 1296 cadit,
1290 1261 1365 1292 ibid.

966 1300 1078 1339 Capita
1095 1301 1160 1330 Sari
1177 1302 1327 1339 fluminis,
1344 1309 1398 1340 33,
1415 1309 1466 1335 41.

965 1343 1078 1380 Capita
1105 1345 1244 1375 hostium
1269 1347 1385 1377 lanceis
1411 1350 1560 1385 infigunt,
1596 1355 1654 1382 aut

1005 1385 1038 1414 in
1079 1396 1229 1424 equorum
1268 1392 1444 1427 pectoribus
1482 1394 1652 1432 pendentia

1004 1432 1129 1464 gestant
1144 1432 1227 1460 Galli
1245 1433 1398 1469 Senones,
1420 1440 1472 1473 10,
1490 1439 1541 1466 36.

963 1472 1128 1510 Capitibus
1151 1475 1228 1504 rasis
1255 1484 1430 1515 sequuntur
1458 1489 1580 1510 currum
1608 1481 1646 1510 T.

1006 1515 1131 1547 Quintii
1147 1518 1387 1558 triumphantis,
1416 1522 1469 1560 qui
1497 1524 1649 1553 servitute

1002 1559 1041 1588 ab
1054 1569 1090 1588 eo
1107 1561 1218 1589 exemti
1234 1562 1370 1600 fuerant,
1389 1569 1445 1601 34,
1466 1570 1519 1597 52.

959 1601 1079 1639 Capitis
1100 1604 1223 1633 velandi
1247 1615 1313 1635 mos
1334 1607 1495 1639 fecialibus
1516 1619 1649 1650 usurpa-

1000 1649 1065 1680 tus,
1086 1650 1114 1680 1,
1131 1651 1182 1676 39.

959 1688 1073 1726 Capita
1110 1689 1248 1720 hostium
1273 1693 1478 1731 praecidenda,
1499 1696 1652 1726 libertatis

1000 1732 1174 1770 praemium,
1199 1735 1365 1765 volonibus
1391 1740 1565 1777 proposita,
1590 1743 1645 1778 24,

1004 1778 1049 1804 15.

957 1817 1067 1855 Capite
1090 1819 1281 1856 anquisitum
1305 1821 1341 1850 de
1364 1822 1549 1861 imperatore
1571 1825 1643 1854 nul-

996 1861 1040 1897 lo,
1057 1861 1097 1890 ob
1113 1871 1175 1891 rem
1193 1863 1270 1892 male
1293 1868 1424 1903 gestam,
1444 1870 1475 1904 8,
1492 1872 1543 1896 33.
1560 1868 1645 1906 capi-

996 1904 1036 1932 tis
1065 1905 1204 1943 anquirit
1240 1906 1272 1935 in
1307 1908 1452 1938 Fulvium
1482 1910 1643 1950 tribunus,

996 1950 1050 1983 26,
1068 1952 1097 1977 3.

953 1990 1058 2028 Caput
1075 1991 1247 2021 humanum
1271 1993 1394 2035 integra
1408 1996 1486 2025 facie
1506 1996 1538 2025 in
1560 1996 1642 2026 fodi-

993 2035 1079 2063 endis
1119 2035 1227 2073 templi
1256 2037 1345 2067 Jovis
1375 2038 1500 2078 Tarpeii
1528 2040 1641 2069 funda-

992 2078 1106 2106 mentis
1123 2078 1299 2116 inoentum,
1320 2085 1347 2114 1,
1365 2085 1416 2110 55.

949 2120 1051 2158 Caput
1067 2121 1140 2149 Jovi
1156 2130 1289 2157 sacrum,
1306 2128 1339 2159 3,
1358 2129 1409 2154 55.
1432 2128 1482 2159 10,
1498 2130 1551 2155 38.

948 2163 1048 2201 Capys
1065 2164 1193 2201 Silvius,
1212 2174 1266 2194 rex
1283 2167 1384 2204 Albae,
1405 2172 1432 2202 l,
1450 2173 1481 2198 3.

948 2206 1049 2245 Capys
1066 2208 1138 2242 dux,
1154 2209 1237 2237 unde
1256 2209 1364 2248 Capua
1380 2211 1475 2245 dicta,
1491 2215 1523 2248 4,
1539 2215 1592 2242 37.

947 2249 1089 2287 Carabis,
1105 2251 1178 2280 urbs
1196 2251 1374 2290 Hispaniae,
1391 2258 1445 2288 41,
1463 2259 1495 2284 3.

946 2294 1083 2330 Carales,
1098 2298 1150 2327 23,
1167 2298 1221 2323 40.
1237 2299 1291 2329 30,
1309 2300 1359 2326 39.

945 2337 1143 2366 Caralitanus
1176 2346 1249 2375 ager
1293 2342 1435 2369 vastatur
1463 2350 1483 2370 a
1516 2339 1634 2369 Punica

985 2380 1093 2414 classe,
1112 2384 1165 2413 27,
1184 2383 1213 2409 6.

943 2422 1100 2460 Caralitis,
1119 2422 1220 2461 palus,
1238 2426 1292 2457 38,
1313 2427 1360 2453 15.

942 2465 1093 2500 Caranus,
1117 2469 1235 2505 primus
1260 2467 1452 2496 Macedoniae
1476 2476 1548 2502 rex3
1584 2467 1631 2496 vi-

982 2510 1115 2538 cesimus
1132 2510 1170 2538 ab
1187 2519 1224 2538 eo
1241 2510 1381 2542 Perseus.
1400 2513 1454 2541 45,
1470 2514 1500 2539 9.

940 2552 1138 2588 Carmaniis,
1159 2552 1324 2580 Caviorum
1350 2552 1381 2581 in
1401 2552 1525 2591 Illyrico
1542 2552 1629 2590 urbs,

981 2600 1034 2631 44,
1051 2599 1102 2624 30.

938 2638 1153 2672 Caravantius,
1180 2638 1274 2666 frater
1299 2638 1420 2672 Gentii‚
1449 2638 1625 2676 Illyriorum

978 2682 1070 2719 regis,
1087 2685 1142 2716 44,
1166 2684 1217 2709 30.
1235 2681 1376 2719 captivus
1394 2681 1524 2710 Romam
1547 2682 1622 2710 mit-

977 2723 1066 2757 titur,
1080 2727 1131 2752 32.
1148 2724 1180 2752 in
1196 2724 1357 2762 triumpho
1372 2724 1406 2752 L.
1424 2724 1529 2752 Anicii
1546 2733 1620 2762 prae-

976 2767 1052 2795 toris
1070 2766 1194 2795 ducitur
1211 2770 1284 2795 ante
1301 2776 1438 2805 currum,
1456 2771 1509 2803 45,
1527 2771 1580 2797 43.

933 2808 1045 2844 Carbo,
1062 2809 1123 2838 wid.
1141 2810 1291 2847 Papirius.

933 2852 1045 2880 Carcer
1061 2853 1231 2881 aedificatur
1247 2853 1349 2882 media
1365 2852 1453 2887 urbe,
1473 2857 1502 2888 l,
1517 2857 1568 2881 33.

951 2910 995 2918 -
1011 2896 1149 2932 inferior,
1163 2901 1219 2928 34.
1240 2901 1291 2926 44.
1315 2897 1376 2926 alio
1402 2896 1528 2926 nomine
1545 2894 1621 2925 Tul-

973 2939 1104 2976 lianum,
1122 2943 1175 2976 99,
1193 2943 1244 2969 92.
