1826 3149
330 72 403 93 om)
875 65 1181 104 EPITOMAE

330 177 631 228 damnatusque,
648 176 719 216 sub
722 176 853 230 furca
874 176 946 215 diu
965 176 1088 229 virgis
1107 189 1226 217 ccesus
1241 181 1311 224 est,
1329 181 1367 215 et
1381 177 1561 217 sestertio
1581 190 1738 217 nummo

330 234 471 274 veniit.
537 233 707 273 Tribuni
729 233 873 286 plebis,
894 232 988 285 quia
1017 247 1092 273 non
1123 234 1401 286 impetrarent,
1421 239 1466 273 ut
1493 234 1572 274 sibi
1600 234 1734 284 denos,

330 305 426 344 quos
445 291 601 338 vellent,
624 291 770 330 milites
800 289 967 328 eximere
995 290 1145 338 liceret,
1168 290 1338 331 consules
1358 291 1397 329 in
1418 304 1612 331 carcerem
1642 291 1735 330 duci

317 347 540 402 jusserunt.
598 348 745 389 Junius
765 347 920 386 Brutus
940 347 1073 386 consul
1094 347 1134 386 in
1159 347 1369 400 Hispania
1391 348 1456 396 iis,
1478 348 1549 401 qui
1567 347 1635 388 sub
1662 347 1702 388 V
1699 348 1734 387 i-

329 405 467 447 riatho
494 403 778 451 militaverant,
809 417 929 457 agros
959 409 997 443 et
1025 404 1206 455 oppidum
1238 405 1361 452 dedit,
1398 406 1505 458 quod
1543 404 1735 445 Valentia

330 468 506 504 vocatum
537 467 608 501 est.
668 460 736 501 M.
758 461 963 513 Popillius
984 474 1009 500 α
1033 461 1309 510 Numantinis,
1329 460 1364 485 ⁵³
1378 476 1466 502 cum
1495 462 1636 515 quibus
1655 471 1734 514 pa-

329 533 407 559 cem
419 563 425 571 ,
426 519 583 571 factam
602 523 760 558 senatus
779 518 940 558 irritam
951 518 1060 570 fleri
1078 525 1296 566 censuerat,
1318 533 1401 559 cum
1422 518 1596 560 exercitu
1607 562 1612 569 ,
1613 519 1736 570 fusus

324 576 571 629 fugatusque
600 581 671 615 est.
744 575 787 615 C.
823 575 1004 615 Hostilio
1039 574 1236 616 Mancino
1273 577 1427 616 consule
1464 575 1733 627 sacrificante,

324 634 432 685 pulli
460 647 510 672 ex
537 646 657 672 cavea
688 632 954 673 evolaverunt.
985 633 1255 673 conscendenti
1284 633 1430 673 deinde
1457 633 1604 682 navim,
1626 638 1671 673 ut
1691 633 1737 672 in

329 689 579 741 Hispaniam
589 690 923 741 proficisceretur,
946 689 1091 730 accidit
1110 704 1198 739 vox,
1222 688 1367 738 Mane,
1397 689 1616 730 Mansine:
1647 702 1738 743 quce

327 747 511 798 auspicia
541 747 680 787 tristia
699 745 842 797 fuisse,
872 753 1010 787 eventu
1035 747 1246 799 probatum
1275 753 1346 788 est.
1411 747 1546 788 Victus
1575 748 1678 787 enim
1709 760 1736 786 a

328 803 600 844 Numantinis
620 810 658 844 et
677 804 821 844 castris
850 810 1000 851 exutus,
1023 817 1142 856 quum
1162 818 1250 856 spes
1278 804 1388 844 nulla
1406 804 1592 845 servandi
1620 818 1735 844 exer-

325 861 425 900 citus
446 866 555 909 esset,
574 875 712 913 pacem
733 875 816 900 cum
838 860 892 901 eis
895 860 1006 914 ficit
1024 861 1343 914 ignominiosam,
1366 875 1482 914 quam
1504 868 1636 901 ratam
1656 875 1738 901 esse

325 924 486 958 senatus
505 918 637 958 vetuit.
704 918 895 971 Triginta
916 918 1043 958 millia
1063 918 1334 958 Romanorum
1350 932 1376 957 a
1397 918 1734 958 Numantinorum

325 975 499 1016 millibus
520 981 691 1028 quatuor
712 976 817 1015 victa
839 981 967 1015 erant.
1028 975 1087 1015 D.
1104 975 1252 1015 Junius
1271 975 1547 1024 Lusitaniam,
1566 974 1737 1029 triginta

325 1032 481 1072 urbium
511 1032 883 1086 eaepugnationibus,
905 1046 1026 1086 usque
1044 1031 1078 1055 ⁵¹
1093 1032 1148 1072 acl
1167 1046 1349 1073 occasum
1378 1040 1416 1072 et
1437 1046 1623 1072 oceanum
1641 1046 1734 1085 per-

325 1090 477 1129 domuit
488 1108 501 1129 .-
532 1096 583 1136 et,
602 1103 718 1142 quum
731 1088 765 1112 ⁵⁵
762 1089 940 1144 fluvium
960 1088 1205 1129 Oblivionem
1220 1090 1395 1130 transire
1407 1090 1560 1130 nollent
1575 1089 1738 1138 milites„

326 1152 503 1199 ereptum
523 1144 714 1200 signifero
735 1147 890 1200 signum
921 1147 1007 1199 ipse
1027 1148 1248 1197 transtulit,
1269 1153 1305 1186 et
1324 1148 1394 1195 sic,
1416 1153 1460 1187 ut
1486 1147 1741 1201 transgrede-

323 1209 476 1252 rentur,
509 1203 716 1255 persuasit.
775 1204 1006 1243 Alexandri
1015 1203 1148 1256 filius,
1170 1218 1243 1244 rex
1271 1204 1415 1258 Syriae,
1448 1204 1578 1244 decem
1607 1217 1731 1244 annos

320 1261 530 1300 admodum
563 1260 720 1308 habens,
756 1274 782 1300 a
822 1260 1013 1308 Diodoto,
1037 1262 1109 1314 qui
1135 1261 1327 1315 Tiyplzon
1357 1260 1728 1315 cognominabatur,

323 1324 454 1358 tutore
467 1331 549 1366 suo,
567 1331 636 1368 per
644 1315 837 1369 fraudem
848 1318 995 1358 occisus
1011 1323 1068 1358 est
1083 1333 1099 1366 ,·
1129 1319 1335 1370 conruptis
1351 1319 1526 1366 medicis,
1544 1319 1626 1371 qui,
1645 1331 1730 1358 eum

322 1375 469 1415 calculi
497 1375 634 1415 dolore
662 1374 836 1414 consumi
856 1375 911 1415 acl
938 1375 1126 1427 populum
1153 1375 1319 1426 mentiti,
1342 1376 1432 1416 dum
1461 1381 1612 1425 secant,
1635 1375 1737 1415 occi-

325 1432 482 1472 derunt.

945 1579 1095 1632 LVI.

380 1688 440 1727 D.
469 1687 616 1729 Junius
646 1688 801 1728 Brutus
829 1688 870 1727 in
900 1687 1102 1740 Hispania
1132 1689 1325 1728 ulteriore
1341 1686 1519 1739 feliciter
1547 1689 1738 1729 adversus

327 1743 524 1784 Gallcecos
539 1746 757 1799 pugnavit.
779 1745 970 1785 dissimili
990 1752 1130 1786 eventu
1152 1746 1218 1785 M.
1235 1745 1428 1785 AEmilius
1444 1744 1621 1797 Lepidus
1633 1759 1734 1798 pro-

322 1802 458 1841 consul
472 1802 660 1843 adversus
681 1802 722 1842 V
715 1816 863 1843 acca‘os
878 1817 959 1842 rem
971 1804 1109 1857 gessit,
1125 1804 1351 1856 clademque
1366 1803 1532 1842 similem
1551 1802 1734 1842 Numan—

322 1858 422 1898 tinoe
435 1873 580 1910 passus
601 1866 670 1899 est.
730 1861 797 1900 Ad
812 1859 1084 1900 exsolvendum
1102 1860 1350 1900 Numantini
1352 1859 1532 1912 foederis
1546 1859 1737 1913 religione

314 1917 525 1968 populum,
539 1915 773 1965 Mancinus,
793 1931 906 1970 quum
929 1916 1044 1970 liujus
1063 1918 1126 1957 rei
1141 1924 1276 1957 auctor
1284 1916 1446 1969 fitisset,
1464 1917 1622 1956 deditus
1642 1916 1742 1956 Nu-'

322 1973 529 2021 mantinis,
547 1986 622 2012 non
642 1980 699 2013 est
715 1980 903 2026 receptus.
958 1975 1145 2014 Lustrum
1162 1988 1187 2014 a
1203 1974 1428 2014 censoribus
1442 1974 1643 2013 conditum
1660 1979 1730 2013 est.

322 2028 357 2051 ⁵⁶
371 2030 499 2069 Censa
518 2036 606 2070 sunt
626 2031 762 2070 civium
794 2032 927 2082 capita
948 2038 1126 2071 trecenta
1148 2032 1297 2085 viginti
1323 2032 1407 2071 tria
1428 2031 1575 2070 millia.
1633 2031 1732 2070 Ful-

321 2086 407 2126 vius
429 2086 596 2127 Flaccus
615 2088 749 2128 consul
770 2088 810 2127 V
805 2089 962 2129 ardccos
982 2089 1024 2128 in
1042 2088 1204 2142 Illyrico
1223 2088 1388 2142 subegit.
1439 2087 1503 2127 M.
1524 2087 1734 2127 Cosconius

313 2149 473 2195 praetor
494 2144 537 2183 in
575 2144 750 2184 Thracio.
771 2159 854 2184 cum
878 2145 1093 2185 Scordiscis
1114 2159 1310 2198 prospere
1332 2144 1538 2198 pugnavit.
1601 2142 1732 2191 Quum

320 2199 462 2239 bellum
494 2200 787 2241 Numantinum
816 2202 916 2242 vitio
936 2203 1079 2242 ducum
1108 2216 1189 2242 non
1208 2203 1295 2243 sine
1310 2203 1461 2254 pudore
1489 2200 1639 2252 publico
1658 2201 1731 2240 du-

319 2263 446 2305 raret,
468 2258 624 2298 delatus
644 2265 701 2298 est
721 2260 827 2299 ultro
857 2260 1042 2313 Scipioni
1072 2260 1274 2313 Africano
1295 2273 1320 2298 a
1341 2264 1482 2298 senatu
1505 2258 1745 2311 populoque

319 2313 506 2353 Romano
535 2316 789 2356 consulatus:
821 2330 932 2370 quem
961 2331 1077 2372 quum
1109 2316 1165 2356 illi
1187 2330 1331 2369 capere
1359 2314 1394 2341 ⁵⁷
1408 2314 1455 2355 ob
1484 2315 1619 2368 legem,
1643 2324 1744 2368 quce'

360 2426 400 2456 53
439 2425 628 2466 Cumquibns
640 2438 740 2466 pacem
751 2428 871 2469 factam
885 2436 999 2460 senatus
1041 2432 1096 2466 vio,
1127 2430 1181 2461 sed
1219 2429 1374 2459 Oblivionis
1402 2427 1627 2458 nominabatur.
1684 2427 1744 2458 Is.'

315 2469 511 2507 irritam-fieri
526 2470 688 2509 censuerat]
714 2470 856 2511 Sigonius
872 2472 1000 2502 immisit

318 2509 354 2541 τό
367 2510 458 2550 fieri:
491 2511 573 2552 quod
596 2517 700 2543 tamen
723 2514 830 2544 abesse
852 2514 997 2545 malueri-

316 2563 396 2589 mus,
425 2558 456 2583 et
484 2563 592 2585 revera
618 2554 761 2595 ignorant
790 2556 944 2593 Andreas,
967 2564 999 2588 et

319 2595 510 2637 Campanus.

361 2639 403 2669 54
425 2639 473 2669 Ad
483 2639 620 2669 Occasum
629 2645 655 2669 et
667 2639 828 2680 Oceanum]
846 2641 1000 2678 Andreas,

321 2679 511 2722 Campanus,
542 2681 671 2712 Hearnii
700 2682 834 2719 codices,
858 2683 1001 2725 Sigonius

319 2723 466 2754 omittunt
480 2724 521 2755 τὰ
538 2724 675 2755 occasum
690 2731 728 2757 et.

360 2767 401 2796 55
436 2767 575 2797 Fluvium.
604 2767 795 2809 Oblivionem]
819 2768 1000 2809 Legendum

319 2807 483 2841 Obliuionis.
529 2810 613 2841 Nam
636 2810 662 2841 is
683 2810 805 2848 fluvius,
828 2821 889 2843 non
918 2812 997 2842 Obli-

1043 2473 1245 2504 casaubonus
1260 2472 1298 2502 ad
1314 2471 1413 2502 Strab.
1431 2470 1453 2500 l.
1470 2469 1534 2499 III.
1551 2479 1580 2510 p.
1602 2470 1672 2500 153.

1085 2516 1125 2546 56
1161 2516 1252 2546 censa
1273 2514 1355 2553 sunt]
1381 2512 1432 2543 Sic
1455 2512 1594 2553 plerique
1617 2511 1724 2553 scripti

1042 2562 1073 2587 et
1087 2562 1162 2589 vett.
1184 2556 1271 2588 editi.
1317 2556 1355 2585 In
1377 2555 1511 2595 vulgatis
1534 2554 1621 2585 deest
1647 2561 1725 2584 sunt.

1046 2600 1107 2630 Sed
1137 2606 1168 2630 et
1195 2600 1227 2630 in
1254 2608 1380 2629 numero
1414 2597 1529 2628 civium
1565 2607 1728 2627 censorum

1046 2642 1166 2673 variant
1194 2641 1275 2672 libri.
1321 2641 1440 2671 Verum
1461 2650 1561 2681 operae
1595 2639 1728 2681 pretium

1044 2695 1105 2715 non
1120 2685 1242 2715 videtur
1256 2684 1288 2715 in
1309 2683 1357 2713 his
1373 2683 1499 2714 minutis
1521 2682 1606 2713 tricis
1617 2682 1727 2712 immo-

1044 2737 1116 2757 rari.

1086 2770 1127 2801 57
1153 2769 1195 2799 Oh
1214 2769 1304 2811 legem
1325 2778 1389 2808 qnae
1418 2769 1530 2799 vetabat
1559 2776 1728 2807 quemquam

1043 2813 1150 2844 iterum
1175 2813 1317 2843 consulem
1335 2812 1424 2852 fieri]
1459 2810 1545 2843 Olim
1567 2809 1729 2850 legebatur
