1826 3149
110 223 200 263 uc.
217 224 291 253 581.

112 266 153 298 A.
163 266 198 297 c.
219 267 290 297 171.

113 1013 253 1044 Marcius
268 1013 312 1044 le-

113 1057 268 1096 gatiouem

112 1100 285 1132 renunciat.

111 1638 242 1668 Senibus
258 1638 304 1668 in-

111 1682 268 1722 probatus.

326 110 375 147 74
824 103 886 140 Ti
903 104 935 140 T
951 103 966 140 Ι
1008 102 1041 139 L
1056 103 1071 138 Ι
1088 101 1119 137 V
1135 102 1150 139 l
1169 102 1185 138 Ι

324 215 458 255 multis
490 214 721 267 magnisque
756 213 909 252 meritis
935 226 1036 263 pace
1070 211 1247 263 belloque
1280 215 1463 262 partam,
1495 209 1740 263 disjungeret

322 272 403 312 sibi
421 271 472 311 ab
493 272 708 311 Romanis.
766 268 798 293 ⁴⁹
812 269 884 309 Ab
921 267 1074 308 Rhodo
1106 267 1341 316 redeuntes,
1366 265 1541 306 Boeotiae
1569 281 1737 322 quoque

323 328 525 378 civitates,
548 336 589 369 et
613 327 797 375 Thebas,
821 333 861 366 et
886 326 1145 373 Coronaeam,
1167 332 1208 364 et
1240 323 1495 371 Haliartum,
1518 323 1734 363 adierunt:

323 385 478 441 quibus
499 399 739 440 expressum
769 382 909 423 invitis
939 380 1270 429 existimabatur,
1292 388 1355 430 ut,
1377 379 1519 420 relicta
1543 379 1657 435 regia
1678 395 1740 420 so-

323 442 486 493 cietate,
511 441 710 482 Romanis
740 440 1081 495 adjungerentur.
1145 436 1338 477 Thebani
1358 436 1461 477 nihil
1491 436 1592 477 moti
1615 444 1736 477 sunt:

324 514 580 555 quamquam
615 496 817 546 nonnihil,
846 504 887 537 et
921 493 1126 536 damnatis
1161 492 1433 549 principibus,
1460 501 1500 534 et
1537 491 1740 534 restitutis

324 556 552 605 exsulibus,
595 553 890 595 succensebant
936 551 1147 592 Romanis.
1211 549 1400 590 Coronaei
1444 557 1486 590 et
1528 548 1740 599 Haliartii,

323 613 465 653 favore
495 611 679 668 quodam
711 610 835 652 insito
864 609 906 650 in
938 624 1070 664 reges,
1093 608 1250 663 legatos
1282 606 1325 647 in
1347 606 1637 647 Macedoniam
1668 605 1743 645 mi-

325 678 482 719 serunt,
519 668 760 724 praesidium
800 674 1002 723 petentes,
1040 681 1126 721 quo
1166 680 1207 705 se
1248 663 1447 704 adversus
1486 663 1743 718 inpotentem

327 725 561 782 superbiam
602 725 902 765 Thebanorum
944 722 1052 764 tueri
1092 721 1262 777 possint.
1325 719 1406 760 Cui
1446 719 1642 775 legationi
1681 734 1743 759 re-

326 798 519 839 sponsum
543 783 596 823 ab
616 797 713 837 rege
734 790 796 822 est
808 786 833 831 ⁸,
850 781 1089 833 praesidium
1109 794 1150 819 se
1166 784 1336 831 propter
1356 778 1540 817 inducias
1559 791 1641 816 cum
1657 777 1744 816 Ro-

325 841 454 880 manis
468 840 617 894 factas
637 840 795 879 mittere
815 852 895 877 non
917 851 1061 889 posse.-
1093 842 1226 876 tamen
1246 835 1427 881 suadere,
1452 835 1512 874 ita
1533 848 1559 873 a
1587 833 1744 873 Theba—

325 911 465 941 norum
497 896 676 951 injuriis,
708 910 787 950 qua
817 900 994 948 possent,
1024 899 1067 933 ut
1101 907 1142 933 se
1170 893 1441 941 vindicarent,
1467 905 1517 931 ne
1546 891 1746 931 Romanis

317 955 551 1008 praeberent
571 968 749 994 caussam
773 954 814 992 in
836 967 876 993 se
895 951 1102 992 saeviendi.

383 1012 580 1052 XLVII.
614 1010 802 1051 Marcius
832 1017 873 1050 et
895 1007 1054 1049 Atilius
1077 1008 1255 1047 Romam
1286 1020 1418 1061 quum
1445 1003 1666 1054 venissent,
1688 1004 1744 1044 le-

324 1068 532 1124 gationem
563 1067 606 1108 in
638 1066 846 1123 Capitolio
879 1065 938 1106 ita
965 1063 1278 1113 renunciarunt,
1310 1071 1358 1104 ut
1394 1062 1510 1103 nulla
1538 1076 1583 1102 re
1612 1061 1744 1117 magis

323 1123 616 1181 gloriarentur,
639 1139 765 1180 quam
787 1123 962 1178 decepto
993 1137 1067 1177 per
1088 1119 1275 1161 inducias
1296 1128 1337 1161 et
1359 1134 1473 1175 spem
1502 1118 1614 1174 pacis
1634 1133 1743 1173 rege.

324 1182 440 1223 Adeo
462 1183 565 1223 enim
587 1181 858 1234 adparatilms
878 1180 1116 1233 bellifuisse
1138 1179 1387 1227 instructum,
1411 1177 1510 1230 ipsis
1537 1177 1649 1215 nulla
1663 1190 1745 1228 pa-

323 1246 419 1280 rata
441 1254 497 1288 re,
520 1246 564 1279 ut
589 1239 725 1279 omnia
746 1243 973 1291 opportuna
999 1237 1086 1276 loca
1110 1234 1396 1288 prceoccupari
1415 1239 1511 1273 ante
1531 1233 1581 1272 ab
1603 1247 1647 1272 eo
1666 1247 1745 1285 po-

322 1298 488 1345 tuerint,
511 1311 628 1350 quam
659 1296 854 1336 exercitus
883 1294 926 1334 in
952 1293 1156 1334 Graeciam
1178 1292 1448 1346 trajiceretur.
1507 1291 1652 1343 Spatio
1672 1298 1747 1329 au*l

322 1361 402 1394 tem
439 1355 694 1394 induciarum
732 1359 872 1400 sumto,
906 1357 1112 1391 venturum
1148 1351 1260 1389 illum
1294 1349 1424 1389 nihilo
1461 1348 1742 1400 paratiorem,-

325 1411 529 1451 Romanos
548 1410 726 1450 omnibus
757 1409 1032 1449 instructiores
1060 1407 1172 1447 rebus
1192 1412 1389 1459 coepturos
1409 1405 1563 1445 bellum.
1625 1405 1747 1444 Boeo-

322 1474 450 1508 torum
473 1482 625 1522 quoque
639 1482 680 1507 se
695 1467 905 1507 concilium
923 1471 1014 1504 arte
1027 1465 1277 1511 distraxisse,
1297 1477 1346 1503 ne
1365 1462 1554 1515 conjungi
1574 1463 1747 1514 amplius

323 1527 405 1565 ullo
425 1540 613 1566 consensu
634 1523 924 1565 Macedonibus
936 1528 1112 1575 possen-t.
1175 1522 1296 1570 Haec,
1320 1528 1369 1561 ut
1397 1535 1558 1560 summa
1587 1518 1745 1559 ratione

323 1591 430 1632 aeta,
453 1598 604 1637 magna
632 1597 728 1637 pars
759 1588 925 1621 senatus
955 1579 1239 1634 adprobabat:
1272 1585 1432 1617 veteres
1453 1585 1494 1617 et
1524 1575 1649 1617 moris
1674 1591 1744 1616 an-

325 1639 431 1695 tiqui
453 1654 653 1680 memores
673 1638 896 1693 negabant,
919 1651 960 1676 se
981 1637 1024 1676 in
1046 1651 1092 1675 ea
1123 1635 1326 1688 legatione
1361 1634 1572 1674 Romanas
1601 1647 1745 1685 agnos-

323 1711 410 1736 cere
430 1703 552 1736 artes.
614 1695 711 1735 Non
725 1709 806 1747 per
827 1694 1001 1734 insidias
1021 1699 1059 1732 et
1086 1699 1279 1732 nocturna
1308 1691 1470 1742 proelia,
1493 1705 1562 1729 nec
1581 1691 1746 1730 simula-

323 1759 406 1793 tam
416 1754 570 1807 ficgam
594 1753 895 1805 inprovisosque
920 1752 976 1790 ad
1005 1751 1206 1789 incautum
1236 1749 1381 1788 hostem
1413 1749 1580 1797 reditus,
1604 1761 1674 1787 nec
1703 1754 1747 1787 ut

324 1817 414 1851 astu
445 1812 586 1863 magis,
621 1824 737 1863 quum
775 1823 870 1849 vera
911 1809 1074 1857 virtute,
1104 1807 1400 1860 gloriarentur,
1436 1805 1540 1844 bella
1577 1803 1748 1857 majores

318 1869 499 1921 gessisse.
519 1867 552 1891 ⁵⁰
566 1868 744 1907 indicere
755 1866 887 1918 prius,
904 1879 1020 1918 quam
1037 1878 1193 1918 gerere,
1208 1863 1346 1903 solitos
1367 1861 1484 1912 bella,
1500 1863 1746 1902 denunciare

324 1926 445 1968 etiam
461 1947 475 1971 ,·
502 1926 699 1965 interdum
717 1925 840 1963 locum
849 1923 993 1976 finire,
1013 1923 1054 1961 in
1078 1936 1152 1975 quo
1165 1920 1402 1960 dimicaturi
1417 1926 1555 1960 essent.
1587 1920 1744 1959 Eadem

306 1983 400 2035 fide
430 1983 651 2021 indicatum
673 1981 836 2035 Pyrrho
866 1981 956 2034 regi
984 1980 1187 2026 medicum,
1218 1979 1312 2018 vz'tae
1342 1976 1424 2030 ejus
1454 1977 1714 2017 insidiantem
1731 1994 1744 2016 .·

324 2041 458 2079 eadem
480 2038 511 2062 ⁵¹
521 2040 695 2079 Faliscis
715 2039 887 2078 vinctum
909 2038 1105 2077 traditum
1115 2035 1367 2088 proditorem
1389 2033 1604 2074 liberorum
1625 2035 1745 2087 regis.

325 2097 431 2136 Haec
451 2097 640 2136 Romana
671 2110 763 2143 esse,
787 2109 866 2134 non
897 2091 1158 2134 versutiarum
1181 2093 1448 2141 Punicarum,
1476 2105 1600 2144 neque
1628 2092 1745 2131 calli-

324 2154 470 2194 ditatis
494 2153 653 2194 Grcecce
669 2171 681 2192 .·
713 2154 825 2205 apud
853 2166 949 2205 quos
964 2152 1124 2205 ,fallere
1155 2151 1315 2197 hostem,
1339 2163 1455 2202 quam
1477 2150 1518 2189 vi
1536 2162 1743 2201 superare,

318 2212 537 2263 gloriosius
550 2211 705 2264 suerit.
765 2211 973 2250 Interdum
1005 2210 1048 2248 in
1077 2221 1258 2261 praesens
1287 2212 1438 2258 tempus
1471 2207 1566 2258 plus
1598 2206 1747 2258 profici

324 2269 428 2319 dolo,
460 2282 577 2322 quam
610 2269 785 2308 virtute.-
822 2268 891 2307 sed
922 2265 1004 2319 ejus
1039 2266 1189 2305 demum
1224 2265 1400 2303 animum
1437 2264 1479 2303 in
1505 2269 1744 2316 perpetuum

906 2351 916 2368 ⁵
933 2354 971 2379 est
987 2348 1048 2378 del.
1066 2348 1160 2379 CreV.

368 2432 409 2462 49
433 2432 475 2460 Ab
500 2431 599 2461 Rhodo
621 2432 781 2465 redeuntes,
801 2429 918 2459 Ba-otioe
940 2441 1009 2469 qno-

325 2485 378 2514 que
393 2474 536 2513 civitates]
569 2473 717 2513 Polybius
733 2472 869 2503 diversos
892 2473 1010 2513 legatos

327 2516 473 2547 Rhodum
504 2522 535 2546 et
563 2515 595 2545 in
624 2515 781 2546 Boeotiam
808 2515 916 2546 missos
945 2526 1011 2545 esse

325 2560 407 2590 clare
437 2559 528 2589 docet
557 2560 667 2599 Legat.
691 2559 743 2588 65.
767 2563 797 2588 et
821 2558 873 2587 66.
919 2557 1011 2594 Quod
1062 2556 1063 2559 ¹

325 2602 394 2633 ideo
416 2603 625 2637 observamus,
642 2600 716 2642 quia
738 2599 917 2641 ceteroquin
939 2611 1010 2630 eum

326 2645 356 2675 in
380 2645 439 2676 hac
455 2644 537 2675 omni
561 2644 735 2674 narratione
758 2643 896 2684 sequitur
912 2648 942 2673 et
957 2653 1009 2673 ex-

325 2688 431 2718 scribit
446 2693 556 2718 noster.

369 2732 410 2761 50
435 2731 567 2760 Iudicere
581 2751 588 2761 .
607 2752 614 2760 .
630 2730 721 2759 solitos
736 2729 819 2764 bella,
835 2729 1012 2758 denunciare

327 2774 428 2814 etiam]
454 2773 577 2803 Bellum
602 2772 794 2803 indicebatur
818 2777 942 2802 senatus
957 2771 1010 2801 de-

328 2823 410 2845 creto
432 2827 466 2846 ac·
494 2815 599 2858 populi
621 2816 726 2857 jussu:
751 2821 814 2844 tum
843 2813 1011 2844 denuncia-

328 2859 416 2889 batur
442 2859 488 2888 vel
513 2859 568 2900 ipsi
593 2859 699 2899 utique
724 2857 786 2899 regi
812 2864 861 2887 aut
886 2857 1010 2900 populo,

1054 2429 1103 2459 cui
1141 2428 1293 2459 indictum
1328 2428 1438 2463 suerat,
1470 2427 1518 2458 vel
1552 2427 1662 2457 saltem
1701 2428 1742 2459 ad

1054 2472 1226 2514 proximum
1246 2471 1278 2500 in
1295 2470 1407 2501 finibus
1429 2469 1619 2511 praesidium.
1664 2470 1740 2503 Vid.

1055 2525 1156 2556 supra,
1174 2514 1193 2544 l.
1210 2514 1333 2544 XXXI.
1351 2523 1377 2543 c.
1395 2514 1426 2543 8.

1099 2558 1137 2588 51
1164 2556 1284 2586 Faliscis
1313 2557 1443 2585 vinctum
1472 2556 1615 2585 traditum
1640 2557 1741 2595 prodi-

1054 2606 1141 2629 torem
1171 2600 1325 2629 liberorum
1357 2598 1448 2639 regis]
1487 2598 1631 2638 Sigonius
1660 2598 1739 2629 exis-

1053 2642 1144 2672 timat
1169 2641 1245 2672 alios
1269 2641 1319 2671 hic
1347 2646 1487 2671 auctores
1509 2646 1650 2671 secutum
1673 2651 1739 2672 esse

1055 2684 1189 2720 Livium,
1205 2695 1298 2725 quam
1315 2694 1391 2724 quos
1414 2689 1538 2714 secutus
1554 2689 1599 2714 est
1621 2684 1653 2714 in
1673 2683 1741 2725 ipsa

1055 2738 1086 2757 re.
1103 2727 1266 2762 narranda,
1283 2736 1375 2768 supra
1388 2725 1411 2756 l.
1428 2726 1467 2756 V.
1484 2737 1511 2756 c.
1528 2727 1580 2757 27.
1620 2727 1739 2757 Grono-

1056 2770 1122 2800 vius
1137 2769 1197 2810 legi
1221 2780 1309 2810 posse
1333 2774 1421 2811 putat
1442 2771 1613 2808 proditorem
1639 2770 1738 2800 libero-

1057 2824 1119 2843 )'UIH
1137 2814 1315 2853 lllllnglYum.
