1831 3194
469 97 721 138 LIBROR.
753 98 1026 136 DEPERD.
1379 106 1454 145 249

47 217 122 250 lem
143 216 180 249 et
200 209 416 250 avaritiam
435 210 477 249 in
493 209 687 259 praetorio
707 221 774 248 suo
795 208 902 248 vivus
923 213 1080 248 exustus
1101 213 1172 247 est.
1228 207 1276 247 L.
1295 209 1454 261 Plzilip-

43 281 120 319 pus
149 268 301 320 legatus
330 267 451 307 Sullae
479 266 731 312 Sardiniam,
766 266 818 311 Q.
849 265 1029 305 Antonio
1061 270 1238 317 praetore
1270 266 1386 316 pulso
1418 273 1455 305 et

47 323 181 372 occiso,
202 324 418 376 occupavit.
478 323 592 363 Sulla
613 335 695 361 cum
716 321 880 362 Italicis
905 322 1081 374 populis,
1102 335 1152 361 ne
1181 321 1387 361 timeretur
1406 323 1456 361 ab

50 381 114 427 iis,
137 382 241 420 velut
270 385 478 432 erepturus
506 379 707 418 civitatem
727 378 761 401 ‘²⁰²
773 384 811 418 et
840 378 1031 433 suffragii
1046 377 1120 430 jus
1149 392 1274 430 nuper
1303 380 1456 428 datum,

37 435 177 487 ficdus
196 436 398 488 percussit.
459 436 659 489 Idemque,
681 450 729 475 ex
737 435 897 485 fiducia
904 435 997 489 jam
1018 441 1136 475 certa:
1156 434 1347 483 victorioe,
1371 436 1456 475 liti-

42 500 219 546 ἔξηβον-εκ,
240 509 266 533 a
287 493 425 547 quibus
445 492 643 541 adibatur,
665 493 899 533 vadimonia
930 493 1100 532 Romam
1127 490 1296 547 differre
1311 491 1459 545 jussit,

47 565 162 604 qinon
183 558 345 603 aparte
365 551 524 590 diversa
553 549 645 590 urbs
674 550 802 590 adhuc
832 555 1040 589 teneretur.
1100 550 1153 590 L.
1177 550 1457 603 Damasippus

42 614 205 660 pra’tor,
228 622 276 647 ca·
305 608 504 648 voluntate
527 608 573 648 C.
598 606 727 647 Marii
757 608 930 647 consulis
959 621 1074 660 quum
1095 612 1273 647 senatum
1298 613 1457 647 contra-

45 665 183 715 xisset,
205 679 365 712 omnem,
388 677 475 717 quse
491 665 534 704 in
555 664 650 704 urbe
670 670 775 712 erat,
796 664 1048 704 nobilitatem
1069 663 1300 704 trucidavit.
1324 678 1372 703 ex
1392 678 1457 705 cu-

34 721 106 774 jus
126 736 286 761 numero
321 721 371 769 Q.
396 720 558 762 qucius
587 722 764 762 Scaevola
786 718 976 774 pontifex
1003 721 1198 760 maximus
1210 720 1382 774 fugiens
1412 723 1456 761 iu

49 778 241 818 vestibulo
261 779 360 819 cedis
386 778 426 819 V
422 784 515 818 estae
543 779 688 818 occisus
709 784 777 819 est.
837 779 1048 819 Praeterea
1078 777 1222 818 bellum
1241 792 1267 816 a
1291 777 1341 819 L.
1362 779 1458 820 Mu-

47 849 144 875 rena
163 836 355 876 adversus
380 836 660 876 Mithridatem
680 835 721 875 in
744 835 845 876 Asia
866 841 1097 876 renovatum
1118 834 1301 875 continet.

573 934 931 987 LXXXVII.

107 1033 218 1074 Sulla
243 1034 286 1075 C.
311 1034 511 1083 Marium,
534 1036 710 1075 exercitu
730 1033 813 1087 ejus
826 1034 931 1087 fuso
952 1034 1155 1088 deletoque
1173 1034 1231 1074 ad
1251 1033 1459 1085 Sacripor-

47 1097 142 1138 tum,
158 1092 202 1130 in
221 1091 370 1143 oppido
396 1092 600 1131 Praeneste
616 1092 778 1131 obsedit.
800 1091 934 1131 urbem
956 1091 1129 1130 Romam
1149 1105 1197 1130 ex
1213 1090 1461 1130 inimicorum

48 1147 228 1188 manibus
248 1148 409 1199 recepit.
470 1147 650 1188 Marium
672 1161 872 1200 erumpere
894 1154 1108 1188 tentantem
1128 1148 1293 1200 repulit.
1348 1147 1461 1186 Prae-

48 1211 157 1245 terea
176 1218 237 1245 res
255 1218 282 1244 a
305 1204 447 1259 legatis
476 1202 571 1258 ejus,
594 1205 730 1245 eadem
751 1205 896 1259 ubique
908 1205 1089 1259 fhrtuna
1109 1205 1310 1259 partium,
1327 1207 1463 1257 gestas

49 1262 241 1303 continet.

560 1361 947 1414 LXXXVIII.

100 1461 214 1502 Sulla
248 1460 477 1510 Carbonem,
500 1460 534 1485 ²³
547 1462 724 1501 exercitu
753 1460 835 1515 ejus
854 1458 955 1512 suso
983 1461 1041 1500 ad
1074 1460 1262 1508 Clusium,
1285 1459 1339 1499 ad
1369 1459 1457 1499 Fa-

48 1519 224 1559 ventiam
245 1518 551 1572 Fidentiamque
580 1531 691 1567 coeso,
714 1518 844 1558 Italia
874 1518 1056 1570 expulit:
1091 1531 1176 1557 cum
1209 1515 1462 1564 Samnitibus,

48 1576 117 1628 qui
136 1575 211 1615 soli
231 1589 279 1614 ex
300 1576 459 1615 Italicis
471 1576 637 1628 populis
666 1576 840 1614 nondum
861 1589 974 1615 arma
998 1580 1231 1627 posuerant,
1248 1572 1376 1627 Juxta
1397 1586 1463 1612 ur-

49 1633 131 1672 bem
154 1632 376 1672 Romanam
406 1638 500 1671 ante
514 1638 680 1684 portam
703 1631 904 1673 Collinam
927 1631 1144 1672 debellavit
1158 1649 1169 1670 .·
1206 1635 1461 1683 recuperata-

50 1703 125 1744 que
153 1687 362 1740 republica,
381 1689 687 1741 pulcherrimam
717 1689 922 1729 victoriam
951 1689 1208 1738 crudelitate,
1229 1693 1382 1741 quanta
1418 1687 1464 1726 in

51 1747 159 1786 nullo
179 1745 374 1786 hominum
388 1746 500 1799 fuit,
520 1745 756 1799 inquinavit.
821 1745 918 1786 Octo
947 1745 1072 1785 millia
1091 1744 1357 1785 ‘Haeduorum
1377 1743 1464 1783 ‘'²⁵in

51 1803 150 1843 villa
159 1803 325 1855 publica
346 1803 567 1843 trucidavit
582 1822 594 1842 .-
626 1802 803 1842 tabulam
816 1803 1122 1855 proscriptionis
1134 1801 1271 1854 posuit
1285 1818 1296 1840 :
1330 1800 1463 1840 urbem

50 1874 98 1900 ac
118 1866 244 1900 totam
266 1861 434 1900 Italiam
456 1859 629 1900 ccedibus
648 1860 814 1913 replevit
827 1878 839 1899 .·
872 1860 977 1900 inter
997 1873 1096 1913 quas
1116 1872 1246 1899 omnes
1269 1859 1461 1898 Praenes-

52 1918 158 1957 tinos
178 1917 346 1957 inermes
361 1917 519 1957 concidi
524 1915 652 1969 jussit
669 1935 681 1956 :
715 1917 912 1964 Marium,
934 1917 1132 1957 senatorii
1147 1916 1302 1956 ordinis
1321 1915 1460 1963 virum,

51 1973 229 2014 cruribus
243 1973 489 2027 brachiisque
490 1974 663 2027 fractis,
680 1974 841 2014 auribus
850 1975 1071 2026 praesectis,
1088 1979 1126 2013 et
1146 1972 1304 2029 effossis
1323 1972 1462 2021 oculis,

53 2032 223 2070 necavit.
285 2031 330 2071 C.
354 2030 528 2080 Marius,
554 2032 759 2072 Prceneste
780 2031 954 2072 obsessus
983 2030 1055 2070 26α
1089 2030 1274 2070 Lucretio
1308 2027 1462 2080 Ofella,

53 2087 309 2128 Sullanarum
330 2088 510 2140 partium
541 2089 640 2135 viro,
663 2102 778 2142 quum
801 2102 880 2141 per
911 2084 1131 2129 cuniculum
1161 2092 1341 2139 captaret
1371 2099 1462 2126 eva-

53 2145 159 2193 dere,
179 2150 312 2197 septus
331 2144 383 2183 ab
402 2145 591 2195 exercitu,
611 2144 645 2171 2⁷
658 2151 816 2185 mortem
835 2145 914 2185 sibi
932 2145 1129 2186 conscivit.
1151 2145 1197 2185 id
1218 2149 1288 2191 est,
1311 2144 1355 2183 in
1376 2144 1463 2195 ipso

53 2202 245 2250 cuniculo,
263 2215 379 2255 quum
394 2202 561 2242 sentiret
580 2217 620 2242 se
641 2204 808 2243 evadere
823 2216 902 2242 non
915 2216 1044 2255 posse,
1068 2215 1152 2241 cum
1167 2200 1320 2241 Pontio
1348 2199 1462 2241 Tele-

52 2260 152 2307 sino,
176 2256 298 2312 fiigae
328 2259 481 2307 comite,
509 2259 648 2299 stricto
677 2260 875 2313 utrimque
901 2259 1057 2312 gladio,
1085 2258 1304 2301 concurrit:
1350 2271 1463 2310 quem

56 2329 171 2368 quum
191 2316 412 2364 occidisset,
433 2316 514 2368 ipse
533 2317 692 2356 saucius
712 2316 933 2369 inpetravit
948 2331 973 2356 a
994 2329 1116 2364 serve,
1132 2321 1176 2355 ut
1195 2329 1237 2355 se
1256 2315 1461 2355 occideret.

98 2415 139 2443 22
178 2414 216 2443 Et
244 2413 380 2455 suffragii
400 2417 456 2454 jus
481 2425 575 2453 nuper
615 2416 732 2456 datum]
779 2415 810 2444 2.
855 2414 960 2445 Antea
975 2416 1005 2444 in
1022 2416 1076 2445 via.

59 2456 131 2486 Vid.
148 2462 211 2487 not.
225 2457 279 2486 20.
295 2457 334 2487 ad
347 2456 422 2498 epit.
433 2458 615 2488 LXXXIV.
631 2468 734 2499 supra.
821 2458 863 2487 26
901 2458 926 2487 A
962 2457 1100 2488 Lucretio
1132 2457 1244 2498 Ofella]
1292 2456 1343 2486 Sic
1369 2455 1462 2496 plane

100 2499 141 2529 *23
182 2499 320 2529 Eser-citu,
348 2501 409 2538 ejus
428 2500 502 2541 fuso
528 2502 567 2530 ad
584 2500 732 2540 Clusium]
780 2499 970 2541 Campanus,
987 2506 1018 2530 et
1041 2499 1123 2542 apud
1144 2498 1317 2530 Hearnium
1341 2497 1461 2528 Pithoe-

60 2541 193 2571 Inseruit
208 2541 381 2573 Gronovius
395 2552 433 2573 ex
457 2543 574 2584 aliquot
589 2544 683 2574 MSS.
701 2543 735 2574 oro*
777 2553 825 2573 us·
870 2543 998 2584 Reliqui
1015 2543 1120 2573 Asello.

52 2583 134 2622 juso.
824 2586 865 2615 27
905 2586 1028 2615 Illortem
1072 2587 1123 2615 sibi
1151 2586 1300 2615 conscivit:
1338 2585 1368 2613 id
1405 2583 1461 2622 est]

102 2626 143 2654 24
172 2627 360 2667 Deditorum]
388 2627 494 2669 Magis
516 2628 653 2670 placeret
668 2639 739 2659 cum
784 2627 958 2658 Gronovius
980 2628 1057 2659 duas
1085 2627 1210 2658 ultimas
1233 2637 1324 2657 voces
1348 2624 1463 2665 adjecit

62 2667 186 2698 Pithoeo
212 2669 293 2710 apud
317 2670 487 2701 Hearnium
510 2671 611 2712 legere
634 2672 738 2701 dediti-
784 2680 820 2700 ex
844 2670 1028 2711 quibusdam
1057 2670 1188 2712 scriptis,
1241 2670 1307 2699 Nos
1332 2668 1461 2698 libenter

63 2712 177 2739 tiorum.
785 2713 1001 2744 assentiremur
1030 2713 1154 2754 Sigonio
1181 2713 1247 2742 haec
1274 2710 1377 2741 omnia
1406 2708 1459 2738 de-

104 2753 145 2782 25
177 2752 213 2782 Ιη
230 2754 298 2782 villa
314 2756 449 2796 publica]
474 2755 606 2796 Egregia
624 2756 739 2796 Sigonii
784 2755 870 2789 lenti.
900 2756 943 2786 ita
971 2762 1005 2786 ut
1033 2757 1171 2796 legatur:
1208 2760 1302 2794 septus
1326 2754 1361 2782 ab
1381 2762 1460 2782 eier-

64 2795 221 2829 correctio,
249 2795 321 2825 nixa
358 2797 531 2828 auctoribus
566 2798 741 2839 Augustino
784 2800 856 2836 citu,
873 2800 902 2829 in
920 2801 975 2838 ipso
990 2800 1132 2829 cuniculo.

65 2837 103 2868 (le
121 2837 190 2869 Civ.
208 2837 281 2875 Dei,
292 2838 358 2870 ΙΙΙ.
373 2840 424 2870 28.
440 2845 471 2870 et
486 2841 559 2871 Val.
574 2841 665 2872 Max.
681 2842 740 2872 IX.
