1805 3174
486 92 523 129 11
534 90 744 128 ISTORIA
753 90 869 127 RUM
901 89 1108 127 LIBROS.

117 203 173 232 oui
190 204 350 239 Africano,
375 212 411 231 nc
436 211 575 231 caussam
592 201 687 237 (licat,
712 205 766 236 38,

122 252 174 275 52.
187 247 213 275 ei
228 248 332 284 gratia:
349 251 437 281 actae,
452 245 532 282 quod
551 244 770 282 rempublicam

122 291 252 327 privatis
291 289 504 318 simultatibus
534 289 687 326 potiorem
719 287 772 316 lia-

124 334 253 367 iniisset,
271 339 321 362 53.
338 333 363 360 ei
388 336 487 370 nupta.
503 332 607 360 minor
621 341 637 360 e
653 331 773 359 duabus

124 376 263 405 Africani
289 376 420 405 lilialins.
446 379 495 405 57.
520 374 657 411 ejusdem
689 374 773 402 aliud

125 420 281 448 decretum
300 420 335 448 ile
348 420 381 447 L.
391 418 551 456 Scipione,
563 418 700 446 Africani
714 418 775 445 fra-

126 467 133 488 1
144 473 185 498 rc,
199 465 249 491 60.
260 463 326 498 ejus
337 462 436 490 oratio
446 462 482 489 ad
494 462 656 500 collegam,
668 461 776 489 trium-

127 506 188 542 pho
203 507 245 534 M.
264 505 364 534 Fulvii
381 514 498 533 moram
512 505 703 539 asserentem,
719 508 774 540 39,

129 553 158 577 5.
191 553 311 577 creatur
344 548 487 576 triumvir
521 548 649 576 colonia:
682 547 777 575 ‹ledu-

129 592 246 628 ceudae,
265 596 315 620 55.
333 594 521 620 memoratur
535 589 645 626 mdilis,
662 594 779 625 4Ο,44.

128 638 257 673 μιτυῐοτ,
281 635 454 663 citeriorem
495 634 680 672 Hispaniam
715 642 779 661 sor-

131 679 222 713 titur,
247 682 298 706 35.
324 679 407 717 capit
432 678 596 709 Mundam.
621 681 653 705 et
683 676 782 705 Certi-

130 731 226 756 mam,
250 722 353 757 urbes,
377 725 429 751 47.
462 721 560 750 vincit
595 720 781 753 Celtiberos,

131 773 244 801 eosque
267 765 396 799 subigit,
422 768 475 799 48,
492 768 544 795 49.
568 768 597 792 ιτ
615 767 665 792 50.
698 772 782 800 mag-

131 816 187 835 nas
222 810 253 835 et
283 817 367 836 anno
399 811 547 845 sequente
571 807 603 834 in
630 806 785 844 Hispania.

130 860 177 879 res
208 850 298 887 gerit,
331 854 385 886 41,
413 855 443 879 3.
470 851 623 888 egregium
649 859 679 878 se
701 850 784 887 pacis

130 894 281 922 arbitrum
316 898 348 922 et
386 894 609 922 moderatorem
655 894 783 930 praebet,

130 937 204 965 ibid.
222 937 424 966 Gracchurim
450 937 554 965 urbem
572 936 692 969 condit,
707 936 784 964 ibid.

132 980 308 1017 triumphat
344 981 380 1009 de
415 979 590 1015 Celtiberis,
628 984 676 1007 11.
700 988 782 1007 crea-

133 1027 186 1051 tur
223 1023 345 1059 consul,
394 1027 441 1051 12.
488 1023 593 1051 multis
638 1023 783 1051 secundis

135 1067 254 1104 procliis
293 1067 454 1103 perdomat
493 1066 620 1102 Sardos,
661 1069 713 1094 21.
747 1066 783 1093 de

136 1109 239 1138 Sardis
270 1109 460 1147 triumphat,
482 1112 532 1137 26.
561 1118 661 1137 rerum
685 1109 724 1137 ab
747 1118 784 1137 eo

135 1153 168 1181 in
205 1153 346 1181 Sardinia
382 1157 537 1189 gestarum
570 1161 640 1186 crgo
678 1151 785 1180 tabula

135 1196 168 1224 in
198 1196 261 1223 oede
286 1196 395 1223 matris
424 1196 556 1223 Matueae
588 1195 700 1233 posita,
732 1200 785 1224 33.

135 1242 258 1267 creatur
288 1247 409 1274 censor,
443 1243 498 1274 43,
528 1240 572 1266 16.
613 1238 678 1274 ejus
715 1248 786 1267 ceu-

137 1291 218 1310 surae
236 1286 317 1311 acta.
345 1282 417 1310 zmil.
442 1285 470 1309 et
495 1286 543 1312 17.
567 1281 786 1310 contentiones

136 1334 206 1353 cum
231 1325 359 1353 tribuno
383 1324 481 1363 plebis
506 1325 537 1352 P.
576 1325 708 1359 riutilio,
738 1329 786 1353 18.

136 1368 203 1404 ejus
234 1369 317 1397 bona
347 1371 569 1396 consecrantur
600 1376 618 1395 a
647 1368 787 1402 tribuno,

138 1411 212 1440 ibid.
243 1411 271 1439 ei
302 1415 333 1440 et
362 1411 486 1445 collegae
517 1411 580 1439 dies
612 1411 725 1439 dicitur
749 1411 787 1439 ad

138 1454 299 1493 populum,
325 1454 398 1482 ibid.
430 1454 578 1492 collegam
603 1457 717 1488 servat,
736 1454 788 1490 ju-

139 1497 236 1527 rando
266 1507 298 1526 se
324 1497 351 1525 ci
383 1497 525 1526 comitem
563 1497 663 1525 exsilii
703 1497 790 1525 futu-

139 1550 223 1576 rum,
245 1541 320 1569 ibid.
355 1539 512 1568 basilicam
545 1540 714 1568 faciendam
739 1549 790 1568 cu-

140 1588 201 1620 rat,
227 1592 295 1620 quae
327 1583 510 1621 Sempronia
538 1583 621 1611 dicta
652 1587 712 1619 est,
736 1587 791 1619 44,

144 1629 192 1655 16.
218 1626 379 1655 libertinos
402 1627 433 1654 in
460 1636 553 1655 unam
582 1626 699 1655 tribum
731 1627 790 1654 Es-

141 1669 292 1707 quilinam
304 1670 446 1706 conjicit,
460 1674 515 1705 45,
536 1673 584 1698 15.

100 1715 152 1751 Ti.
167 1713 367 1750 Sempronius
391 1713 528 1748 Longus,
553 1712 675 1747 consul,
692 1716 744 1745 21,
763 1714 791 1740 6.

142 1756 175 1784 in
204 1755 340 1784 Siciliam
367 1756 519 1791 mittitur,
547 1759 594 1786 17.
619 1755 703 1793 capit
726 1756 793 1784 Me-

142 1799 244 1835 litam,
264 1803 314 1828 51.
332 1803 494 1828 revocatur
515 1799 547 1827 in
566 1799 701 1832 ltaliam,
720 1799 794 1828 ibid.

143 1842 230 1870 veuit
256 1842 294 1871 ad
321 1842 483 1881 collegam,
509 1842 582 1871 ibid.
600 1851 714 1880 pugnae
739 1843 792 1870 ad-

143 1894 250 1914 versus
276 1885 465 1914 Annibalem
482 1885 628 1923 cupidus,
646 1889 696 1914 53.
721 1886 795 1914 edu-

143 1930 188 1957 cit
217 1928 334 1966 copias,
360 1933 411 1958 54.
441 1929 590 1964 vincitur,
615 1933 667 1957 55.
690 1931 718 1957 ct
743 1931 793 1957 56.

106 1971 109 1973 ’
144 1971 205 2000 alia
218 1980 323 2009 pugna
339 1971 419 2000 inter
438 1972 655 2009 Sempronium
682 1976 713 2001 et
730 1972 795 2001 An-

146 2014 294 2050 nibalem,
319 2019 370 2045 59.
393 2023 539 2052 prospere
570 2019 690 2053 pugnat
725 2025 794 2044 cum

147 2058 306 2087 Hannone
321 2059 432 2094 Poeno,
451 2062 504 2094 23,
519 2061 571 2088 37.

105 2102 154 2131 Ti.
173 2100 373 2138 Sempronius
402 2102 542 2139 Longus,
565 2100 711 2129 tribunus
734 2101 799 2138 plc-

148 2144 211 2181 bis,
231 2148 285 2179 31,
310 2148 360 2172 20.
385 2144 478 2177 aedilis
506 2143 634 2175 eurulis,
666 2148 720 2176 32,
745 2149 797 2175 37.

148 2187 294 2216 triumvir
334 2186 463 2216 coloniis
507 2187 707 2223 deducendis,
747 2192 798 2218 29.

150 2234 276 2268 praetor,
307 2234 362 2265 33,
391 2234 443 2259 24.
472 2231 603 2259 sortitur
625 2229 798 2259 Sardiniam

152 2273 357 2312 provinciam,
387 2275 436 2301 26.
468 2273 496 2301 ei
527 2277 712 2311 prorogatur
743 2274 799 2302 im-

150 2317 284 2355 perium,
311 2321 362 2345 43.
388 2320 509 2344 creatur
535 2316 656 2349 consul,
673 2320 729 2353 34,
746 2321 800 2346 42.

150 2360 296 2388 triumvir
339 2359 468 2388 coloniae
505 2358 705 2394 deducendae,
747 2364 798 2390 45.

150 2403 358 2441 proficiscitur
389 2402 420 2431 in
452 2402 561 2435 Boios,
592 2406 624 2430 et
654 2402 799 2431 adversus

150 2455 204 2474 eos
233 2449 363 2484 pugnat,
393 2448 444 2474 46.
462 2447 489 2473 cl
506 2449 557 2474 47.
585 2445 704 2482 legatus
727 2455 800 2474 con-

151 2489 273 2524 sularis,
288 2493 344 2526 35,
356 2492 385 2518 5.
402 2489 516 2517 frustra
530 2496 690 2516 censuram
708 2489 800 2526 petit,

152 2536 207 2567 39,
223 2535 275 2560 4ο.

112 2574 162 2604 Ti.
187 2574 385 2612 Sempronius
407 2574 456 2603 Ti.
479 2575 514 2603 F.
539 2574 677 2610 Longus,
704 2584 802 2612 augur

154 2618 268 2653 factus,
296 2621 350 2651 27,
366 2620 395 2647 6.
419 2618 584 2654 decemvir,
607 2617 681 2646 ibid.
706 2618 802 2657 pesti-

154 2660 253 2688 lentia
264 2661 406 2693 moritur,
423 2665 476 2694 41,
494 2663 545 2690 26.

112 2703 162 2732 Ti.
193 2703 394 2740 Sempronius
425 2705 553 2741 Longus
584 2708 692 2742 praeest
723 2705 804 2742 parti

158 2749 329 2774 castrorum
369 2746 403 2776 in
434 2748 669 2786 oppugnatione
707 2749 807 2778 Hera-

159 2789 242 2824 cleae‚
258 2790 312 2824 36,
330 2792 381 2817 22.

116 2831 166 2866 Ti.
183 2831 384 2873 Sempronius
400 2831 521 2868 Musca,
540 2836 596 2871 45,
617 2836 666 2863 13.

1426 93 1497 127 411

810 201 848 230 T.
879 198 1080 237 Sempronius
1121 199 1258 234 Rutilus,
1298 201 1424 229 vitricus
1469 204 1504 233 1¹.

853 243 986 278 AEbutii,
1015 245 1070 277 ³9,
1094 247 1123 272 Ξ).
1151 243 1239 281 cupit
1266 245 1417 281 pupillum
1445 246 1506 274 ini-

854 286 924 315 tiari
942 285 1086 321 Bacchis,
1102 285 1179 314 ibid.

814 329 1061 358 Semunciarium
1096 328 1200 357 fumus
1233 329 1349 358 sactum
1380 340 1416 359 cx
1446 341 1504 360 uu-

857 373 960 409 ciario,
978 377 1009 408 7,
1026 376 1078 402 27.

817 417 909 451 Sena,
925 416 1061 448 colonia,
1081 419 1135 450 27,
1154 418 1205 443 46.

818 460 963 489 Senensis
991 459 1124 496 populus
1151 460 1343 489 vacationem
1370 460 1512 489 obtinere

862 512 925 531 non
943 506 1058 540 potest,
1075 505 1127 537 27,
1143 507 1194 531 38.

819 546 1005 575 senaculum
1020 546 1050 573 in
1065 545 1233 582 Capitolio,
1251 550 1302 580 41,
1319 551 1371 575 32.

820 592 983 619 Senatores
1000 592 1140 625 centum,
1156 598 1174 617 a
1199 589 1332 618 Romulo
1356 589 1464 626 creati,
1485 593 1512 626 1,

864 637 891 661 8.
910 632 969 659 v'tl.
989 633 1103 660 Patres.

821 676 987 705 Senatores
1004 675 1164 709 octoginta
1180 676 1367 705 occiduntur
1382 676 1412 705 in
1430 686 1512 715 proe-

863 717 906 747 lio
923 718 959 746 ad
978 718 1113 751 sannas,
1132 722 1186 754 22,
1204 723 1255 749 49.

843 778 886 784 --
903 762 1064 799 pecuniam
1108 765 1220 798 sponte
1267 762 1434 791 conferunt
1477 764 1515 793 ad

865 805 1118 843 supplementum
1136 805 1300 843 remigum,
1314 808 1365 838 26,
1377 809 1428 834 36.

843 864 886 870 —-
899 849 1032 886 amplius
1041 848 1178 886 quinque
1191 858 1254 876 uno
1264 852 1402 886 tempore
1412 849 1518 879 abesse

866 892 904 920 ab
922 892 996 919 urbe
1009 892 1110 920 Roma
1125 891 1225 925 vetiti,
1242 894 1298 927 36,
1312 897 1342 920 3.

846 952 888 959 —
903 935 1004 963 edicto
1029 936 1168 973 praetoris
1191 945 1227 963 ex
1253 938 1322 964 tota
1349 935 1440 965 Italia
1455 936 1519 965 Ro-

869 987 949 1006 mam
967 982 1133 1013 vocantur,
1158 982 1213 1014 43,
1234 982 1281 1006 13.

826 1022 1003 1055 Senatores,
1034 1021 1208 1058 quibusque
1248 1021 1279 1049 in
1310 1025 1422 1050 senatu
1449 1032 1520 1051 sen-

868 1067 999 1094 tentiam
1016 1064 1116 1092 dicere
1134 1065 1216 1099 licet,
1230 1068 1282 1099 23,
1299 1069 1350 1093 32.
1367 1068 1421 1099 36,
1434 1071 1464 1093 3.

827 1106 959 1135 Senatus
984 1107 1043 1135 nisi
1068 1110 1176 1135 auctor
1204 1108 1302 1141 fleret,
1323 1111 1424 1137 ratum
1455 1118 1521 1137 esse

870 1159 934 1178 non
959 1153 1080 1188 poterat
1112 1150 1156 1186 id,
1190 1151 1273 1187 quod
1296 1151 1430 1188 populus
1452 1152 1523 1189 jus-

870 1198 964 1229 serat,
1001 1197 1030 1228 1,
1060 1197 1107 1224 17.
1145 1197 1254 1232 postea
1293 1194 1325 1222 in
1368 1195 1521 1224 incertum

869 1236 1071 1265 comitiorum
1114 1241 1261 1266 eventum
1310 1243 1420 1267 auctor
1457 1239 1522 1268 fieri

871 1280 980 1317 coepit,
995 1279 1069 1308 ibid.

831 1324 964 1352 Senatus
989 1331 1130 1359 quaenam
1156 1327 1258 1361 partes
1283 1324 1400 1353 fuerint
1426 1326 1457 1353 in
1475 1334 1522 1354 re-

871 1366 963 1403 gibus
979 1367 1134 1402 creandis,
1151 1367 1212 1395 vid.
1235 1371 1262 1403 1,
1286 1371 1333 1398 17.
1350 1373 1380 1396 et
1404 1372 1452 1398 18.
1470 1373 1520 1398 22.

872 1414 925 1438 3-2.
942 1412 968 1437 e!
986 1413 1037 1437 41.

832 1452 965 1481 Senatus
983 1461 1000 1480 a
1016 1451 1138 1489 regibus
1162 1452 1198 1481 de
1221 1453 1366 1483 omnibus
1390 1456 1524 1494 negotiis

876 1495 1048 1529 consultus,
1070 1499 1096 1529 1,
1114 1499 1164 1523 49.

854 1539 945 1567 —dc
963 1538 1042 1566 bello
1058 1538 1224 1567 indicendo
1241 1538 1415 1573 consultus,
1434 1546 1525 1578 1,33.

855 1600 897 1606 —
913 1581 1050 1611 decernit
1067 1586 1101 1609 ut
1119 1582 1155 1609 ad
1184 1583 1331 1620 populum
1357 1585 1472 1614 seratur
1488 1588 1525 1615 de

878 1625 959 1654 bello
973 1624 1151 1660 indicendo,
1175 1628 1205 1659 4,
1224 1629 1274 1653 58.
1291 1631 1347 1663 31,
1366 1631 1395 1658 5.
1418 1629 1482 1659 vid.
1497 1634 1529 1658 (t

878 1671 931 1700 45,
950 1672 1002 1697 21.

855 1727 897 1734 --
913 1711 1086 1749 provincias
1103 1711 1284 1740 consulibus
1307 1713 1457 1752 decernit,
1476 1720 1527 1754 10,

879 1757 929 1783 ⁶24.
949 1759 1002 1790 ⁶28,
1019 1759 1072 1783 88.
1087 1758 1116 1782 ‹t
1134 1758 1186 1783 40.
1201 1759 1231 1783 ct
1244 1759 1326 1795 seqq.

857 1813 900 1819 -—
917 1798 953 1827 de
976 1807 1049 1836 pace
1065 1798 1206 1827 facienda
1228 1799 1403 1835 consultus,
1431 1805 1462 1836 6,
1477 1805 1529 1832 26.

878 1845 932 1875 30,
950 1845 1041 1870 ‘matt
1053 1846 1104 1870 43.
1122 1846 1175 1874 33,
1194 1845 1245 1871 24.
1260 1847 1313 1877 37,
1328 1847 1379 1872 55.
1402 1849 1456 1879 38,
1476 1851 1525 1876 10.

858 1899 901 1907 -
915 1885 1055 1913 decernit
1080 1884 1285 1923 triumphum,
1310 1891 1341 1919 3,
1359 1889 1410 1917 26.
1427 1892 1481 1925 28,
1498 1894 1530 1919 9.

880 1931 986 1967 negat,
1017 1932 1068 1964 10,
1093 1931 1145 1957 36.
1176 1933 1205 1956 et
1231 1933 1284 1959 37.
1313 1932 1365 1961 26,
1387 1935 1437 1959 21.
1462 1933 1530 1961 sine

880 1971 1066 2000 auctoritate
1088 1975 1215 2000 senatus
1237 1973 1480 2013 triumphatum,
1496 1981 1529 2012 3,

882 2017 932 2043 63.
953 2018 1003 2050 10,
1021 2019 1073 2045 37.

859 2073 902 2079 --
919 2058 1058 2094 quaedam
1084 2058 1209 2095 negotia
1225 2068 1243 2087 a
1268 2067 1300 2087 se
1323 2060 1361 2089 ad
1379 2061 1530 2101 populum

882 2100 995 2137 rejicit,
1013 2105 1043 2137 2,
1061 2101 1111 2130 27.
1126 2105 1159 2137 7,
1174 2105 1226 2131 20.
1244 2106 1295 2135 27,
1315 2107 1342 2131 8.

860 2160 901 2165 -ψ
918 2143 1026 2178 legatis
1062 2145 1247 2181 populorum
1279 2155 1448 2185 regumque
1479 2150 1532 2178 dat

881 2196 1038 2225 respousa,
1056 2190 1087 2223 6,
1101 2189 1150 2215 26.
1169 2192 1200 2224 7,
1218 2191 1267 2216 20.
1285 2193 1339 2226 30,
1356 2195 1402 2220 17.

862 2248 904 2254 -
920 2230 1019 2258 mittit
1044 2228 1175 2266 legatos,
1200 2235 1230 2265 2,
1258 2236 1305 2261 15.
1329 2238 1384 2270 30,
1401 2237 1451 2264 26.
1476 2240 1530 2272 42,

889 2277 937 2303 19.
952 2276 979 2301 et
996 2273 1076 2302 alibi
1083 2275 1211 2311 passim.

842 2316 975 2345 Senatus
992 2316 1151 2345 Romanus
1166 2321 1326 2355 tamquam
1344 2329 1449 2358 regum
1464 2331 1539 2350 con.

886 2368 999 2394 sessus,
1016 2364 1049 2395 9,
1067 2364 1114 2391 17.

842 2403 975 2431 Senatus
988 2403 1145 2441 princeps,
1157 2406 1211 2438 27,
1230 2407 1280 2432 11.

845 2447 977 2475 Senatus
994 2446 1120 2474 habitus
1137 2446 1168 2474 in
1187 2447 1356 2484 Capitolio,
1385 2453 1417 2484 3,
1435 2453 1483 2477 21.
1503 2455 1534 2486 8,

889 2492 1127 2525 5.9.4,10.26‚
1151 2494 1174 2516 1.
1191 2493 1244 2525 98,
1262 2495 1312 2519 38.
1326 2495 1380 2527 32,
1398 2496 1425 2519 s.

865 2532 955 2561 -in
978 2533 1042 2561 aede
1063 2533 1217 2566 Bellonae,
1242 2538 1298 2570 30,
1324 2538 1359 2562 21
1402 2539 1455 2568 31,
1479 2538 1532 2565 47.

887 2580 943 2611 41,
971 2579 1021 2604 10.

866 2619 955 2647 -in
981 2619 1045 2647 aede
1072 2618 1241 2657 Apollinis,
1271 2623 1326 2655 34,
1352 2623 1404 2648 43.
1426 2623 1481 2656 39,
1506 2624 1537 2650 4.

891 2666 944 2695 42,
959 2666 1011 2691 21.

848 2704 1162 2735 Senatusconsultum
1191 2704 1323 2739 factum,
1353 2707 1388 2732 ut
1428 2714 1535 2735 omnes

892 2749 1000 2777 Volsci
1016 2749 1124 2777 urbem
1140 2747 1334 2782 excederent,
1352 2751 1384 2782 2,
1399 2751 1452 2777 37.

871 2808 913 2814 —
929 2794 966 2819 ut
977 2791 1117 2829 pontifex
1126 2789 1278 2819 maximus
1286 2789 1430 2820 tribunos
1438 2791 1535 2830 plebis

892 2838 1018 2868 crearet,
1030 2838 1063 2870 3,
1079 2836 1131 2863 54.
