1831 3194
474 125 598 163 LIB.
631 123 774 161 XLIV.
821 122 898 160 CA
918 123 956 160 P.
988 122 1135 159 XLVI.
1467 119 1537 163 167

118 239 208 273 toto
240 234 423 275 exercitu
457 233 525 274 dic
557 233 688 274 altero
722 231 879 273 Pellam
911 231 1124 288 pervenit:
1171 238 1227 279 et,
1249 244 1381 284 quum
1404 237 1538 269 castra
1553 237 1727 270 U.C.584.

118 290 230 331 mille
263 306 407 347 passus
438 290 535 331 inde
567 290 788 346 posuisset,
809 304 884 345 per
914 289 1075 344 aliquot
1096 286 1184 327 dics
1204 287 1262 327 ibi
1296 284 1448 326 stativa
1467 285 1537 325 ha-
1550 281 1589 311 A.
1603 280 1642 311 C·
1657 280 1727 310 ¹⁶⁸·

118 346 227 397 buit,
250 349 376 389 situm
398 347 514 388 urbis
535 347 723 402 undique
745 346 1001 401 adspiciens3
1035 358 1162 399 quam
1185 358 1265 383 non
1288 343 1374 382 sine
1394 357 1539 383 caussa

117 402 319 445 delectam
340 420 425 445 esse
446 404 600 458 regiam
630 403 822 444 advertit.
886 403 975 444 Sita
994 410 1056 442 est
1077 401 1118 441 in
1141 400 1320 448 tumulo,
1343 407 1539 453 vergente

118 460 159 499 in
200 461 454 502 occidentem
495 461 730 501 hibernum.
770 460 945 515 cingunt
980 458 1155 514 paludes
1194 455 1540 512 inexsuperabilis

119 516 354 558 altitudinis
387 526 530 559 aestate
552 526 592 558 ct
614 518 762 566 hieme,
786 532 891 572 quas
924 523 1208 569 restagnantes
1228 513 1388 554 faciunt
1410 512 1538 553 lacus.

124 574 172 613 In
195 574 284 630 ipsa
303 575 472 630 palude,
494 591 580 630 qua
604 575 796 637 proxima
817 573 910 614 urbi
932 581 1008 621 cst,
1030 571 1185 612 “velut
1207 570 1343 611 insula
1369 570 1537 619 eminet,

120 632 262 685 aggeri
298 633 434 687 operis
464 633 642 686 ingentis
675 631 878 686 inposita:
912 629 1025 684 48qui
1047 637 1088 669 et
1121 643 1287 668 murum
1321 627 1538 676 sustineat,

120 695 161 728 ct
183 688 357 729 humore
389 690 653 729 circuinfusze
686 688 852 744 paludis
873 686 975 727 nihil
1008 686 1199 726 laedatur.
1262 685 1392 725 Muro
1427 683 1541 724 urbis

118 745 342 801 conjuncta
372 746 519 802 procul
554 746 734 787 videtur.
768 744 902 785 divisa
935 751 996 784 est
1016 741 1316 783 ‘¹9interniurali
1352 741 1478 791 amni,
1500 748 1542 781 et

119 801 263 842 eadem
285 812 412 858 ponte
438 803 609 859 juncta:
660 811 705 844 ut
726 816 815 851 nec,
837 801 1109 856 obpugnante
1130 807 1316 847 externo,
1336 797 1541 838 ⁵⁰adituni

120 858 173 898 ab
196 859 282 900 ulla
313 868 431 915 parte
464 860 641 907 habeat3
686 875 775 908 nec,
798 859 831 899 si
853 873 979 913 quem
1000 857 1057 897 ibi
1081 872 1153 897 rex
1181 855 1384 903 includat,
1407 854 1541 895 ullum

122 915 199 955 nisi
231 932 305 972 per
334 917 544 958 facillimae
586 916 787 957 custodiae
828 922 999 970 pontem
1042 913 1257 967 effugium.
1339 913 1398 953 Et
1438 927 1545 967 gaza

122 973 238 1027 regia
266 973 307 1013 in
339 990 386 1014 eo
417 974 506 1014 loco
537 983 648 1014 erat:
694 973 764 1014 sed
797 981 888 1013 tum
917 971 1022 1011 nihil
1052 968 1205 1026 praeter
1225 969 1450 1010 ⁵¹trcccnta
1485 977 1545 1009 tae

123 1029 248 1079 lenta,
280 1047 376 1086 quae
417 1031 542 1071 missa
573 1030 727 1071 Gentio
756 1029 860 1083 regi,
891 1028 1041 1068 deinde
1082 1034 1244 1067 retenta
1272 1028 1454 1076 fuerant,
1485 1026 1546 1066 in-

124 1095 295 1127 ventum
342 1096 416 1128 est.
493 1089 574 1127 Per
609 1102 715 1142 quos
755 1086 842 1126 dies
882 1085 936 1125 ad
978 1084 1137 1125 Pellam
1170 1084 1323 1124 stativa
1356 1083 1545 1135 fuerunt,

124 1142 350 1198 legationes
391 1144 645 1199 frequentes,
682 1159 780 1199 quae
819 1142 874 1182 ad
913 1140 1213 1197 gratulandum
1253 1147 1546 1193 convenerant,

124 1200 303 1241 maxime
324 1216 374 1241 ex
399 1200 631 1251 Thessalia,
653 1200 810 1241 auditae
832 1207 941 1240 sunt.
1003 1198 1170 1238 Nuncio
1191 1197 1340 1237 deinde
1361 1204 1546 1252 accepto,

126 1258 278 1298 Persea
319 1258 629 1299 Samothracam
671 1257 894 1313 trajecisse,
925 1255 1138 1312 profectus
1180 1270 1205 1294 a
1246 1253 1364 1294 Pella
1403 1257 1548 1297 consul

125 1315 288 1369 quartis
320 1316 465 1356 castris
487 1314 778 1371 Amphipolim
811 1313 1013 1370 pervenit.
1075 1312 1225 1352 Effusa
1251 1310 1383 1351 omnis
1403 1310 1547 1351 obviak
1561 1313 1687 1361 Deinde

127 1371 253 1412 turba
273 1372 405 1413 cuivis
425 1372 580 1414 indicio
601 1380 704 1422 erat,
720 1371 844 1412 ⁵²non
863 1371 975 1411 bono
995 1385 1042 1410 ac
1057 1369 1176 1425 justo
1196 1384 1293 1423 rege
1314 1366 1430 1408 orba¹
1560 1357 1732 1401 Amplupo-

1560 1401 1626 1432 lim,

626 1451 651 1475 ÷l÷
824 1450 848 1475 ÷l÷
1022 1449 1046 1472 ἦέ

555 1515 573 1540 k
588 1517 697 1546 obvium
713 1515 801 1546 Crev.

173 1615 213 1645 47
242 1614 325 1643 Velut
348 1613 444 1642 insula
465 1612 585 1652 eminet]
614 1611 725 1642 Inserit
738 1611 816 1642 Gro-

132 1658 238 1688 novius
253 1667 357 1687 vocem
380 1667 433 1685 <uxr
447 1655 504 1685 hoc
526 1654 635 1684 modo:
667 1655 747 1684 velut
770 1656 816 1684 z‘n-

130 1702 195 1731 sula
219 1702 322 1730 eminet
350 1698 438 1741 (ari)
467 1700 569 1739 aggeri,
596 1699 686 1737 operis
714 1699 816 1738 ingen-

129 1745 166 1774 tis
192 1745 332 1782 imposita.
388 1741 493 1782 Atque
519 1741 576 1771 hoc
601 1740 727 1781 quidem
753 1740 817 1770 cla—

129 1787 193 1817 rius
215 1792 271 1816 est.
293 1785 471 1816 dubitamus
492 1790 607 1818 tamen,
633 1794 672 1814 an
696 1782 740 1813 ita
763 1782 818 1813 de-

131 1829 211 1860 den't
248 1828 365 1859 Livius.
418 1828 522 1857 Insula
556 1826 738 1867 intelligitur
772 1825 818 1855 in-

130 1873 252 1903 terdum
284 1882 393 1913 corpus
428 1869 586 1911 quoddam
623 1868 821 1899 :edificiorum

133 1915 212 1945 inter
238 1926 270 1946 se
293 1913 522 1948 cohaerentium,
547 1924 565 1943 a
592 1911 716 1953 reliquis
745 1911 820 1941 aedi-

133 1958 209 1989 ficiis
224 1958 357 1989 divisum
372 1967 426 1999 per
447 1956 528 1987 vicos
550 1955 661 1996 quibus
683 1954 821 1996 undique

133 2001 276 2042 cingitur.
321 1998 439 2037 Quidni
462 1999 554 2040 igitur
568 1999 625 2029 hoc
646 1998 707 2029 fere
731 2008 822 2028 sensu

136 2050 236 2075 noster
273 2044 323 2074 hic
361 2044 485 2073 insulam
521 2042 696 2084 sumpserit,
726 2052 841 2082 quum-

135 2087 305 2129 praesertim
325 2086 434 2117 doceat
456 2096 488 2116 se
513 2084 552 2116 de
575 2084 704 2115 aedifieio
726 2083 820 2124 loqui,

135 2141 197 2161 non
211 2131 250 2162 de
272 2129 356 2161 nudo
378 2128 452 2163 solo,
469 2128 543 2158 dum
564 2127 671 2169 adjicit
691 2127 824 2158 insulam

136 2173 242 2214 aggeri
267 2172 440 2215 impositam
462 2172 564 2202 esset'!
609 2170 736 2202 Judicet
762 2170 823 2201 lec-

135 2222 191 2247 tor.

190 2259 231 2289 48
267 2257 328 2292 Qui
362 2264 389 2288 et
425 2268 540 2287 murum
569 2257 725 2297 sustineat]
765 2255 825 2290 Qui

136 2313 232 2344 agger
254 2307 281 2331 et
305 2312 424 2331 murum
449 2300 537 2334 arcis,
564 2299 627 2330 sive
653 2299 761 2329 insulae
788 2309 824 2329 eo

138 2345 229 2376 modo
255 2349 385 2385 sumptae
416 2354 478 2385 quo
508 2342 714 2384 exposuimus,
738 2343 824 2371 susti-

138 2395 216 2424 neat,
255 2393 283 2417 et
324 2388 442 2417 humore
480 2384 664 2427 circurnfusoe
709 2385 826 2425 paludis

137 2432 212 2462 nihil
236 2431 372 2461 halatur.
416 2430 562 2460 Ceterum
586 2439 646 2459 non
669 2427 758 2459 facile
779 2427 824 2458 in-

903 1512 913 1536 l
927 1515 959 1545 ob
974 1525 1009 1544 *ra
1025 1514 1123 1545 Gron.

860 1609 1037 1651 affligimus,
1061 1608 1114 1649 qui
1144 1608 1245 1639 minus
1271 1618 1365 1649 agger
1387 1607 1551 1638 laederetur

861 1654 900 1683 ab
922 1664 1015 1694 aqua,
1031 1663 1127 1694 quam
1150 1663 1243 1682 saxea
1265 1663 1420 1682 murorum
1441 1650 1550 1681 moles.

861 1696 1027 1727 Videretur
1049 1696 1150 1737 potius
1173 1694 1338 1725 dicendum
1362 1704 1472 1735 aggere
1496 1692 1550 1722 illo

861 1744 892 1769 et
914 1739 1055 1769 sustineri
1078 1749 1210 1771 murum,
1228 1743 1259 1768 et
1282 1737 1407 1768 defendi
1432 1747 1469 1767 ne
1492 1735 1549 1766 hu-

862 1792 945 1813 more
959 1781 1152 1813 circumfusae
1175 1780 1299 1823 paludis
1313 1781 1454 1811 laedatur.
1499 1778 1552 1809 Ad

863 1835 934 1855 eum
962 1835 1086 1856 sensum
1123 1830 1299 1866 optaremus
1327 1829 1362 1854 ut
1389 1822 1479 1854 facile
1507 1832 1553 1853 re·

863 1867 937 1909 fingi
952 1874 1077 1910 possent
1096 1867 1175 1897 Livii
1192 1867 1297 1898 verba.

907 1912 957 1954 49ἱ
973 1911 1182 1950 Inter-murali]
1208 1911 1277 1941 Vox
1296 1909 1466 1941 rarissima:
1500 1918 1553 1938 cu-

860 1954 912 1996 jus
934 1965 1041 1985 sensus
1065 1964 1130 1984 esse
1154 1953 1286 1987 videtur,
1301 1953 1379 1984 inter
1399 1950 1555 1993 duplicem

865 2008 988 2028 murum
1016 1998 1141 2032 fluente,
1169 2007 1291 2027 murum
1317 1996 1402 2027 urbis
1430 2000 1462 2026 et
1485 2005 1553 2024 mu-

865 2051 932 2071 rum
949 2040 1037 2071 arcis.

909 2085 950 2114 50
965 2084 1119 2114 *Aditum
1143 2105 1152 2114 .
1176 2105 1184 2113 .
1209 2105 1217 2114 .
1241 2082 1357 2122 habeat]
1375 2079 1484 2112 Ullum
1499 2077 1555 2109 ha-

866 2126 940 2157 beat
954 2126 1056 2157 locum
1071 2136 1125 2167 per
1139 2136 1230 2167 quem
1245 2124 1323 2156 adiri
1337 2123 1443 2166 possit.

866 2170 1117 2242 285ἷὲ5Τι-εοεηεα
1138 2169 1263 2210 talenta]
1288 2169 1415 2199 Mai-cas
1438 2163 1557 2205 argenti

910 2256 952 2286 52
988 2254 1055 2284 Non
1086 2256 1154 2284 bono
1175 2265 1209 2283 (tc
1230 2255 1314 2292 justo
1335 2263 1402 2293 rege
1431 2249 1554 2289 orbatos]

869 2298 993 2329 Lacerae
1015 2297 1107 2338 hujus
1129 2296 1188 2326 loci
1212 2295 1350 2336 reliquiae
1372 2294 1506 2326 offerunt
1525 2294 1558 2322 ol>

867 2352 913 2371 ra.
972 2340 1051 2371 Inde
1088 2350 1142 2381 per
1178 2339 1390 2380 trajectionem
1426 2337 1556 2368 duarum

868 2384 1041 2415 litterarum
1057 2382 1215 2414 effecimus
1228 2383 1362 2412 orba-tos.

873 2928 955 2964 ³14
