1805 3174
559 82 1021 131 PRAEFATIO.
1392 87 1512 134 xxxi

129 225 313 271 Verum
351 224 599 271 enimvero
636 223 865 287 pertinax
899 223 1022 272 illud
1060 223 1288 284 ejusdem
1317 226 1380 271 de
1414 242 1517 274 mu-

63 300 217 348 tuatis
234 319 262 347 a
286 300 497 363 Polybio
516 300 692 363 opibus
710 300 978 356 silentium,
998 316 1099 348 non
1118 299 1342 347 videmus
1363 319 1515 364 quam

64 380 437 426 excusationem
475 379 655 426 habere
692 380 864 442 possit.
938 379 1110 442 Atque
1145 387 1197 425 ut
1222 378 1269 425 id
1311 379 1520 440 planum

64 457 321 512 faciamus,
349 458 598 518 fingamus
623 472 724 502 non
755 456 1024 504 maximam
1052 455 1341 518 Polybianae
1368 454 1523 502 histo-

63 533 146 580 riae
174 540 381 597 partem,
408 533 497 579 sed
535 539 692 580 totam
720 549 846 588 eam,
876 540 1066 596 quanta
1100 539 1293 596 quanta
1319 532 1424 589 fuit,
1450 533 1521 580 in-

65 611 337 659 tercidisse.
422 610 516 659 Cui
558 618 781 659 nostrum
824 611 949 658 Livii
990 610 1180 674 scripta
1217 611 1526 674 pervolventi

66 689 252 736 veniret
287 689 337 736 in
380 695 593 737 mentem
637 689 893 753 suspicari,
930 706 1043 737 eum
1081 696 1156 737 tot
1193 707 1251 737 ac
1290 696 1430 737 tanta
1463 707 1527 738 ex

68 766 284 829 Polybio
304 766 355 814 in
381 785 520 815 suam
542 785 642 815 rem
663 769 884 824 vertisse,
908 785 999 816 nec
1025 768 1125 815 fere
1145 768 1422 832 quidquam
1443 767 1529 814 ali-

69 844 210 904 cujus
237 846 478 892 momenti
514 845 563 892 in
588 846 720 894 bello
758 846 1081 903 Annibalico,
1111 864 1168 894 ac
1202 846 1451 910 praecipue
1476 847 1529 895 in

68 921 210 969 bellis
225 923 462 970 adversus
480 940 620 985 reges
642 923 945 987 Philippum,
966 922 1296 979 Antiochum,
1321 923 1528 985 Persen,

68 1001 266 1056 habere,
292 1002 431 1064 quod
457 1018 559 1048 non
584 1000 703 1048 inde
730 1001 963 1048 haustum
990 1001 1082 1048 sit?
1121 1001 1219 1049 Per
1243 1000 1381 1048 illum
1409 1018 1528 1063 ergo

68 1095 171 1126 non
208 1079 360 1138 stetit,
389 1079 657 1143 quominus
695 1079 897 1142 Polybii
933 1079 984 1126 in
1020 1095 1132 1126 eum
1170 1079 1344 1126 merita
1376 1079 1531 1142 longa

68 1164 218 1205 nocte
255 1164 571 1219 urgerentur:
613 1164 761 1220 atque
798 1157 944 1215 ade0,
965 1155 1158 1203 etiamsi
1196 1157 1330 1203 fraus
1367 1156 1532 1204 abfue-

72 1235 149 1291 rit,
176 1252 270 1282 nec
301 1251 361 1282 eo
399 1233 613 1282 consilio
651 1232 862 1280 tacuerit
899 1232 1067 1281 Livius
1106 1239 1159 1279 ut
1194 1249 1304 1280 sese
1340 1233 1530 1281 furtivis

71 1313 322 1361 coloribus
349 1320 562 1373 ornaret,
585 1312 781 1360 videtur
804 1320 975 1359 tamen
999 1327 1101 1358 non
1125 1311 1245 1358 satis
1266 1311 1455 1358 liberali
1481 1311 1532 1358 in

76 1391 347 1453 Polybium
374 1390 539 1438 animo
566 1390 733 1451 fuisse,
758 1407 849 1437 nec
875 1390 1252 1452 obtemperasse
1280 1389 1348 1436 illi
1379 1405 1532 1452 quam

76 1486 251 1517 omnes
276 1470 395 1517 boni
420 1469 469 1517 in
496 1469 732 1517 cordibus
754 1469 1054 1532 insculptam
1072 1475 1249 1530 gerunt
1272 1467 1535 1514 beneficio-

75 1563 185 1596 rum
220 1546 332 1610 legi,
359 1555 412 1595 ut
449 1547 533 1611 qui
560 1547 854 1596 beneficium
894 1546 1108 1610 accepit,
1133 1546 1300 1609 palam
1329 1545 1449 1593 illud
1486 1552 1534 1592 et

75 1624 261 1689 ubique
285 1625 540 1687 praedicet,
568 1634 618 1673 ct
649 1624 699 1672 in
724 1625 830 1686 ejus
867 1623 1094 1671 notitiam
1123 1623 1290 1686 cupiat
1314 1622 1533 1669 omnium

76 1703 378 1759 mortalium,
405 1703 445 1750 si
470 1703 573 1751 fieri
598 1703 774 1767 possit,
797 1711 846 1750 et
871 1703 1015 1750 detur
1039 1700 1259 1758 occasio,
1279 1700 1538 1748 conscien-

78 1780 198 1827 tiam
225 1781 493 1828 advocare.
1299 1776 1301 1778 ’

147 1859 310 1906 Erunt
352 1866 518 1906 tamen
559 1859 766 1906 fortasse
813 1857 894 1921 qui
936 1857 1101 1920 potius
1141 1873 1291 1920 quam
1341 1856 1534 1903 Livium

82 1937 321 1985 damnare
355 1937 451 1984 hoc
486 1935 685 1983 nomine
722 1935 1015 1990 sustineant,
1064 1933 1237 1982 malint
1279 1933 1536 1996 suspicari,

81 2031 211 2072 eum,
238 2014 321 2062 ubi
348 2013 559 2077 primum
585 2012 799 2074 Polybio
834 2012 907 2059 uti
931 2012 1062 2059 duce
1094 2018 1340 2074 potuerat,
1364 2011 1414 2058 id
1442 2016 1536 2065 est,

82 2092 218 2141 circa
241 2100 465 2154 tempora
500 2089 642 2154 primi
679 2089 861 2137 Punici
894 2089 1029 2146 belli,
1054 2106 1164 2152 quae
1196 2106 1308 2153 pars
1347 2088 1538 2136 Liviani

85 2169 247 2233 operis
284 2168 550 2226 intercidit,
575 2168 903 2217 testificatum·
925 2167 1091 2226 fuisse,
1118 2185 1171 2215 se
1208 2167 1365 2215 multa
1402 2166 1542 2215 dein-

85 2265 205 2312 ceps
231 2247 294 2295 ab
318 2264 378 2295 eo
411 2254 765 2301 mutuaturum,
791 2252 840 2293 et
864 2262 926 2293 ex
950 2245 1035 2292 illo
1073 2244 1386 2308 potissimum
1425 2260 1543 2291 auc-

86 2332 196 2373 tore
220 2325 628 2388 deprompturum
660 2340 719 2371 ea
741 2340 853 2388 quae
876 2322 926 2370 in
961 2331 1101 2386 parte
1125 2339 1226 2370 non
1251 2321 1542 2386 poenitenda

87 2402 287 2466 reliquae
305 2402 411 2463 jam
438 2401 654 2448 historiae
678 2407 1030 2463 persecuturus
1055 2406 1175 2448 erat.

157 2480 258 2528 Sed
280 2480 599 2528 observemus
622 2478 799 2542 primo,
819 2477 1097 2539 Polybium
1116 2477 1231 2524 belli
1252 2477 1430 2524 Punici
1450 2476 1544 2540 pri-

88 2557 171 2614 mi,
197 2565 244 2603 et
267 2573 435 2605 eorum
470 2574 580 2620 quae
616 2555 802 2602 bellum
837 2554 1195 2602 Annibalicum
1230 2569 1538 2617 praecessere,

88 2653 192 2684 non
210 2636 400 2696 justam
425 2633 696 2693 historiam,
717 2633 807 2680 sed
829 2631 1123 2680 breviarium
1141 2631 1401 2696 quoddam
1422 2645 1540 2676 con-

90 2712 324 2761 texuisse.
394 2711 549 2759 Unde
572 2709 748 2761 merito
784 2708 1035 2772 colligitur
1070 2725 1181 2756 eam
1205 2724 1318 2770 quae
1344 2723 1375 2752 a
1399 2704 1541 2752 Livio

92 2792 336 2855 adornata
359 2790 518 2837 fuerat
538 2789 736 2837 illorum
761 2795 1040 2851 temporum
1064 2785 1411 2840 narrationem,
1442 2783 1538 2831 Po-
