1831 3194
506 98 626 136 LIB.
656 97 789 136 XLII.
836 97 963 134 CAP.
995 98 1102 133 LXI.
1455 103 1501 140 87

86 207 172 257 aeti,
207 217 302 250 ante
337 208 437 249 alios
475 210 690 250 Thracum
731 206 909 247 insolens
950 205 1098 247 laetitia
1132 205 1361 246 eminebat:
1405 216 1691 248 cunnum-581.

85 272 208 306 cantu
242 266 347 306 enim
372 265 626 323 ”superfixa
655 264 792 327 capita
820 264 1001 304 hostium
1035 270 1246 318 portantes
1275 258 1690 305 redieruut.‘'l-‘3¹7¹-

87 322 218 377 Apud
244 324 452 363 Romanos
477 338 556 364 non
579 320 777 362 moestitia
807 328 970 361 tantum
993 334 1043 360 ex
1075 319 1180 360 male
1210 327 1327 374 gesta
1347 335 1405 369 re,
1428 321 1498 361 sed

86 393 215 432 pavor
250 379 372 420 etiam
404 388 507 429 erat,
530 395 580 420 ne
611 377 821 433 extemplo
853 386 987 418 eastra
1022 376 1151 417 hostis
1186 376 1497 431 adgrederetur.

87 437 296 476 Eumenes
327 436 514 487 suadere,
537 444 585 477 ut
617 443 730 476 trans
762 436 946 474 Peneum
983 433 1223 475 transferret
1256 442 1418 480 castr33
1453 442 1499 475 ut
1515 444 1686 474 cosumus

85 506 161 546 pro
191 492 448 533 munimento
479 507 639 534 amnem
675 491 862 540 haberet,
891 490 992 531 dum
1025 490 1203 545 perculsi
1236 489 1386 531 milites
1416 488 1651 546 ani-Peneum

85 563 173 588 mos
211 549 462 604 colligerent.
524 548 682 591 Consul
722 547 877 588 moveri
918 547 1076 602 flagitio
1116 546 1275 587 timoris
1315 536 1667 603 fatendi:{⁷s³a⁵r¹12‘}fffl.t¹

85 604 220 645 victus
250 613 387 646 tamen
420 607 591 657 ratione,
615 605 777 647 silentio
807 604 938 645 noetis
968 603 1220 645 transductis
1250 604 1392 659 copiis,
1415 620 1499 644 cas-

85 669 150 701 tra
170 661 211 701 in
232 662 428 703 ulteriore
458 663 549 720 ripa
578 661 818 704 communit.
881 661 989 711 Rex,
1013 669 1178 716 postero
1198 660 1264 701 die
1292 660 1345 701 ad
1377 660 1500 702 laces-

85 718 233 759 sendos
260 719 407 774 proelio
431 720 569 762 hostes
599 734 857 776 progressus9
879 727 1098 774 postquam
1131 726 1244 758 trans
1274 732 1435 758 amnem
1458 718 1497 759 in

84 782 178 815 tuto
198 777 334 831 posita
353 785 487 818 eastra
507 775 815 825 animadvertit,
837 775 1048 816 fatebatur
1070 773 1238 829 quidem
1266 783 1498 830 peceatum,

84 832 198 885 quod
238 832 372 888 pridie
413 849 494 874 non
531 833 745 875 institisset
781 832 925 879 victis3
964 831 1035 872 sed
1067 831 1280 886 aliquanto
1301 832 1498 887 majorem

84 888 248 944 culpam
278 905 378 940 esse,
401 890 514 945 quod
547 898 666 932 nocte
699 890 805 930 foret
834 897 1050 930 cessatum.
1083 903 1192 937 nam,
1216 896 1262 928 ut
1295 888 1498 929 neminem

85 945 212 985 alium
236 961 405 987 suorum
427 956 627 997 moveret,
649 946 729 987 levi
757 953 969 986 armatura
998 945 1178 994 inmissa,
1201 944 1500 1000 trepidantium

85 1002 127 1042 in
159 1003 335 1044 transitu
370 1003 552 1045 fluminis
587 1003 768 1044 hostium
800 1002 926 1043 deleri
960 1017 1111 1056 magna
1130 1017 1181 1042 ex
1215 1010 1332 1057 parte
1363 1002 1502 1057 copias

85 1059 281 1113 potuisse.
344 1061 543 1101 Romanis
574 1060 742 1115 quidem
772 1073 955 1115 praesens
984 1074 1114 1114 pavor
1144 1058 1309 1098 demtus
1335 1067 1437 1108 erat,
1460 1059 1500 1099 in

86 1123 180 1156 tuto
208 1125 343 1158 castra
371 1117 646 1158 habentibus:
679 1116 878 1157 damnum
908 1115 1017 1156 inter
1047 1123 1183 1156 cetera
1211 1114 1422 1170 praecipue
1443 1116 1503 1156 fa-

85 1187 165 1212 mae
196 1174 400 1215 movebat.
433 1182 474 1215 et
504 1174 545 1214 in
567 1173 736 1215 consilio
765 1172 879 1229 apud
909 1172 1119 1213 consulem
1150 1187 1226 1227 pro
1257 1187 1298 1212 se
1326 1171 1502 1226 quisque

84 1228 126 1269 in
145 1230 309 1271 AEtolos
330 1231 597 1272 conferebant
617 1245 829 1277 caussamg
863 1230 914 1270 ab
930 1231 982 1269 iis
985 1230 1110 1283 fugoe
1125 1230 1370 1283 terrorisque
1382 1231 1501 1282 prin-

82 1287 232 1339 cipium
264 1294 406 1329 ortum.
464 1295 614 1330 secutos
639 1301 830 1341 pavorem
864 1287 1093 1327 AEtolorum
1129 1292 1166 1326 et
1198 1292 1348 1327 ceteros
1376 1287 1502 1327 socios

90 1344 322 1386 Groecorum
337 1347 591 1398 populorum.
653 1345 847 1398 Quinque
879 1343 1085 1400 principes
1106 1343 1347 1384 AEtolorum
1378 1343 1500 1399 primi

86 1409 205 1455 terga
224 1411 432 1444 vertentes
452 1402 659 1459 conspecti
690 1402 948 1443 dicebantur.
1011 1400 1202 1441 Thessali
1238 1416 1314 1456 pro
1344 1400 1502 1441 concio-

87 1473 138 1498 ne
160 1458 334 1509 laudati,
357 1460 566 1514 ducesque
587 1473 729 1500 eorum
752 1458 875 1499 etiam
897 1457 1066 1498 virtutis
1087 1472 1231 1497 caussa
1251 1457 1405 1498 donati.

145 1515 274 1556 LXI.
308 1517 380 1557 Ad
412 1532 549 1572 regem
585 1515 716 1572 spolia
745 1529 946 1555 caesorum
982 1513 1165 1554 hostium
1202 1513 1499 1555 referebantur.
1518 1522 1650 1554 Perseus

88 1571 197 1612 dona
217 1588 267 1612 ex
290 1573 367 1623 his,
390 1573 480 1614 aliis
501 1589 616 1614 arma
642 1572 832 1628 insignia,
854 1571 943 1612 aliis
973 1585 1115 1624 equos,
1138 1570 1388 1625 quibusdam
1410 1586 1504 1626 cap-
1517 1577 1587 1597 suos
1603 1566 1709 1597 ‘imm‘

87 1629 195 1669 tivos
220 1629 329 1670 dono
359 1629 497 1671 dabat.
530 1637 648 1670 scuta
677 1637 793 1670 erant
824 1643 950 1684 supra
980 1627 1091 1668 mille
1113 1627 1377 1682 quingenta&
1411 1627 1505 1668 lori-

87 1700 147 1725 cae
169 1686 440 1741 thoracesque
461 1687 493 1710 ¹²
505 1687 616 1728 mille
647 1686 825 1741 amplius
853 1699 1056 1726 summam
1087 1684 1335 1740 explebant3
1369 1684 1505 1739 galea-

88 1757 180 1783 rum
201 1742 521 1799 gladiorumque
542 1752 583 1785 et
603 1743 821 1784 missilium
837 1742 969 1783 omnis
990 1740 1151 1797 generis
1171 1741 1303 1797 major
1319 1740 1505 1796 aliquan-

89 1806 132 1840 to
152 1815 362 1842 numerus.
424 1803 546 1852 Haec,
568 1816 642 1857 per
664 1815 705 1841 se
726 1799 878 1855 ampla,
900 1798 1098 1855 pleraque
1119 1797 1396 1853 multiplicata
1416 1814 1505 1839 ver-

88 1856 152 1897 bis
167 1857 289 1912 regis‚
312 1872 407 1913 quae
428 1858 482 1899 ad
503 1857 739 1899 concionem
769 1864 917 1897 vocato
947 1855 1130 1897 exercitu
1163 1854 1324 1896 habuit.
1387 1857 1506 1897 Prce-

77 1913 305 1966 judicatum
333 1922 509 1956 eventum
536 1916 632 1955 belli
660 1915 829 1955 hahetis.
889 1913 1104 1953 Meliorem
1131 1919 1290 1965 partem
1320 1913 1504 1962 hostium,

88 1971 308 2024 equitatum
330 1973 572 2022 Romanum,
593 1986 670 2026 quo
701 1973 869 2012 invictos
889 1985 929 2011 se
949 1985 1029 2011 esse
1049 1970 1505 2023 gloriabantur,ficdis·

88 2029 154 2069 tis.
199 2030 372 2082 Equites
383 2031 488 2071 enim
509 2030 594 2070 illis
607 2030 818 2082 principes
819 2027 1059 2081 juventutis,
1077 2028 1228 2081 equites
1246 2027 1506 2067 seminarium

88 2092 248 2127 senatus
263 2105 275 2126 :
308 2088 402 2128 inde
431 2089 550 2128 lectos
570 2087 613 2127 in
637 2088 808 2127 Patrum
834 2099 1034 2125 numerum
1055 2086 1245 2134 consules,
1269 2085 1363 2124 inde
1384 2086 1505 2137 impe·

90 2149 245 2184 ratores
267 2151 420 2186 creant.
451 2145 588 2185 lzorum
617 2144 750 2197 spolia
774 2143 918 2196 paullo
947 2148 1043 2182 ante
1063 2142 1270 2182 divisimus
1300 2144 1408 2182 inter
1427 2156 1506 2183 vos.

92 2200 179 2240 Nec
207 2202 397 2243 minorem
427 2203 476 2242 de
504 2201 727 2256 legionibus
751 2201 934 2254 peditum
964 2200 1174 2240 victoriam
1204 2198 1372 2239 habetis.
1403 2213 1506 2253 quoe,

89 2258 404 2313 nocturnaficga
425 2259 534 2300 vobis
553 2259 779 2307 subtractae,
802 2257 1094 2311 nmffrngorum
1119 2257 1396 2308 trepidatione
1408 2271 1508 2309 pas-

88 2315 163 2355 sim
193 2318 422 2357 natantium
443 2317 603 2372 flumen
632 2316 936 2368 compleverunt.
994 2315 1075 2354 Sed
1090 2312 1269 2370 facilius
1303 2313 1415 2353 nohis
1447 2328 1508 2354 se-

90 2372 297 2425 quentibus
317 2375 440 2414 victos
453 2375 630 2414 Peneum
647 2387 841 2426 superare
860 2373 952 2421 erit,
971 2385 1089 2424 quam
1106 2371 1190 2411 illis
1210 2370 1509 2423 trepidantibus

71 2430 172 2483 suit
185 2451 200 2476 ;
233 2433 553 2485 transgressique
573 2431 768 2483 extemplo
787 2435 922 2469 castra
939 2427 1264 2481 obpugnobimus,
1283 2441 1372 2480 quoe
1391 2428 1510 2467 hodie

87 2487 331 2540 cepissemus,
354 2489 627 2543 nificgissent.
659 2489 753 2536 Aut,
775 2487 812 2527 si
831 2486 919 2526 acie
939 2486 1149 2526 decernere
1169 2486 1314 2533 volent,
1337 2486 1510 2525 eumdem

656 2598 671 2615 θ
686 2597 832 2637 quingena
849 2594 946 2626 Gron.

142 2689 175 2719 11
204 2690 353 2731 Svpertiza
382 2692 493 2731 capita]
535 2691 667 2721 Videtur
696 2690 779 2720 exci-
823 2689 929 2731 reponi
964 2690 1123 2718 millemlm.
1171 2687 1297 2730 Optime
1329 2686 1409 2717 enim
1442 2697 1510 2727 pro-

94 2731 177 2761 disse
218 2733 314 2769 bastis,
353 2740 406 2764 aut
443 2734 528 2765 aliud
568 2734 622 2764 teli
659 2743 783 2764 nomen.
825 2732 935 2763 cedere
973 2731 1094 2762 videtur
1131 2731 1199 2761 haec
1236 2731 1349 2761 oratio:
1394 2729 1512 2759 Loricae

99 2774 314 2806 (isoxovws.
824 2776 1027 2815 thoracesque
1058 2774 1223 2815 explebant
1253 2782 1404 2801 summam
1434 2773 1512 2802 mille

142 2818 180 2846 12
206 2817 291 2847 Mille
333 2819 456 2857 amplius
500 2819 654 2860 summam]
710 2819 782 2849 Nun
826 2818 985 2848 thoxacum
1002 2817 1240 2856 loricarumque,
1258 2820 1288 2845 et
1304 2813 1445 2856 amplius.

96 2858 310 2901 intelligimus,
350 2872 401 2891 cur
440 2862 614 2893 Gronovius
655 2861 785 2892 voluerit

901 2908 973 2941 <34
