1831 3194
498 118 615 154 Llss.
651 115 777 153 XLII.
827 115 894 151 CA
910 114 947 150 1³.
979 114 1064 151 XV.
1443 120 1490 158 47

133 225 257 266 XIV.
293 227 398 268 Haec
428 227 560 266 oratio
591 225 719 265 movit
753 225 898 265 Patres
927 222 1193 278 conscriptos.
1231 231 1413 263 ceterum
1452 224 1682 265 i11U.(J.580.

73 284 293 337 praesentia
333 283 447 331 nihil,
485 291 765 338 praeterquam
802 281 928 321 fuisse
969 281 1008 320 in
1045 280 1160 320 curia
1201 295 1355 333 regem,
1392 277 1594 348 sciresszfl·
1612 279 1681 325 1¹72.

72 339 294 394 quisquam
326 339 486 395 potuit:
525 356 573 380 eo
604 338 766 379 silentio
796 338 936 378 clausa
965 337 1080 378 curia
1109 345 1208 377 erat.
1241 336 1351 377 bello
1380 321 1695 393 dt=1ii-ti{‚¹¹({ift¹llj]¹¹¹‘

73 411 155 450 que
186 397 382 452 perfecto,
414 411 596 451 quaeque
626 396 738 436 dicta
767 395 820 435 ab
851 410 961 449 rege,
993 409 1174 449 quaeque
1211 408 1405 449 responsa
1434 409 1492 433 cs-
1504 406 1600 437 curia.

73 461 178 503 sent,
210 468 459 493 emanavere.
523 453 661 493 Persei
699 451 849 492 deinde
884 451 992 506 regis
1030 450 1174 506 legatis
1210 458 1305 506 post
1340 459 1704 506 paucoslaefgutil’er-

73 509 160 550 dies
181 519 346 551 senatus
367 510 492 550 datus
512 518 585 551 est.
649 510 861 556 Ceterum,
883 507 1186 564 praeoccupatis
1210 523 1291 547 non
1322 507 1495 548 auribus
1506 513 1561 532 ³⁸¹·

73 566 217 621 inagis,
241 582 366 622 quani
397 566 558 615 animis,
581 567 633 607 ab
655 567 845 606 Eumene
876 581 987 619 rege,
1009 564 1142 604 omnis
1172 572 1213 605 et
1244 564 1428 605 defensio
1453 574 1494 605 et

71 623 307 677 deprecatio
348 623 579 679 legatorum
622 623 920 679 respuebatur:
965 630 1006 662 et
1043 621 1303 677 exasperavit
1337 621 1495 662 animos

70 677 102 703 ⁴⁸
115 679 268 721 ferocia
302 680 426 721 animi
460 680 652 736 Harpali,
685 679 756 735 qui
793 679 985 735 princeps
1020 678 1237 734 legationis
1272 686 1372 719 erat.
1437 679 1494 728 Is,

68 736 167 777 velle
183 738 337 791 quidem
358 744 394 778 et
416 737 611 789 laborare,
632 737 755 785 dixit,
776 751 925 790 regem,
947 743 990 776 ut
1014 736 1226 790 purganti,
1247 749 1290 776 se
1308 735 1407 776 nihil
1427 736 1495 776 Ιιο-

66 793 154 834 stile
175 794 322 835 dixisse
343 802 410 836 aut
429 793 591 846 fecisse,
601 794 711 846 fides
730 794 950 835 habeatur.-
983 800 1163 843 ceterum,
1187 794 1223 833 si
1252 793 1497 846 pervicacius

66 865 249 892 caussam
270 852 360 893 belli
389 853 514 907 qaaeri
538 853 683 901 videat,
695 849 800 903 forti
823 851 960 892 animo
989 849 1239 903 defensurum
1259 864 1311 891 se.
1374 851 1495 891 Mar-

68 914 146 948 tem
168 923 411 950 communem
435 924 530 960 esse,
554 916 594 951 et
614 915 796 951 eventum
815 910 1008 949 incertum
1039 908 1143 948 belli.
1205 907 1410 949 Omnibus
1440 909 1494 949 ci-

69 965 269 1007 vitatibus
293 967 472 1008 Graeciae
501 976 630 1022 atque
652 966 768 1007 Asiae
789 980 902 1008 curae
927 974 1030 1016 erat,
1053 965 1157 1020 quid
1180 965 1319 1005 Persei
1351 965 1492 1020 legati,

66 1022 171 1077 quid
194 1024 404 1065 Eumenes
434 1024 476 1065 in
498 1032 642 1064 senatu
666 1023 839 1078 egisset:
873 1032 914 1063 et
944 1030 1116 1078 propter
1136 1022 1364 1062 adventum
1386 1023 1491 1077 ejus,

67 1094 191 1134 quem
221 1089 433 1121 moturum
465 1080 625 1136 aliquid
652 1081 867 1130 rebantur,
889 1079 1085 1120 miserant
1115 1078 1330 1134 pleraeque
1350 1077 1492 1118 civita

67 1144 142 1185 tes,
167 1136 248 1177 alia
277 1137 319 1178 in
349 1137 526 1194 speciem
557 1137 840 1193 praeferentes,
872 1136 1042 1192 legatos.
1074 1135 1107 1159 ‘³⁹
1119 1144 1161 1177 et
1192 1135 1346 1191 legatio
1377 1135 1492 1175 Rho-

65 1192 231 1234 diorum
252 1202 355 1245 erat,
376 1210 424 1236 ac
448 1195 624 1251 Satyrus
644 1194 851 1250 princePS,
873 1193 989 1234 haud
1018 1190 1188 1243 dubius,
1210 1191 1314 1248 quin
1336 1193 1492 1232 Eume-

64 1264 136 1290 nes
156 1249 365 1292 civitatem
387 1267 557 1307 quoque
579 1266 696 1293 suam
720 1250 859 1292 Persei
881 1249 1123 1292 criminibus
1137 1249 1360 1305 junxisset.
1407 1250 1493 1290 Itap

64 1321 148 1362 que
178 1308 290 1349 omni
319 1309 444 1350 modo
473 1324 548 1365 per
577 1316 774 1365 patronos
803 1307 1073 1365 hospitesque
1103 1306 1364 1362 disceptandi
1394 1321 1491 1347 cum

63 1378 161 1419 rege
196 1364 333 1406 locum
368 1365 411 1407 in
444 1373 590 1407 senatu
620 1365 849 1422 quaerebat.
912 1364 1037 1415 Quod
1066 1378 1200 1420 quum
1235 1363 1490 1418 contigisset,
1504 1373 1705 1405 Rhodiifrus-

63 1419 256 1463 libertate
285 1422 629 1478 intemperantius
659 1423 849 1464 invectus
878 1421 921 1462 in
945 1436 1101 1476 regem,
1123 1420 1239 1476 quod
1262 1420 1491 1476 Lyciorum
1504 1422 1551 1447 “a
1568 1418 1681 1490 Eusim-

63 1486 231 1532 gentem
267 1479 467 1520 adversus
502 1479 691 1520 Rhodios
723 1478 982 1527 concitasset,
1008 1476 1259 1533 graviorque
1286 1477 1403 1517 Asiae
1432 1470 1611 1535 es-ssffgf
1635 1471 1689 1491 ⁰¹¹*

64 1542 141 1585 set,
163 1550 290 1590 quam
312 1536 550 1577 Antiochus
579 1536 754 1583 fuisset,
786 1534 1033 1590 popularem
1054 1533 1225 1589 quidem
1250 1548 1298 1574 ac
1327 1542 1491 1589 gratam

65 1592 232 1647 populis
254 1592 371 1633 Asiae
389 1592 504 1644 (nam
525 1607 574 1633 eo
594 1608 764 1649 quoque
780 1593 869 1647 jam
891 1592 1010 1632 favor
1033 1589 1173 1631 Persei
1195 1594 1384 1645 venerat)
1403 1606 1493 1632 ora-

65 1647 220 1689 tionem
241 1649 413 1691 habuit:
447 1657 633 1690 ceterum
659 1648 833 1689 invisam
855 1648 1032 1698 senatui,
1053 1646 1330 1703 inutilemque
1352 1647 1429 1688 sibi
1450 1657 1491 1689 et

64 1703 223 1746 civitati
255 1721 354 1747 suae.
415 1706 597 1747 Eumeni
619 1722 717 1747 vero
747 1704 998 1761 conspiratio
1024 1704 1224 1745 adversus
1245 1719 1356 1755 eum,
1378 1704 1492 1745 favo-

64 1776 152 1802 rem
173 1763 288 1819 apud
310 1765 522 1804 Romanos
542 1762 652 1804 fecit.
682 1762 741 1804 ita
760 1778 902 1803 omnes
922 1762 959 1802 ei
989 1762 1165 1802 honores
1195 1761 1343 1811 habiti,
1366 1761 1492 1802 dona-

64 1833 148 1874 que
169 1835 296 1875 quam
326 1820 579 1876 amplissima
598 1820 711 1870 data,
734 1835 829 1861 cum
861 1819 961 1860 sella
984 1818 1119 1860 curuli
1150 1825 1278 1874 atque
1308 1819 1492 1860 eburneo

67 1890 259 1932 sciplone.

127 1934 225 1975 XV.
259 1935 562 1991 Legationibus
583 1934 775 1984 dimissis,
798 1949 931 1990 quum
955 1933 1185 1989 HarpaluS,
1195 1932 1229 1957 ⁵⁰
1245 1942 1404 1990 quanta
1423 1948 1493 1974 ex-

69 1990 168 2032 imia
196 1991 406 2033 celeritate
440 2001 619 2049 poterat,
650 2006 861 2048 regressus
891 1991 933 2032 in
965 1990 1273 2041 Macedoniam,
1304 1990 1494 2031 nuncias-

69 2056 131 2090 set
160 2049 263 2104 regi,
285 2049 471 2090 nondum
497 2049 667 2104 quidem
697 2057 890 2105 parantes
918 2048 1078 2089 bellum
1108 2047 1323 2103 reliquisse
1345 2063 1386 2088 se
1409 2049 1494 2088 Ro-

69 2120 226 2156 manos,
253 2106 325 2147 sed
356 2106 416 2147 ita
447 2106 632 2156 infestos,
658 2114 706 2147 ut
739 2106 858 2146 facile
889 2106 1123 2161 adpareret,
1148 2119 1231 2145 non
1261 2104 1491 2152 dilaturos;

69 2170 112 2203 et
132 2162 235 2219 ipse,
257 2171 540 2219 praeterquam
562 2163 677 2219 quod
707 2171 749 2204 et
779 2162 838 2203 ita
866 2162 1062 2207 credebat
1092 2162 1302 2211 futurum,
1325 2162 1414 2217 jam
1435 2169 1495 2202 et-

70 2218 152 2260 iam
171 2219 353 2272 volebat,
374 2219 406 2243 ⁵¹
420 2220 463 2261 in
492 2219 592 2260 flore
614 2219 765 2261 virium
797 2235 838 2260 se
862 2219 1033 2260 credens
1054 2233 1151 2260 esse.
1213 2218 1395 2259 Eumeni
1425 2233 1495 2259 an-
1508 2225 1546 2256 In
1562 2227 1676 2257 Eume-

70 2284 114 2318 te
142 2291 283 2318 omnes
312 2277 489 2318 infestus
524 2285 636 2318 erat:
674 2292 700 2317 a
728 2277 850 2332 cujus
886 2276 1086 2332 sanguine
1120 2275 1286 2316 ordiens
1321 2275 1578 2326 bellum,nem
1593 2280 1662 2311 per-

72 2333 319 2375 Evandrum
339 2336 594 2384 Cretensem,
612 2334 762 2375 ducem
783 2333 1050 2383 auxiliorum,
1065 2340 1106 2373 et
1124 2332 1379 2373 Macedonas
1395 2340 1493 2382 tres,
1507 2323 1690 2386 Ξξῗῗῇῑῖῗθτ

70 2390 266 2432 adsuetos
293 2391 528 2432 ministeriis
558 2390 705 2432 talium
734 2390 982 2441 facinorum,
1003 2390 1058 2431 ad
1089 2389 1245 2430 caedem
1267 2388 1376 2445 regis
1399 2389 1588 2430 sub-sens.

69 2455 215 2490 ornat:
248 2447 472 2504 literasque
491 2447 549 2490 eis
569 2447 642 2489 dat
663 2448 717 2489 ad
741 2449 880 2489 Praxo
904 2447 1127 2504 hospitam,
1149 2446 1378 2503 principem
1400 2461 1495 2487 auc-

117 2577 157 2608 48
182 2577 303 2609 Ferocia
337 2580 430 2609 animi
466 2579 612 2619 Harpali]
672 2579 760 2610 Bene
847 2580 886 2610 51
913 2579 951 2609 In
976 2578 1056 2619 flore
1083 2579 1194 2608 virium
1219 2589 1247 2608 se
1275 2578 1393 2608 credens
1422 2576 1492 2616 esse]

74 2618 196 2650 videtur
213 2621 343 2652 inversis
364 2622 474 2652 litteris
496 2622 662 2653 emendare
679 2622 759 2653 Gro-
805 2621 945 2653 credens
961 2621 1020 2653 sibi
1035 2621 1126 2657 vires,
1142 2621 1175 2651 id
1191 2625 1248 2657 est,
1263 2620 1379 2663 copias,
1396 2629 1492 2661 appa-

74 2662 201 2693 novius:
224 2664 334 2701 ferocia
349 2666 440 2695 nimia
455 2665 595 2704 Harpali.
804 2670 901 2702 ratus,
923 2674 1009 2706 opes,
1029 2664 1134 2695 omnia
1156 2663 1291 2704 denique
1315 2663 1355 2694 ad
1377 2662 1493 2692 bellum

119 2705 160 2735 49
185 2698 224 2735 Ei
247 2708 350 2748 legatio
366 2707 546 2738 Rhodiorum
568 2708 646 2748 erat]
679 2707 760 2738 Gro-
804 2707 921 2738 fortiter
960 2707 1155 2748 feliciterque
1197 2706 1365 2747 gerendum
1405 2704 1493 2745 adju-

76 2747 185 2778 novius
213 2754 302 2789 putat
330 2750 481 2782 excidisse
511 2750 642 2792 aliquid,
669 2751 762 2792 quale
806 2755 923 2786 menta,
939 2760 1007 2781 esse
1022 2750 1054 2780 in
1070 2750 1136 2792 ipso
1154 2749 1238 2784 flore,
1255 2749 1286 2778 in
1302 2748 1368 2788 ipso
1382 2746 1494 2788 integri

76 2791 170 2820 foret:
200 2790 282 2821 Inter
296 2799 403 2823 ceteras
417 2799 445 2823 et
461 2794 575 2835 legatio.
806 2793 921 2825 roboris
945 2793 1068 2835 vigore:
1093 2803 1130 2824 ac
1154 2791 1281 2834 proinde
1304 2790 1341 2820 iis
1359 2789 1426 2831 jam
1448 2789 1493 2820 uti

120 2834 161 2880 5.⁰
187 2833 306 2867 Quanta
320 2836 437 2875 eximia]
470 2837 560 2878 Legit
581 2835 664 2868 idem
683 2836 762 2868 Gro-
806 2842 928 2879 tempus
943 2847 1022 2868 esse.

76 2886 195 2911 novius,
212 2883 319 2916 quanta
338 2880 469 2910 maxima.
