<?xml version="1.0" encoding="UTF-8"?>
<!DOCTYPE html PUBLIC "-//W3C//DTD XHTML 1.0 Transitional//EN"
    "http://www.w3.org/TR/xhtml1/DTD/xhtml1-transitional.dtd">
<html xmlns="http://www.w3.org/1999/xhtml" xml:lang="en" lang="en">
 <head>
  <title>
</title>
<meta http-equiv="Content-Type" content="text/html;charset=utf-8" />
  <meta name='ocr-system' content='tesseract 3.04.00' />
  <meta name='ocr-capabilities' content='ocr_page ocr_carea ocr_par ocr_line ocrx_word'/>
</head>
<body>
  <div class='ocr_page' id='page_1' title='image "./historiarumaburb04livyuoft/historiarumaburb04livyuoft_0532.png"; bbox 0 0 1816 3159; ppageno 0'>
   <div class='ocr_carea' id='block_1_1' title="bbox 293 93 1239 145">
    <p class='ocr_par' dir='ltr' id='par_1_1' title="bbox 293 93 1239 145">
     <span class='ocr_line' id='line_1_1' title="bbox 293 93 1239 145; baseline -0.002 -2"><span class='ocrx_word' id='word_1_1' title='bbox 293 96 465 145; x_wconf 78' lang='lat' dir='ltr'>lxxxiv</span> <span class='ocrx_word' id='word_1_2' title='bbox 785 93 1239 143; x_wconf 79' lang='lat' dir='ltr'><strong>PRAEFATIO.</strong></span> 
     </span>
    </p>
   </div>
   <div class='ocr_carea' id='block_1_2' title="bbox 79 229 1749 376">
    <p class='ocr_par' dir='ltr' id='par_1_2' title="bbox 79 229 1749 376">
     <span class='ocr_line' id='line_1_2' title="bbox 293 229 1748 301; baseline -0.005 -16"><span class='ocrx_word' id='word_1_3' title='bbox 293 254 405 301; x_wconf 86' lang='lat' dir='ltr'>quae</span> <span class='ocrx_word' id='word_1_4' title='bbox 440 242 608 285; x_wconf 84' lang='lat' dir='ltr'>tamen</span> <span class='ocrx_word' id='word_1_5' title='bbox 644 234 709 282; x_wconf 88' lang='lat' dir='ltr'>ad</span> <span class='ocrx_word' id='word_1_6' title='bbox 747 234 1159 283; x_wconf 83' lang='lat' dir='ltr'>commoditatem</span> <span class='ocrx_word' id='word_1_7' title='bbox 1195 231 1396 281; x_wconf 89' lang='lat' dir='ltr'>lectoris</span> <span class='ocrx_word' id='word_1_8' title='bbox 1436 229 1748 295; x_wconf 83' lang='lat' dir='ltr'>aliquatenus</span> 
     </span>
     <span class='ocr_line' id='line_1_3' title="bbox 79 309 1749 376; baseline -0.002 -14"><span class='ocrx_word' id='word_1_9' title='bbox 79 328 235 358; x_wconf 76' lang='lat' dir='ltr'>Animum</span> <span class='ocrx_word' id='word_1_10' title='bbox 298 313 550 376; x_wconf 82' lang='lat' dir='ltr'>pertineat,</span> <span class='ocrx_word' id='word_1_11' title='bbox 582 328 753 359; x_wconf 87' lang='lat' dir='ltr'>curam</span> <span class='ocrx_word' id='word_1_12' title='bbox 789 311 1093 375; x_wconf 79' lang='lat' dir='ltr'>impendere.</span> <span class='ocrx_word' id='word_1_13' title='bbox 1163 311 1341 374; x_wconf 89' lang='lat' dir='ltr'>Itaque</span> <span class='ocrx_word' id='word_1_14' title='bbox 1378 315 1429 356; x_wconf 92' lang='lat' dir='ltr'>et</span> <span class='ocrx_word' id='word_1_15' title='bbox 1462 309 1749 372; x_wconf 88' lang='lat' dir='ltr'>interpunc-</span> 
     </span>
    </p>
   </div>
   <div class='ocr_carea' id='block_1_3' title="bbox 79 371 1750 449">
    <p class='ocr_par' dir='ltr' id='par_1_3' title="bbox 79 371 1750 449">
     <span class='ocr_line' id='line_1_4' title="bbox 79 371 1727 410; baseline -0.004 -10"><span class='ocrx_word' id='word_1_16' title='bbox 79 380 205 410; x_wconf 87' lang='lat' dir='ltr'>quoque</span> <span class='ocrx_word' id='word_1_17' title='bbox 221 371 274 399; x_wconf 85' lang='lat' dir='ltr'>ad·</span> <span class='ocrx_word' id='word_1_18' title='bbox 320 391 327 399; x_wconf 92' lang='lat'>.</span> <span class='ocrx_word' id='word_1_19' title='bbox 406 391 414 399; x_wconf 87' lang='lat'><strong>.</strong></span> <span class='ocrx_word' id='word_1_20' title='bbox 534 390 542 398; x_wconf 92' lang='lat'><strong>.</strong></span> <span class='ocrx_word' id='word_1_21' title='bbox 572 390 580 398; x_wconf 83' lang='lat'><strong>.</strong></span> <span class='ocrx_word' id='word_1_22' title='bbox 714 389 722 397; x_wconf 90' lang='lat'><strong>.</strong></span> <span class='ocrx_word' id='word_1_23' title='bbox 754 389 761 397; x_wconf 92' lang='lat'><strong><em>.</em></strong></span> <span class='ocrx_word' id='word_1_24' title='bbox 1584 387 1592 395; x_wconf 92' lang='lat'><em>.</em></span> <span class='ocrx_word' id='word_1_25' title='bbox 1668 386 1676 394; x_wconf 90' lang='lat'>.</span> <span class='ocrx_word' id='word_1_26' title='bbox 1718 386 1727 394; x_wconf 88' lang='lat'><strong>.</strong></span> 
     </span>
     <span class='ocr_line' id='line_1_5' title="bbox 81 387 1750 449; baseline -0.005 -7"><span class='ocrx_word' id='word_1_27' title='bbox 81 400 434 447; x_wconf 65' lang='lat' dir='ltr'>vertimusadtloni,</span> <span class='ocrx_word' id='word_1_28' title='bbox 461 391 545 438; x_wconf 82' lang='lat' dir='ltr'>ubl</span> <span class='ocrx_word' id='word_1_29' title='bbox 570 390 656 439; x_wconf 82' lang='lat' dir='ltr'>illa</span> <span class='ocrx_word' id='word_1_30' title='bbox 680 396 858 436; x_wconf 79' lang='lat' dir='ltr'>vitiosa</span> <span class='ocrx_word' id='word_1_31' title='bbox 883 395 1003 445; x_wconf 86' lang='lat' dir='ltr'>erat,</span> <span class='ocrx_word' id='word_1_32' title='bbox 1027 389 1354 436; x_wconf 87' lang='lat' dir='ltr'>emendandae</span> <span class='ocrx_word' id='word_1_33' title='bbox 1380 387 1556 436; x_wconf 90' lang='lat' dir='ltr'>sedulo</span> <span class='ocrx_word' id='word_1_34' title='bbox 1580 403 1750 449; x_wconf 82' lang='lat' dir='ltr'>lnvlgi-</span> 
     </span>
    </p>
   </div>
   <div class='ocr_carea' id='block_1_4' title="bbox 79 458 1816 2002">
    <p class='ocr_par' dir='ltr' id='par_1_4' title="bbox 80 458 1751 536">
     <span class='ocr_line' id='line_1_6' title="bbox 80 458 1751 536; baseline -0.002 -21"><span class='ocrx_word' id='word_1_35' title='bbox 80 458 276 536; x_wconf 44' lang='grc' dir='ltr'>ξῗζξζξῗῗξς</span> <span class='ocrx_word' id='word_1_36' title='bbox 299 468 524 523; x_wconf 88' lang='lat' dir='ltr'>lavimus,</span> <span class='ocrx_word' id='word_1_37' title='bbox 557 485 666 532; x_wconf 78' lang='lat' dir='ltr'>quae</span> <span class='ocrx_word' id='word_1_38' title='bbox 701 467 903 531; x_wconf 88' lang='lat' dir='ltr'>quidem</span> <span class='ocrx_word' id='word_1_39' title='bbox 940 484 1027 531; x_wconf 88' lang='lat' dir='ltr'>per</span> <span class='ocrx_word' id='word_1_40' title='bbox 1061 485 1113 515; x_wconf 91' lang='lat' dir='ltr'>se</span> <span class='ocrx_word' id='word_1_41' title='bbox 1148 467 1257 514; x_wconf 84' lang='lat' dir='ltr'>sola</span> <span class='ocrx_word' id='word_1_42' title='bbox 1291 473 1487 514; x_wconf 87' lang='lat' dir='ltr'>tantum</span> <span class='ocrx_word' id='word_1_43' title='bbox 1522 465 1671 521; x_wconf 84' lang='lat' dir='ltr'>valet,</span> <span class='ocrx_word' id='word_1_44' title='bbox 1695 471 1751 512; x_wconf 88' lang='lat' dir='ltr'>ut</span> 
     </span>
    </p>

    <p class='ocr_par' dir='ltr' id='par_1_5' title="bbox 79 542 1816 1928">
     <span class='ocr_line' id='line_1_7' title="bbox 79 542 1748 609; baseline -0.001 -16"><span class='ocrx_word' id='word_1_45' title='bbox 79 542 272 576; x_wconf 68' lang='lat'>“⁰¹⁰⁸‘&amp;⁶·</span> <span class='ocrx_word' id='word_1_46' title='bbox 299 545 577 593; x_wconf 80' lang='lat' dir='ltr'>claritatem</span> <span class='ocrx_word' id='word_1_47' title='bbox 619 545 867 592; x_wconf 89' lang='lat' dir='ltr'>interdum</span> <span class='ocrx_word' id='word_1_48' title='bbox 910 544 1412 609; x_wconf 87' lang='lat' dir='ltr'>perspicuitatemque</span> <span class='ocrx_word' id='word_1_49' title='bbox 1457 543 1515 592; x_wconf 90' lang='lat' dir='ltr'>iis</span> <span class='ocrx_word' id='word_1_50' title='bbox 1553 543 1748 602; x_wconf 85' lang='lat' dir='ltr'>reddat,</span> 
     </span>
     <span class='ocr_line' id='line_1_8' title="bbox 297 620 1751 685; baseline 0.001 -17"><span class='ocrx_word' id='word_1_51' title='bbox 297 639 405 684; x_wconf 81' lang='lat' dir='ltr'>quae</span> <span class='ocrx_word' id='word_1_52' title='bbox 432 620 650 685; x_wconf 90' lang='lat' dir='ltr'>alioquin</span> <span class='ocrx_word' id='word_1_53' title='bbox 677 621 1027 669; x_wconf 88' lang='lat' dir='ltr'>obscurissima</span> <span class='ocrx_word' id='word_1_54' title='bbox 1053 621 1376 669; x_wconf 86' lang='lat' dir='ltr'>videbantur:</span> <span class='ocrx_word' id='word_1_55' title='bbox 1413 628 1462 669; x_wconf 92' lang='lat' dir='ltr'>et</span> <span class='ocrx_word' id='word_1_56' title='bbox 1485 621 1617 669; x_wconf 88' lang='lat' dir='ltr'>circa</span> <span class='ocrx_word' id='word_1_57' title='bbox 1641 638 1751 669; x_wconf 88' lang='lat' dir='ltr'>eam</span> 
     </span>
     <span class='ocr_line' id='line_1_9' title="bbox 296 697 1748 763; baseline 0 -17"><span class='ocrx_word' id='word_1_58' title='bbox 296 715 446 763; x_wconf 87' lang='lat' dir='ltr'>quam</span> <span class='ocrx_word' id='word_1_59' title='bbox 472 705 653 746; x_wconf 89' lang='lat' dir='ltr'>vocant</span> <span class='ocrx_word' id='word_1_60' title='bbox 688 698 1125 762; x_wconf 80' lang='lat' dir='ltr'>Orthographiam,</span> <span class='ocrx_word' id='word_1_61' title='bbox 1151 697 1458 746; x_wconf 88' lang='lat' dir='ltr'>Gronovium</span> <span class='ocrx_word' id='word_1_62' title='bbox 1486 699 1584 746; x_wconf 89' lang='lat' dir='ltr'>fere</span> <span class='ocrx_word' id='word_1_63' title='bbox 1608 715 1748 746; x_wconf 89' lang='lat' dir='ltr'>secu-</span> 
     </span>
     <span class='ocr_line' id='line_1_10' title="bbox 296 774 1753 839; baseline -0.001 -15"><span class='ocrx_word' id='word_1_64' title='bbox 296 777 331 824; x_wconf 82' lang='lat' dir='ltr'>ti</span> <span class='ocrx_word' id='word_1_65' title='bbox 357 793 544 832; x_wconf 86' lang='lat' dir='ltr'>sumus,</span> <span class='ocrx_word' id='word_1_66' title='bbox 571 775 657 839; x_wconf 89' lang='lat' dir='ltr'>qui</span> <span class='ocrx_word' id='word_1_67' title='bbox 685 775 939 823; x_wconf 89' lang='lat' dir='ltr'>minimum</span> <span class='ocrx_word' id='word_1_68' title='bbox 966 792 995 822; x_wconf 83' lang='lat' dir='ltr'>a</span> <span class='ocrx_word' id='word_1_69' title='bbox 1019 776 1216 838; x_wconf 82' lang='lat' dir='ltr'>vulgata</span> <span class='ocrx_word' id='word_1_70' title='bbox 1241 774 1458 822; x_wconf 84' lang='lat' dir='ltr'>recedit:</span> <span class='ocrx_word' id='word_1_71' title='bbox 1501 781 1549 822; x_wconf 91' lang='lat' dir='ltr'>et</span> <span class='ocrx_word' id='word_1_72' title='bbox 1572 776 1753 837; x_wconf 85' lang='lat' dir='ltr'>majus-</span> 
     </span>
     <span class='ocr_line' id='line_1_11' title="bbox 297 851 1751 917; baseline -0.002 -14"><span class='ocrx_word' id='word_1_73' title='bbox 297 856 453 911; x_wconf 87' lang='lat' dir='ltr'>culas,</span> <span class='ocrx_word' id='word_1_74' title='bbox 482 861 534 901; x_wconf 85' lang='lat' dir='ltr'>ut</span> <span class='ocrx_word' id='word_1_75' title='bbox 559 853 848 917; x_wconf 90' lang='lat' dir='ltr'>loquuntur,</span> <span class='ocrx_word' id='word_1_76' title='bbox 873 852 1060 899; x_wconf 82' lang='lat' dir='ltr'>litteras</span> <span class='ocrx_word' id='word_1_77' title='bbox 1087 852 1204 899; x_wconf 89' lang='lat' dir='ltr'>solis</span> <span class='ocrx_word' id='word_1_78' title='bbox 1229 851 1482 899; x_wconf 87' lang='lat' dir='ltr'>hominum</span> <span class='ocrx_word' id='word_1_79' title='bbox 1506 852 1751 900; x_wconf 90' lang='lat' dir='ltr'>locorum-</span> 
     </span>
     <span class='ocr_line' id='line_1_12' title="bbox 297 930 1754 994; baseline -0.001 -14"><span class='ocrx_word' id='word_1_80' title='bbox 297 949 371 988; x_wconf 92' lang='lat' dir='ltr'>ve,</span> <span class='ocrx_word' id='word_1_81' title='bbox 412 949 513 979; x_wconf 92' lang='lat' dir='ltr'>non</span> <span class='ocrx_word' id='word_1_82' title='bbox 561 947 832 986; x_wconf 88' lang='lat' dir='ltr'>munerum,</span> <span class='ocrx_word' id='word_1_83' title='bbox 876 937 961 978; x_wconf 88' lang='lat' dir='ltr'>aut</span> <span class='ocrx_word' id='word_1_84' title='bbox 997 930 1238 978; x_wconf 91' lang='lat' dir='ltr'>honorum</span> <span class='ocrx_word' id='word_1_85' title='bbox 1281 930 1562 977; x_wconf 91' lang='lat' dir='ltr'>nominibus</span> <span class='ocrx_word' id='word_1_86' title='bbox 1602 947 1754 994; x_wconf 84' lang='lat' dir='ltr'>appo-</span> 
     </span>
     <span class='ocr_line' id='line_1_13' title="bbox 298 1008 1752 1072; baseline -0.001 -14"><span class='ocrx_word' id='word_1_87' title='bbox 298 1010 513 1058; x_wconf 86' lang='lat' dir='ltr'>suimus:</span> <span class='ocrx_word' id='word_1_88' title='bbox 566 1017 615 1057; x_wconf 89' lang='lat' dir='ltr'>et</span> <span class='ocrx_word' id='word_1_89' title='bbox 650 1009 907 1071; x_wconf 82' lang='lat' dir='ltr'>neglectos</span> <span class='ocrx_word' id='word_1_90' title='bbox 936 1008 1041 1070; x_wconf 88' lang='lat' dir='ltr'>jam</span> <span class='ocrx_word' id='word_1_91' title='bbox 1068 1025 1097 1055; x_wconf 88' lang='lat' dir='ltr'>a</span> <span class='ocrx_word' id='word_1_92' title='bbox 1122 1008 1370 1072; x_wconf 88' lang='lat' dir='ltr'>plerisque</span> <span class='ocrx_word' id='word_1_93' title='bbox 1406 1015 1647 1056; x_wconf 85' lang='lat' dir='ltr'>accentus</span> <span class='ocrx_word' id='word_1_94' title='bbox 1682 1008 1752 1056; x_wconf 90' lang='lat' dir='ltr'>ita</span> 
     </span>
     <span class='ocr_line' id='line_1_14' title="bbox 297 1085 1752 1147; baseline -0.002 -12"><span class='ocrx_word' id='word_1_95' title='bbox 297 1086 658 1141; x_wconf 83' lang='lat' dir='ltr'>revocavimus,</span> <span class='ocrx_word' id='word_1_96' title='bbox 684 1093 736 1132; x_wconf 90' lang='lat' dir='ltr'>ut</span> <span class='ocrx_word' id='word_1_97' title='bbox 770 1102 862 1133; x_wconf 88' lang='lat' dir='ltr'>nec</span> <span class='ocrx_word' id='word_1_98' title='bbox 888 1085 1047 1132; x_wconf 88' lang='lat' dir='ltr'>densa</span> <span class='ocrx_word' id='word_1_99' title='bbox 1083 1101 1255 1133; x_wconf 88' lang='lat' dir='ltr'>eorum</span> <span class='ocrx_word' id='word_1_100' title='bbox 1280 1085 1412 1132; x_wconf 89' lang='lat' dir='ltr'>velut</span> <span class='ocrx_word' id='word_1_101' title='bbox 1452 1085 1594 1147; x_wconf 81' lang='lat' dir='ltr'>sylva</span> <span class='ocrx_word' id='word_1_102' title='bbox 1620 1085 1752 1133; x_wconf 92' lang='lat' dir='ltr'>oculi</span> 
     </span>
     <span class='ocr_line' id='line_1_15' title="bbox 299 1162 1750 1227; baseline 0 -16"><span class='ocrx_word' id='word_1_103' title='bbox 299 1163 570 1227; x_wconf 86' lang='lat' dir='ltr'>legentium</span> <span class='ocrx_word' id='word_1_104' title='bbox 607 1162 976 1225; x_wconf 84' lang='lat' dir='ltr'>impedirentur,</span> <span class='ocrx_word' id='word_1_105' title='bbox 1004 1169 1051 1209; x_wconf 90' lang='lat' dir='ltr'>et</span> <span class='ocrx_word' id='word_1_106' title='bbox 1085 1179 1147 1209; x_wconf 85' lang='lat' dir='ltr'>ex</span> <span class='ocrx_word' id='word_1_107' title='bbox 1183 1163 1239 1209; x_wconf 89' lang='lat' dir='ltr'>iis</span> <span class='ocrx_word' id='word_1_108' title='bbox 1276 1171 1443 1210; x_wconf 88' lang='lat' dir='ltr'>tamen</span> <span class='ocrx_word' id='word_1_109' title='bbox 1480 1162 1648 1226; x_wconf 86' lang='lat' dir='ltr'>aliqua</span> <span class='ocrx_word' id='word_1_110' title='bbox 1685 1164 1750 1211; x_wconf 88' lang='lat' dir='ltr'>ad</span> 
     </span>
     <span class='ocr_line' id='line_1_16' title="bbox 300 1239 1752 1303; baseline -0.001 -13"><span class='ocrx_word' id='word_1_111' title='bbox 300 1258 502 1290; x_wconf 86' lang='lat' dir='ltr'>sensum</span> <span class='ocrx_word' id='word_1_112' title='bbox 551 1240 746 1288; x_wconf 80' lang='lat' dir='ltr'>facilius</span> <span class='ocrx_word' id='word_1_113' title='bbox 792 1239 1102 1303; x_wconf 88' lang='lat' dir='ltr'>celeriusque</span> <span class='ocrx_word' id='word_1_114' title='bbox 1149 1241 1515 1303; x_wconf 87' lang='lat' dir='ltr'>assequendum</span> <span class='ocrx_word' id='word_1_115' title='bbox 1563 1240 1752 1288; x_wconf 88' lang='lat' dir='ltr'>utilitas</span> 
     </span>
     <span class='ocr_line' id='line_1_17' title="bbox 300 1317 1754 1383; baseline -0.001 -16"><span class='ocrx_word' id='word_1_116' title='bbox 300 1319 411 1383; x_wconf 86' lang='lat' dir='ltr'>capi</span> <span class='ocrx_word' id='word_1_117' title='bbox 429 1326 614 1382; x_wconf 88' lang='lat' dir='ltr'>posset.</span> <span class='ocrx_word' id='word_1_118' title='bbox 656 1317 893 1380; x_wconf 88' lang='lat' dir='ltr'>Denique</span> <span class='ocrx_word' id='word_1_119' title='bbox 913 1318 1062 1364; x_wconf 88' lang='lat' dir='ltr'>etiam</span> <span class='ocrx_word' id='word_1_120' title='bbox 1085 1317 1269 1382; x_wconf 88' lang='lat' dir='ltr'>aliquid</span> <span class='ocrx_word' id='word_1_121' title='bbox 1294 1334 1455 1381; x_wconf 82' lang='lat' dir='ltr'>operae</span> <span class='ocrx_word' id='word_1_122' title='bbox 1474 1318 1754 1381; x_wconf 89' lang='lat' dir='ltr'>impertien-</span> 
     </span>
     <span class='ocr_line' id='line_1_18' title="bbox 300 1393 1753 1457; baseline -0.001 -12"><span class='ocrx_word' id='word_1_123' title='bbox 300 1400 418 1446; x_wconf 88' lang='lat' dir='ltr'>dum</span> <span class='ocrx_word' id='word_1_124' title='bbox 462 1395 552 1444; x_wconf 88' lang='lat' dir='ltr'>fuit</span> <span class='ocrx_word' id='word_1_125' title='bbox 588 1394 993 1443; x_wconf 85' lang='lat' dir='ltr'>distinctionibus</span> <span class='ocrx_word' id='word_1_126' title='bbox 1034 1393 1253 1457; x_wconf 87' lang='lat' dir='ltr'>capitum</span> <span class='ocrx_word' id='word_1_127' title='bbox 1302 1395 1462 1457; x_wconf 89' lang='lat' dir='ltr'>aptius</span> <span class='ocrx_word' id='word_1_128' title='bbox 1503 1395 1753 1443; x_wconf 88' lang='lat' dir='ltr'>interdum</span> 
     </span>
     <span class='ocr_line' id='line_1_19' title="bbox 301 1472 1754 1536; baseline -0.002 -13"><span class='ocrx_word' id='word_1_129' title='bbox 301 1474 631 1530; x_wconf 83' lang='lat' dir='ltr'>collocandis,</span> <span class='ocrx_word' id='word_1_130' title='bbox 659 1473 792 1521; x_wconf 89' lang='lat' dir='ltr'>circa</span> <span class='ocrx_word' id='word_1_131' title='bbox 816 1489 940 1536; x_wconf 85' lang='lat' dir='ltr'>quas</span> <span class='ocrx_word' id='word_1_132' title='bbox 964 1489 1022 1519; x_wconf 88' lang='lat' dir='ltr'>ea</span> <span class='ocrx_word' id='word_1_133' title='bbox 1047 1473 1203 1520; x_wconf 85' lang='lat' dir='ltr'>fuerat</span> <span class='ocrx_word' id='word_1_134' title='bbox 1228 1472 1527 1535; x_wconf 86' lang='lat' dir='ltr'>quibusdam</span> <span class='ocrx_word' id='word_1_135' title='bbox 1552 1473 1603 1520; x_wconf 93' lang='lat' dir='ltr'>in</span> <span class='ocrx_word' id='word_1_136' title='bbox 1629 1473 1754 1521; x_wconf 89' lang='lat' dir='ltr'>locis</span> 
     </span>
     <span class='ocr_line' id='line_1_20' title="bbox 299 1549 1816 1614; baseline -0.001 -14"><span class='ocrx_word' id='word_1_137' title='bbox 299 1553 548 1600; x_wconf 88' lang='lat' dir='ltr'>editorum</span> <span class='ocrx_word' id='word_1_138' title='bbox 583 1551 899 1614; x_wconf 79' lang='lat' dir='ltr'>negligentia,</span> <span class='ocrx_word' id='word_1_139' title='bbox 927 1557 978 1598; x_wconf 85' lang='lat' dir='ltr'>ut</span> <span class='ocrx_word' id='word_1_140' title='bbox 1002 1549 1060 1597; x_wconf 88' lang='lat' dir='ltr'>iis</span> <span class='ocrx_word' id='word_1_141' title='bbox 1096 1567 1195 1597; x_wconf 91' lang='lat' dir='ltr'>non</span> <span class='ocrx_word' id='word_1_142' title='bbox 1222 1558 1416 1597; x_wconf 86' lang='lat' dir='ltr'>tantum</span> <span class='ocrx_word' id='word_1_143' title='bbox 1454 1551 1596 1598; x_wconf 88' lang='lat' dir='ltr'>unius</span> <span class='ocrx_word' id='word_1_144' title='bbox 1634 1551 1753 1600; x_wconf 83' lang='lat' dir='ltr'>facti</span> <span class='ocrx_word' id='word_1_145' title='bbox 1815 1575 1816 1613; x_wconf 37' lang='lat' dir='ltr'>i</span> 
     </span>
     <span class='ocr_line' id='line_1_21' title="bbox 300 1628 1751 1692; baseline -0.001 -14"><span class='ocrx_word' id='word_1_146' title='bbox 300 1630 532 1688; x_wconf 85' lang='lat' dir='ltr'>narratio,</span> <span class='ocrx_word' id='word_1_147' title='bbox 558 1631 646 1677; x_wconf 85' lang='lat' dir='ltr'>sed</span> <span class='ocrx_word' id='word_1_148' title='bbox 684 1629 849 1676; x_wconf 78' lang='lat' dir='ltr'>inedia</span> <span class='ocrx_word' id='word_1_149' title='bbox 874 1645 1074 1692; x_wconf 88' lang='lat' dir='ltr'>quoque</span> <span class='ocrx_word' id='word_1_150' title='bbox 1104 1628 1336 1691; x_wconf 84' lang='lat' dir='ltr'>periodus</span> <span class='ocrx_word' id='word_1_151' title='bbox 1362 1629 1751 1692; x_wconf 80' lang='lat' dir='ltr'>abrumperetur,</span> 
     </span>
     <span class='ocr_line' id='line_1_22' title="bbox 300 1706 1811 1771; baseline -0.001 -15"><span class='ocrx_word' id='word_1_152' title='bbox 300 1710 434 1756; x_wconf 87' lang='lat' dir='ltr'>velut</span> <span class='ocrx_word' id='word_1_153' title='bbox 471 1709 553 1756; x_wconf 91' lang='lat' dir='ltr'>lib.</span> <span class='ocrx_word' id='word_1_154' title='bbox 586 1708 649 1756; x_wconf 76' lang='lat' dir='ltr'>V.</span> <span class='ocrx_word' id='word_1_155' title='bbox 686 1725 729 1756; x_wconf 89' lang='lat' dir='ltr'>c.</span> <span class='ocrx_word' id='word_1_156' title='bbox 762 1711 840 1754; x_wconf 73' lang='lat'>25.</span> <span class='ocrx_word' id='word_1_157' title='bbox 911 1706 1082 1770; x_wconf 86' lang='lat' dir='ltr'>Atque</span> <span class='ocrx_word' id='word_1_158' title='bbox 1117 1706 1165 1753; x_wconf 85' lang='lat' dir='ltr'>in</span> <span class='ocrx_word' id='word_1_159' title='bbox 1201 1706 1259 1753; x_wconf 90' lang='lat' dir='ltr'>iis</span> <span class='ocrx_word' id='word_1_160' title='bbox 1295 1706 1501 1770; x_wconf 87' lang='lat' dir='ltr'>quidem</span> <span class='ocrx_word' id='word_1_161' title='bbox 1538 1725 1650 1771; x_wconf 81' lang='lat' dir='ltr'>quae</span> <span class='ocrx_word' id='word_1_162' title='bbox 1687 1707 1752 1754; x_wconf 88' lang='lat' dir='ltr'>ad</span> <span class='ocrx_word' id='word_1_163' title='bbox 1809 1716 1811 1758; x_wconf 76' lang='grc' dir='ltr'>ζ</span> 
     </span>
     <span class='ocr_line' id='line_1_23' title="bbox 300 1783 1753 1849; baseline -0.003 -14"><span class='ocrx_word' id='word_1_164' title='bbox 300 1795 588 1835; x_wconf 77' lang='lat' dir='ltr'>contextum</span> <span class='ocrx_word' id='word_1_165' title='bbox 614 1787 773 1849; x_wconf 82' lang='lat' dir='ltr'>ipsum</span> <span class='ocrx_word' id='word_1_166' title='bbox 813 1784 1075 1847; x_wconf 87' lang='lat' dir='ltr'>pertinent,</span> <span class='ocrx_word' id='word_1_167' title='bbox 1103 1785 1208 1832; x_wconf 84' lang='lat' dir='ltr'>haec</span> <span class='ocrx_word' id='word_1_168' title='bbox 1234 1793 1347 1831; x_wconf 85' lang='lat' dir='ltr'>sunt</span> <span class='ocrx_word' id='word_1_169' title='bbox 1371 1802 1480 1848; x_wconf 80' lang='lat' dir='ltr'>quae</span> <span class='ocrx_word' id='word_1_170' title='bbox 1506 1783 1681 1832; x_wconf 90' lang='lat' dir='ltr'>intueri</span> <span class='ocrx_word' id='word_1_171' title='bbox 1705 1791 1753 1831; x_wconf 88' lang='lat' dir='ltr'>et</span> 
     </span>
     <span class='ocr_line' id='line_1_24' title="bbox 303 1862 1348 1928; baseline -0.002 -17"><span class='ocrx_word' id='word_1_172' title='bbox 303 1880 388 1928; x_wconf 90' lang='lat' dir='ltr'>pro</span> <span class='ocrx_word' id='word_1_173' title='bbox 415 1864 596 1911; x_wconf 84' lang='lat' dir='ltr'>viribus</span> <span class='ocrx_word' id='word_1_174' title='bbox 625 1873 855 1926; x_wconf 82' lang='lat' dir='ltr'>praestare</span> <span class='ocrx_word' id='word_1_175' title='bbox 878 1863 1032 1909; x_wconf 84' lang='lat' dir='ltr'>nostri</span> <span class='ocrx_word' id='word_1_176' title='bbox 1058 1862 1204 1910; x_wconf 88' lang='lat' dir='ltr'>officii</span> <span class='ocrx_word' id='word_1_177' title='bbox 1231 1870 1348 1909; x_wconf 85' lang='lat' dir='ltr'>erat.</span> 
     </span>
    </p>

    <p class='ocr_par' dir='ltr' id='par_1_6' title="bbox 87 1938 1808 2002">
     <span class='ocr_line' id='line_1_25' title="bbox 87 1938 1808 2002; baseline 0 -16"><span class='ocrx_word' id='word_1_178' title='bbox 87 1956 149 1986; x_wconf 86' lang='lat'>110.</span> <span class='ocrx_word' id='word_1_179' title='bbox 167 1957 234 1986; x_wconf 74' lang='lat'><strong>1000</strong></span> <span class='ocrx_word' id='word_1_180' title='bbox 251 1957 282 1985; x_wconf 85' lang='lat' dir='ltr'>id</span> <span class='ocrx_word' id='word_1_181' title='bbox 366 1941 603 1989; x_wconf 80' lang='lat' dir='ltr'>Diximus</span> <span class='ocrx_word' id='word_1_182' title='bbox 629 1941 675 1987; x_wconf 89' lang='lat' dir='ltr'>id</span> <span class='ocrx_word' id='word_1_183' title='bbox 696 1939 840 1986; x_wconf 86' lang='lat' dir='ltr'>nobis</span> <span class='ocrx_word' id='word_1_184' title='bbox 866 1939 1092 1986; x_wconf 91' lang='lat' dir='ltr'>secundo</span> <span class='ocrx_word' id='word_1_185' title='bbox 1117 1939 1229 1986; x_wconf 83' lang='lat' dir='ltr'>loco</span> <span class='ocrx_word' id='word_1_186' title='bbox 1256 1938 1562 2002; x_wconf 87' lang='lat' dir='ltr'>propositum</span> <span class='ocrx_word' id='word_1_187' title='bbox 1581 1939 1748 1995; x_wconf 88' lang='lat' dir='ltr'>fuisse,</span> <span class='ocrx_word' id='word_1_188' title='bbox 1807 1998 1808 2001; x_wconf 7' lang='grc' dir='ltr'><strong>Ἰ</strong></span> 
     </span>
    </p>
   </div>
   <div class='ocr_carea' id='block_1_5' title="bbox 86 2002 1753 2080">
    <p class='ocr_par' dir='ltr' id='par_1_7' title="bbox 86 2002 1753 2080">
     <span class='ocr_line' id='line_1_26' title="bbox 86 2002 1753 2080; baseline -0.004 -9"><span class='ocrx_word' id='word_1_189' title='bbox 86 2002 264 2079; x_wconf 51' lang='grc' dir='ltr'>ἓὲξῖῗυῖἶῖὡ</span> <span class='ocrx_word' id='word_1_190' title='bbox 303 2025 356 2065; x_wconf 88' lang='lat' dir='ltr'>ut</span> <span class='ocrx_word' id='word_1_191' title='bbox 394 2018 780 2080; x_wconf 83' lang='lat' dir='ltr'>explanaremus</span> <span class='ocrx_word' id='word_1_192' title='bbox 819 2032 878 2062; x_wconf 86' lang='lat' dir='ltr'>ea</span> <span class='ocrx_word' id='word_1_193' title='bbox 919 2032 1031 2078; x_wconf 78' lang='lat' dir='ltr'>quae</span> <span class='ocrx_word' id='word_1_194' title='bbox 1069 2016 1118 2062; x_wconf 92' lang='lat' dir='ltr'>in</span> <span class='ocrx_word' id='word_1_195' title='bbox 1162 2016 1320 2063; x_wconf 87' lang='lat' dir='ltr'>verbis</span> <span class='ocrx_word' id='word_1_196' title='bbox 1358 2016 1753 2064; x_wconf 87' lang='lat' dir='ltr'>locutionibusve</span> 
     </span>
    </p>
   </div>
   <div class='ocr_carea' id='block_1_6' title="bbox 85 2085 1807 2235">
    <p class='ocr_par' dir='ltr' id='par_1_8' title="bbox 85 2085 1807 2235">
     <span class='ocr_line' id='line_1_27' title="bbox 85 2085 1807 2160; baseline -0.001 -16"><span class='ocrx_word' id='word_1_197' title='bbox 85 2085 280 2160; x_wconf 54' lang='grc' dir='ltr'>ξζζῖᾝᾶξζξ</span> <span class='ocrx_word' id='word_1_198' title='bbox 304 2095 454 2158; x_wconf 87' lang='lat' dir='ltr'>paulo</span> <span class='ocrx_word' id='word_1_199' title='bbox 493 2094 804 2158; x_wconf 83' lang='lat' dir='ltr'>impeditiora</span> <span class='ocrx_word' id='word_1_200' title='bbox 845 2093 1140 2142; x_wconf 88' lang='lat' dir='ltr'>viderentur.</span> <span class='ocrx_word' id='word_1_201' title='bbox 1213 2095 1327 2148; x_wconf 85' lang='lat' dir='ltr'>Qua</span> <span class='ocrx_word' id='word_1_202' title='bbox 1369 2093 1418 2141; x_wconf 93' lang='lat' dir='ltr'>in</span> <span class='ocrx_word' id='word_1_203' title='bbox 1454 2111 1504 2141; x_wconf 89' lang='lat' dir='ltr'>re</span> <span class='ocrx_word' id='word_1_204' title='bbox 1539 2093 1618 2142; x_wconf 92' lang='lat' dir='ltr'>hic</span> <span class='ocrx_word' id='word_1_205' title='bbox 1658 2111 1751 2142; x_wconf 87' lang='lat' dir='ltr'>nos</span> <span class='ocrx_word' id='word_1_206' title='bbox 1806 2143 1807 2153; x_wconf 30' lang='lat'>2</span> 
     </span>
     <span class='ocr_line' id='line_1_28' title="bbox 86 2171 1751 2235; baseline -0.002 -14"><span class='ocrx_word' id='word_1_207' title='bbox 86 2172 220 2200; x_wconf 64' lang='lat' dir='ltr'>⁶⁰¹¹²²¹e⁵</span> <span class='ocrx_word' id='word_1_208' title='bbox 303 2173 546 2221; x_wconf 87' lang='lat' dir='ltr'>sollicitos</span> <span class='ocrx_word' id='word_1_209' title='bbox 583 2172 754 2220; x_wconf 87' lang='lat' dir='ltr'>habuit</span> <span class='ocrx_word' id='word_1_210' title='bbox 790 2178 967 2230; x_wconf 87' lang='lat' dir='ltr'>metus,</span> <span class='ocrx_word' id='word_1_211' title='bbox 995 2188 1055 2218; x_wconf 89' lang='lat' dir='ltr'>ne</span> <span class='ocrx_word' id='word_1_212' title='bbox 1083 2171 1132 2219; x_wconf 88' lang='lat' dir='ltr'>in</span> <span class='ocrx_word' id='word_1_213' title='bbox 1157 2172 1378 2220; x_wconf 87' lang='lat' dir='ltr'>diversas</span> <span class='ocrx_word' id='word_1_214' title='bbox 1415 2172 1558 2235; x_wconf 88' lang='lat' dir='ltr'>plane</span> <span class='ocrx_word' id='word_1_215' title='bbox 1592 2189 1751 2234; x_wconf 89' lang='lat' dir='ltr'>repre-</span> 
     </span>
    </p>
   </div>
   <div class='ocr_carea' id='block_1_7' title="bbox 87 2214 238 2243">
    <p class='ocr_par' dir='ltr' id='par_1_9' title="bbox 87 2214 238 2243">
     <span class='ocr_line' id='line_1_29' title="bbox 87 2214 238 2243; baseline 0.007 -1"><span class='ocrx_word' id='word_1_216' title='bbox 87 2214 120 2242; x_wconf 85' lang='lat' dir='ltr'>in</span> <span class='ocrx_word' id='word_1_217' title='bbox 137 2214 238 2243; x_wconf 86' lang='lat' dir='ltr'>verbis</span> 
     </span>
    </p>
   </div>
   <div class='ocr_carea' id='block_1_8' title="bbox 86 2237 1810 2776">
    <p class='ocr_par' dir='ltr' id='par_1_10' title="bbox 86 2237 1810 2776">
     <span class='ocr_line' id='line_1_30' title="bbox 86 2237 1806 2338; baseline -0.002 -40"><span class='ocrx_word' id='word_1_218' title='bbox 86 2256 280 2338; x_wconf 35' lang='lat' dir='ltr'>&amp;gango</span> <span class='ocrx_word' id='word_1_219' title='bbox 305 2251 569 2299; x_wconf 86' lang='lat' dir='ltr'>hensiones</span> <span class='ocrx_word' id='word_1_220' title='bbox 595 2251 970 2307; x_wconf 87' lang='lat' dir='ltr'>incurreremus,</span> <span class='ocrx_word' id='word_1_221' title='bbox 997 2257 1048 2297; x_wconf 89' lang='lat' dir='ltr'>et</span> <span class='ocrx_word' id='word_1_222' title='bbox 1072 2250 1119 2297; x_wconf 92' lang='lat' dir='ltr'>in</span> <span class='ocrx_word' id='word_1_223' title='bbox 1144 2250 1396 2311; x_wconf 86' lang='lat' dir='ltr'>ejusmodi</span> <span class='ocrx_word' id='word_1_224' title='bbox 1431 2249 1562 2297; x_wconf 89' lang='lat' dir='ltr'>notis</span> <span class='ocrx_word' id='word_1_225' title='bbox 1587 2249 1659 2297; x_wconf 92' lang='lat' dir='ltr'>vel</span> <span class='ocrx_word' id='word_1_226' title='bbox 1679 2248 1751 2296; x_wconf 92' lang='lat' dir='ltr'>ni-</span> <span class='ocrx_word' id='word_1_227' title='bbox 1805 2237 1806 2277; x_wconf 63' lang='grc' dir='ltr'>Ῐ</span> 
     </span>
     <span class='ocr_line' id='line_1_31' title="bbox 88 2326 1810 2390; baseline 0.003 -21"><span class='ocrx_word' id='word_1_228' title='bbox 88 2342 283 2381; x_wconf 80' lang='lat' dir='ltr'>sitasexpla-</span> <span class='ocrx_word' id='word_1_229' title='bbox 304 2328 454 2376; x_wconf 85' lang='lat' dir='ltr'>mium</span> <span class='ocrx_word' id='word_1_230' title='bbox 481 2329 773 2383; x_wconf 84' lang='lat' dir='ltr'>offenderet,</span> <span class='ocrx_word' id='word_1_231' title='bbox 804 2327 876 2374; x_wconf 89' lang='lat' dir='ltr'>vel</span> <span class='ocrx_word' id='word_1_232' title='bbox 904 2343 1106 2390; x_wconf 86' lang='lat' dir='ltr'>parum:</span> <span class='ocrx_word' id='word_1_233' title='bbox 1161 2327 1199 2374; x_wconf 89' lang='lat' dir='ltr'>si</span> <span class='ocrx_word' id='word_1_234' title='bbox 1226 2327 1408 2383; x_wconf 82' lang='lat' dir='ltr'>multae,</span> <span class='ocrx_word' id='word_1_235' title='bbox 1435 2344 1497 2374; x_wconf 90' lang='lat' dir='ltr'>ne</span> <span class='ocrx_word' id='word_1_236' title='bbox 1522 2327 1660 2374; x_wconf 87' lang='lat' dir='ltr'>docti</span> <span class='ocrx_word' id='word_1_237' title='bbox 1682 2326 1753 2374; x_wconf 84' lang='lat' dir='ltr'>in·</span> <span class='ocrx_word' id='word_1_238' title='bbox 1808 2372 1810 2375; x_wconf 79' lang='grc'>,</span> 
     </span>
     <span class='ocr_line' id='line_1_32' title="bbox 89 2393 1751 2467; baseline -0.002 -13"><span class='ocrx_word' id='word_1_239' title='bbox 89 2393 248 2415; x_wconf 54' lang='lat' dir='ltr'><strong>”aremus’</strong></span> <span class='ocrx_word' id='word_1_240' title='bbox 303 2406 408 2454; x_wconf 90' lang='lat' dir='ltr'>utili</span> <span class='ocrx_word' id='word_1_241' title='bbox 436 2424 489 2454; x_wconf 90' lang='lat' dir='ltr'>se</span> <span class='ocrx_word' id='word_1_242' title='bbox 514 2422 651 2453; x_wconf 86' lang='lat' dir='ltr'>mora</span> <span class='ocrx_word' id='word_1_243' title='bbox 675 2405 982 2462; x_wconf 78' lang='lat' dir='ltr'>retardatos3</span> <span class='ocrx_word' id='word_1_244' title='bbox 1023 2403 1063 2450; x_wconf 86' lang='lat' dir='ltr'>si</span> <span class='ocrx_word' id='word_1_245' title='bbox 1091 2421 1276 2467; x_wconf 86' lang='lat' dir='ltr'>paucae,</span> <span class='ocrx_word' id='word_1_246' title='bbox 1300 2420 1362 2451; x_wconf 89' lang='lat' dir='ltr'>ne</span> <span class='ocrx_word' id='word_1_247' title='bbox 1386 2404 1546 2452; x_wconf 90' lang='lat' dir='ltr'>minus</span> <span class='ocrx_word' id='word_1_248' title='bbox 1571 2403 1751 2451; x_wconf 82' lang='lat' dir='ltr'>exerci-</span> 
     </span>
     <span class='ocr_line' id='line_1_33' title="bbox 301 2480 1751 2544; baseline -0.001 -14"><span class='ocrx_word' id='word_1_249' title='bbox 301 2483 387 2531; x_wconf 90' lang='lat' dir='ltr'>tati</span> <span class='ocrx_word' id='word_1_250' title='bbox 423 2482 677 2544; x_wconf 81' lang='lat' dir='ltr'>neglectos</span> <span class='ocrx_word' id='word_1_251' title='bbox 720 2498 772 2529; x_wconf 88' lang='lat' dir='ltr'>se</span> <span class='ocrx_word' id='word_1_252' title='bbox 809 2497 919 2528; x_wconf 87' lang='lat' dir='ltr'>esse</span> <span class='ocrx_word' id='word_1_253' title='bbox 953 2489 1286 2544; x_wconf 85' lang='lat' dir='ltr'>quererentur.</span> <span class='ocrx_word' id='word_1_254' title='bbox 1357 2480 1424 2528; x_wconf 89' lang='lat' dir='ltr'>Et</span> <span class='ocrx_word' id='word_1_255' title='bbox 1461 2481 1662 2543; x_wconf 89' lang='lat' dir='ltr'>quidem</span> <span class='ocrx_word' id='word_1_256' title='bbox 1700 2481 1751 2529; x_wconf 90' lang='lat' dir='ltr'>in</span> 
     </span>
     <span class='ocr_line' id='line_1_34' title="bbox 302 2558 1753 2622; baseline -0.001 -14"><span class='ocrx_word' id='word_1_257' title='bbox 302 2562 399 2608; x_wconf 90' lang='lat' dir='ltr'>hoc</span> <span class='ocrx_word' id='word_1_258' title='bbox 425 2560 621 2622; x_wconf 81' lang='lat' dir='ltr'>negotio</span> <span class='ocrx_word' id='word_1_259' title='bbox 647 2558 751 2606; x_wconf 87' lang='lat' dir='ltr'>fieri</span> <span class='ocrx_word' id='word_1_260' title='bbox 787 2558 987 2605; x_wconf 91' lang='lat' dir='ltr'>omnino</span> <span class='ocrx_word' id='word_1_261' title='bbox 1012 2575 1109 2605; x_wconf 91' lang='lat' dir='ltr'>non</span> <span class='ocrx_word' id='word_1_262' title='bbox 1135 2575 1285 2621; x_wconf 86' lang='lat' dir='ltr'>posse</span> <span class='ocrx_word' id='word_1_263' title='bbox 1316 2558 1671 2616; x_wconf 83' lang='lat' dir='ltr'>existimamus,</span> <span class='ocrx_word' id='word_1_264' title='bbox 1697 2566 1753 2607; x_wconf 88' lang='lat' dir='ltr'>ut</span> 
     </span>
     <span class='ocr_line' id='line_1_35' title="bbox 302 2636 1751 2701; baseline -0.001 -17"><span class='ocrx_word' id='word_1_265' title='bbox 302 2637 414 2701; x_wconf 86' lang='lat' dir='ltr'>quis</span> <span class='ocrx_word' id='word_1_266' title='bbox 450 2637 511 2684; x_wconf 87' lang='lat' dir='ltr'>ad</span> <span class='ocrx_word' id='word_1_267' title='bbox 548 2636 765 2684; x_wconf 89' lang='lat' dir='ltr'>omnium</span> <span class='ocrx_word' id='word_1_268' title='bbox 802 2651 856 2682; x_wconf 90' lang='lat' dir='ltr'>se</span> <span class='ocrx_word' id='word_1_269' title='bbox 890 2636 1169 2683; x_wconf 87' lang='lat' dir='ltr'>voluntates</span> <span class='ocrx_word' id='word_1_270' title='bbox 1205 2638 1572 2693; x_wconf 85' lang='lat' dir='ltr'>accommodet,</span> <span class='ocrx_word' id='word_1_271' title='bbox 1597 2637 1751 2684; x_wconf 77' lang='lat' dir='ltr'>omni-</span> 
     </span>
     <span class='ocr_line' id='line_1_36' title="bbox 302 2713 1806 2776; baseline -0.001 -14"><span class='ocrx_word' id='word_1_272' title='bbox 302 2716 394 2762; x_wconf 87' lang='lat' dir='ltr'>bus</span> <span class='ocrx_word' id='word_1_273' title='bbox 430 2713 717 2762; x_wconf 83' lang='lat' dir='ltr'>satisfaciat.</span> <span class='ocrx_word' id='word_1_274' title='bbox 787 2713 991 2759; x_wconf 89' lang='lat' dir='ltr'>Etenim</span> <span class='ocrx_word' id='word_1_275' title='bbox 1028 2729 1129 2759; x_wconf 89' lang='lat' dir='ltr'>non</span> <span class='ocrx_word' id='word_1_276' title='bbox 1167 2729 1254 2776; x_wconf 89' lang='lat' dir='ltr'>pro</span> <span class='ocrx_word' id='word_1_277' title='bbox 1293 2715 1532 2762; x_wconf 85' lang='lat' dir='ltr'>doctrinae</span> <span class='ocrx_word' id='word_1_278' title='bbox 1571 2714 1749 2770; x_wconf 86' lang='lat' dir='ltr'>solum,</span> <span class='ocrx_word' id='word_1_279' title='bbox 1804 2735 1806 2738; x_wconf 60' lang='grc'>’</span> 
     </span>
    </p>
   </div>
   <div class='ocr_carea' id='block_1_9' title="bbox 303 2788 1748 2855">
    <p class='ocr_par' dir='ltr' id='par_1_11' title="bbox 303 2788 1748 2855">
     <span class='ocr_line' id='line_1_37' title="bbox 303 2788 1748 2855; baseline -0.001 -15"><span class='ocrx_word' id='word_1_280' title='bbox 303 2794 393 2840; x_wconf 86' lang='lat' dir='ltr'>sed</span> <span class='ocrx_word' id='word_1_281' title='bbox 431 2799 480 2840; x_wconf 87' lang='lat' dir='ltr'>et</span> <span class='ocrx_word' id='word_1_282' title='bbox 519 2808 607 2855; x_wconf 89' lang='lat' dir='ltr'>pro</span> <span class='ocrx_word' id='word_1_283' title='bbox 646 2788 951 2851; x_wconf 83' lang='lat' dir='ltr'>ingeniorum</span> <span class='ocrx_word' id='word_1_284' title='bbox 990 2789 1237 2845; x_wconf 84' lang='lat' dir='ltr'>varietate,</span> <span class='ocrx_word' id='word_1_285' title='bbox 1280 2808 1390 2854; x_wconf 82' lang='lat' dir='ltr'>quae</span> <span class='ocrx_word' id='word_1_286' title='bbox 1428 2790 1619 2839; x_wconf 81' lang='lat' dir='ltr'>infinita</span> <span class='ocrx_word' id='word_1_287' title='bbox 1656 2798 1748 2847; x_wconf 77' lang='lat' dir='ltr'>est,</span> 
     </span>
    </p>
   </div>
   <div class='ocr_carea' id='block_1_10' title="bbox 1789 1710 1816 3159">
    <p class='ocr_par' dir='ltr' id='par_1_12' title="bbox 1789 1710 1816 3159">
     <span class='ocr_line' id='line_1_38' title="bbox 1789 1710 1816 3159; baseline 0 0"><span class='ocrx_word' id='word_1_288' title='bbox 1789 1710 1816 3159; x_wconf 95' lang='lat' dir='ltr'> </span> 
     </span>
    </p>
   </div>
  </div>
 </body>
</html>
