1805 3174
494 78 884 116 HISTORIARUM
918 78 1131 116 LIBROS.

86 190 236 220 volucres
260 190 497 227 supervolantes
521 190 557 216 ad
591 192 704 217 terram
728 188 780 217 de-

129 235 229 271 lapsas
253 234 384 261 clamore
408 232 557 268 militum,
582 232 701 261 Coelius
723 232 781 268 ait,

131 281 255 308 29.25.

88 320 271 355 Volumnia,
291 328 367 348 uxor
384 318 555 351 Coriolani,
574 323 605 353 2,
623 323 677 348 40.

90 364 124 393 L.
142 362 343 398 Volumnius,
360 362 481 397 consul,
509 371 578 390 cum
602 361 782 390 Sallentinis

132 416 276 445 prospere
300 406 413 434 bellum
430 405 522 443 gerit,
546 410 577 436 9.
596 409 645 433 42.
671 406 782 434 iterum

133 451 254 481 consul.
271 448 428 481 10,15.ἰι1
441 448 600 476 Samnium
614 449 783 486 profectus,

133 493 280 530 relinquit
297 491 507 530 provinciam,
526 496 560 520 ut
577 493 638 530 Ap.
654 490 784 520 t'laudio

133 538 258 574 collega.¹
282 545 371 573 opem
398 535 486 566 ferat,
509 539 555 562 18.
581 540 625 571 et,
642 539 713 573 post.
729 535 783 563 ali-

134 589 225 617 quam
258 579 402 607 adversus
434 587 503 606 eum
535 578 784 614 altercationem,

132 622 286 661 egregiam
305 631 373 650 cum
391 630 427 649 eo
444 621 605 650 victoziam
634 626 782 659 reportat.

134 667 205 694 ibid.
224 670 253 694 ec
273 670 320 696 19.
338 665 415 692 redit
433 664 465 692 in
483 664 659 700 Samnium,
675 669 706 693 et
729 674 783 702 op-

133 709 239 747 primit
267 708 422 737 Sanmites
448 709 633 745 praedatores
652 710 783 746 Campa<

135 753 207 788 nim,
224 756 275 781 20.
303 752 468 790 prudentia
484 751 550 787 ejus
567 757 596 780 et.
614 753 785 780 moderatio

134 797 167 824 {n
186 795 321 824 comitiis
335 794 625 830 consularil)us‚20.
643 799 673 823 ct
685 799 734 823 21.
749 805 785 823 ex

135 838 410 868 senatusconsulto
426 842 456 866 et
473 838 634 875 plebiscito
644 838 668 866 ei
683 848 786 875 proro-

136 887 243 919 gatum
267 883 298 910 in
322 890 439 909 annum
462 881 639 919 imperium.
663 886 715 910 22.
754 882 785 910 in

136 926 264 955 Samnio
281 925 411 953 feliciter
439 934 485 953 res
513 926 604 963 gerit.
621 930 674 954 30.
689 935 717 954 ec
733 930 785 954 31.

137 970 203 1006 ejus
219 978 296 997 uxor
311 968 466 1006 Virginia.
484 969 545 996 vid.
563 969 714 1007 Virginia.

97 1014 129 1042 1¹.
147 1012 338 1041 Volumnius
366 1016 487 1040 creatur
515 1012 638 1047 consul,
671 1017 704 1047 3,
739 1016 787 1041 10.

141 1057 261 1092 legatus
292 1055 329 1083 ab
347 1055 516 1091 ,Equorum
544 1055 619 1083 duee
645 1056 787 1084 Graccho

139 1098 252 1127 (Λα-110
270 1098 442 1135 spernitur,
462 1101 515 1126 25.

97 1141 284 1171 Voluntaria
300 1141 426 1169 collatio
440 1144 618 1169 senatorum
636 1142 673 1170 ad
683 1142 787 1170 levan-

141 1186 210 1213 ‹lam
235 1184 333 1213 aerarii
357 1184 506 1221 inopiam,
535 1186 588 1218 26,
605 1187 659 1214 36.
684 1185 745 1214 vicl.
761 1187 789 1213 el

143 1233 173 1262 5,
190 1230 241 1256 60.

98 1270 316 1301 Voluntariam
329 1269 470 1299 militiam
488 1270 792 1308 professisjubentur

141 1324 203 1343 {era
220 1313 396 1352 procedere,
417 1318 450 1349 5,
469 1318 500 1344 7.

99 1356 278 1387 Voluntarii
312 1356 438 1390 milites,
464 1361 496 1393 5,
519 1359 567 1386 16.
591 1361 645 1393 27,
662 1360 714 1387 46.
739 1361 791 1391 28,

143 1406 194 1430 45.
213 1405 264 1434 29,
283 1404 307 1427 1.
324 1404 379 1435 37,
392 1404 421 1428 4.

101 1442 413 1481 Volustana,jugum
434 1443 679 1472 Cambuniorum
703 1452 793 1472 mou·

145 1488 224 1516 tium
239 1491 365 1522 vocant,
381 1489 435 1520 44,
454 1490 484 1515 2.

103 1532 226 1566 Vorago
239 1531 269 1558 in
288 1530 354 1558 foro
370 1529 512 1559 Romano
528 1530 636 1567 nequit
652 1529 797 1566 conjectu

145 1578 234 1602 terrae
260 1572 389 1610 expleri,
406 1577 438 1608 7,
457 1575 485 1601 6.
513 1572 640 1601 Curtius
657 1582 689 1602 se
704 1574 800 1602 devo-

146 1620 210 1652 vet,
229 1620 273 1652 et,
290 1625 369 1653 equo
386 1615 539 1651 insidens,
551 1620 688 1646 armatus
718 1626 749 1645 se
766 1616 798 1644 in

149 1669 274 1698 specum
291 1659 449 1695 immittit,
468 1659 543 1688 nid.

104 1704 316 1738 Vortumnus,
334 1702 434 1737 Deus,
452 1706 505 1734 44,
529 1705 576 1732 16.

106 1747 191 1776 Vota
219 1745 478 1784 quinquennalia,
510 1749 561 1778 27,
580 1750 632 1774 33.
663 1750 719 1783 30,
747 1749 799 1777 27.

148 1794 203 1826 31,
220 1794 248 1820 9.
273 1789 465 1821 decennalia,
484 1793 538 1821 42,
555 1793 605 1817 28.

108 1834 193 1862 Vota
209 1836 395 1870 nuncupant
418 1832 562 1861 consules
579 1833 611 1860 in
629 1832 799 1869 Capitolio,

149 1880 315 1913 antequam
341 1876 373 1903 in
400 1875 575 1913 provincias
603 1876 801 1914 proficiscan-

152 1924 217 1955 tur,
234 1923 290 1954 41,
304 1923 358 1947 32.
376 1923 431 1954 42,
447 1922 500 1949 49.

108 1963 193 1991 Vota
206 1962 393 1991 valetudinis
409 1961 515 1999 populi
532 1970 653 1995 caussa,
671 1966 724 1995 42,
739 1965 768 1989 2.

109 2006 198 2041 Voti,
216 2014 278 2043 quo
293 2005 401 2033 consul
416 2005 505 2033 ludos
521 2014 651 2043 magnos
663 2005 736 2034 Jovi
748 2013 803 2033 vo-

154 2053 220 2084 vet,
240 2048 387 2083 formula,
402 2050 457 2083 36,
475 2052 505 2076 2.

110 2092 229 2121 Votum
239 2095 398 2130 praeeunte
408 2091 554 2129 pontifice
564 2091 694 2127 factum,
707 2095 739 2127 4,
753 2095 804 2121 27.

112 2136 230 2164 Votum
258 2136 384 2163 incertae
400 2136 539 2172 pecunia:
566 2143 605 2162 an
622 2134 722 2172 possit
738 2143 804 2162 sus-

155 2177 240 2217 cipi?
267 2181 323 2213 31,
337 2181 366 2207 9.

113 2220 475 2257 adVotum‚inconsulto
485 2223 594 2248 senatu
605 2224 806 2259 conceptum,

157 2264 291 2302 pecunia
303 2264 340 2292 de
354 2263 477 2302 publico
496 2267 639 2301 negatur,
653 2267 708 2300 36,
723 2266 775 2292 36.

114 2308 185 2337 Vox
201 2314 296 2336 noctu
313 2307 420 2335 audita
435 2306 573 2335 bumana
584 2307 693 2336 clarior
707 2307 744 2335 de
757 2307 808 2335 ad-

160 2354 257 2379 ventu
275 2351 450 2384 Gallorum,
468 2353 499 2385 5,
516 2354 569 2379 32.

115 2395 185 2424 Vox
209 2398 304 2423 noctu
328 2393 435 2422 audita
449 2402 486 2420 ex
501 2392 630 2421 delubro
655 2393 809 2431 Proserpi-

163 2447 208 2466 nae
225 2437 346 2473 Locris,
364 2441 418 2471 29,
441 2439 489 2464 18.

119 2480 254 2509 Urbanae
264 2480 376 2513 tribus,
394 2479 456 2508 viri.
474 2478 598 2507 Tribus.

119 2524 254 2552 Urbanas
271 2524 420 2558 legiones,
436 2523 499 2551 vizl.
519 2523 681 2559 Legiones.

122 2566 249 2594 Urbium
281 2566 459 2604 primordia,
485 2564 642 2594 miscendo
673 2564 812 2593 humana

163 2609 288 2644 divinis,
304 2609 486 2647 augustiora.
501 2609 596 2644 facta,
615 2607 714 2643 Prtes.

123 2652 252 2681 Urbium
268 2656 385 2680 veteres
402 2652 580 2680 conditores
599 2655 704 2680 natam
721 2651 780 2679 sibi
797 2661 812 2679 e

166 2700 248 2723 terra
264 2695 378 2732 prolem
396 2695 658 2729 ementiebantur,
680 2698 709 2729 1,
727 2698 755 2722 8.

124 2739 224 2767 Urbes
241 2738 363 2773 dirutae,
386 2747 424 2766 ne
447 2739 589 2768 venirent
616 2739 647 2767 in
675 2737 813 2767 hostium

166 2786 366 2820 potestatem,
383 2784 439 2819 31,
453 2784 504 2809 28.

1439 85 1515 125 439

826 189 925 218 Urbes
943 193 1040 228 capta.²
1069 189 1161 228 diripi
1179 191 1295 229 solent,
1314 201 1376 221 non
1394 194 1519 231 deditae,

868 236 922 266 37,
936 237 989 261 32.

829 275 926 305 Urbes
949 275 1032 305 orbis
1046 279 1198 306 terrarum
1215 278 1356 307 maxima:
1375 279 1475 309 Roma
1490 282 1522 309 et

870 320 1040 357 (artliago,
1057 323 1113 355 38,
1132 324 1184 348 50.

828 362 964 391 Urbibus
989 362 1156 400 parcebant
1172 365 1291 392 veteres
1319 364 1522 400 Macedones,

871 415 932 443 quo
961 406 1111 435 habereut
1137 406 1300 445 imperium
1329 408 1522 446 opulentius,

870 454 925 485 ae,
943 453 994 477 33.

830 492 978 523 Urbicua.
996 493 1146 530 oppidum
1178 492 1355 531 Hispaniae,
1373 493 1493 532 capitur
1509 502 1527 521 a

873 535 913 566 Q.
933 535 1042 564 Fulvio
1060 536 1187 571 Flacco,
1204 540 1260 572 40,
1283 539 1329 565 16.

831 578 1027 613 Ennaton-s,
1046 584 1100 614 44,
1120 583 1168 608 10.

829 621 948 657 Urites,
967 620 1066 650 Italiae
1079 622 1224 660 populus,
1242 627 1297 658 42,
1312 626 1364 650 48.

831 666 865 693 C.
884 665 1050 700 Ursanius,
1068 665 1214 694 tribunus
1232 666 1342 704 plebis,
1355 668 1412 700 33,
1431 668 1482 693 22.

833 708 902 736 Ursi
919 712 951 736 et
966 707 1124 746 elephanti
1143 709 1173 737 iu
1200 709 1281 737 ludis
1308 707 1521 744 Circensibus,

873 756 928 787 44,
949 755 994 779 18.

833 794 967 831 Uscana,
1000 795 1162 833 oppidum,
1190 799 1246 831 43,
1273 799 1320 823 12.
1347 798 1400 829 20,
1423 798 1475 822 21.
1499 796 1529 821 ct

874 841 924 867 23.
970 838 1009 866 ab
1032 837 1265 867 Uscanensibus
1303 838 1432 866 caeditur
1466 837 1528 874 Ap.

875 881 1037 917 Claudius,
1055 886 1104 910 12.

836 925 937 954 Utens
954 924 1082 960 fluvius,
1102 929 1133 959 5,
1149 929 1200 953 35.

836 968 960 999 Uticam
973 968 1011 997 Τ.
1026 968 1180 996 Otacilius
1200 976 1269 995 cum
1288 967 1383 996 classe
1398 964 1529 1003 trajicit,

877 1016 930 1046 25,
944 1016 995 1039 31.
1020 1009 1081 1039 alia
1098 1011 1129 1039 in
1150 1010 1329 1039 Uticensem
1346 1018 1455 1048 agrum
1477 1018 1529 1036 ex-

877 1055 1010 1087 scens-10.
1029 1058 1082 1088 27,
1101 1059 1128 1082 5.
1147 1053 1228 1082 circa
1244 1054 1312 1090 ipsa
1326 1053 1444 1082 moenia
1459 1052 1516 1080 Uti

877 1108 919 1126 ca:
943 1097 1062 1135 praedas
1100 1100 1200 1135 agunt
1235 1096 1384 1131 Romani,
1423 1098 1477 1128 28,
1501 1098 1534 1123 4.

878 1141 1002 1169 Uticam
1021 1140 1122 1168 mittit
1138 1139 1264 1168 classem
1283 1139 1401 1177 Scipio,
1415 1141 1468 1172 29,
1481 1140 1533 1166 28.

877 1183 1001 1212 Uticam
1020 1183 1136 1211 frustra
1160 1188 1324 1221 oppugnat
1343 1181 1463 1220 Scipio,
1479 1184 1534 1209 35.

878 1235 983 1255 rursus
1007 1226 1142 1262 obsidet,
1164 1230 1221 1261 30,
1239 1230 1270 1255 3.
1298 1230 1327 1254 5.
1351 1228 1382 1254 et
1404 1228 1432 1252 8.
1456 1223 1534 1252 clas·

878 1279 941 1298 sem
967 1269 1122 1307 Scipionis
1147 1270 1184 1298 ad
1219 1269 1344 1297 Uticam
1379 1267 1534 1296 invadunt

879 1313 1169 1351 Carthaginienses,
1183 1316 1213 1342 9.
1230 1315 1256 1340 el
1278 1316 1325 1340 10.

838 1356 971 1392 Utrarii,
986 1360 1041 1392 44,
1056 1361 1107 1385 33.

837 1400 1013 1435 Vulcanus,
1035 1404 1063 1435 1,
1079 1403 1132 1429 37.
1150 1403 1181 1433 8,
1204 1402 1250 1426 18.
1267 1397 1294 1426 ei
1317 1399 1437 1426 sacrata
1452 1404 1537 1425 arma

883 1446 915 1471 et¹
946 1443 1045 1480 spolia
1068 1441 1206 1470 hostium
1232 1441 1478 1472 succenduntur,
1506 1442 1535 1471 l,

884 1490 936 1516 37.
952 1490 1007 1521 30,
1025 1488 1056 1514 6.
1073 1489 1127 1520 41,
1147 1487 1195 1514 16.
1212 1485 1244 1513 in
1261 1483 1454 1513 lectisternio
1468 1481 1539 1520 pul-

885 1527 974 1557 vinar
990 1529 1134 1557 Vulcano
1150 1531 1181 1556 et
1196 1528 1311 1561 Vestae,
1330 1531 1382 1559 22,
1403 1530 1451 1554 10.

846 1572 981 1602 Vulcani
998 1576 1090 1610 caput
1107 1571 1206 1607 ardet,
1221 1571 1281 1599 vid.
1301 1569 1492 1608 Prodigium.

864 1632 907 1639 -
923 1623 1005 1650 area,
1021 1620 1054 1651 9,
1071 1617 1123 1644 46.
1139 1618 1194 1651 39,
1211 1616 1264 1642 46.
1285 1617 1339 1649 4ο,
1359 1617 1409 1643 19.

865 1677 907 1683 --
923 1659 1002 1687 aedes
1020 1659 1050 1687 in
1074 1658 1204 1695 Campo,
1223 1660 1277 1691 24,
1297 1660 1347 1686 10.

864 1719 907 1725 -·
923 1702 1047 1733 insuiae,
1067 1705 1121 1737 21,
1140 1706 1195 1731 49.
1209 1705 1239 1728 st
1257 1703 1308 1728 51.

845 1745 1075 1780 Vulsinienses,
1094 1745 1156 1773 vid.
1172 1743 1401 1773 Volsinienses.

845 1787 994 1816 Vultures
1018 1797 1083 1823 sex,
1108 1786 1272 1826 augurium
1297 1786 1410 1822 Remo,
1427 1783 1541 1814 duode-

889 1831 948 1859 cim
963 1831 1112 1866 Romulo,
1135 1835 1164 1867 1,
1181 1832 1212 1858 6.

846 1874 986 1903 Vulturii
1001 1879 1031 1903 et
1048 1882 1138 1903 canes
1165 1874 1285 1902 intacta
1299 1872 1481 1910 relinquunt
1493 1883 1543 1902 ea-

890 1918 1001 1946 davcra
1012 1918 1228 1946 absumtorum
1246 1916 1425 1954 pestilentia
1440 1916 1541 1946 homi-

891 1970 966 1989 num
985 1961 1152 1998 boumque,
1168 1964 1220 1994 41,
1232 1962 1284 1988 26.

848 2005 1040 2041 Vulturnus,
1065 2004 1137 2033 urbs
1154 2003 1372 2037 Etruscorum,
1388 2003 1510 2041 capitur
1525 2012 1543 2030 a

893 2048 1086 2076 Samnitibus
1116 2047 1200 2084 dolo,
1225 2050 1258 2075 et
1282 2047 1390 2084 Capua
1412 2046 1546 2086 appella-

892 2094 958 2127 tur,
971 2095 1004 2127 4,
1020 2095 1073 2122 37.

850 2133 1042 2170 Vulturnus,
1058 2134 1184 2169 fluvius,
1204 2137 1235 2167 S,
1252 2136 1300 2161 11.
1318 2135 1369 2168 10,
1383 2136 1435 2160 20.
1451 2136 1481 2160 et
1493 2136 1544 2160 31.

894 2181 950 2214 22,
971 2181 1018 2205 14.
1033 2181 1063 2205 et
1082 2180 1130 2205 15.
1154 2179 1276 2213 23,14.
1304 2179 1352 2205 19.
1376 2180 1406 2204 et
1421 2177 1474 2205 36.
1489 2179 1546 2212 32,

896 2223 946 2249 29.

853 2263 890 2292 ad
904 2263 1054 2291 Vulturni
1070 2262 1185 2291 ostium
1196 2261 1358 2290 castellum
1372 2261 1548 2290 communi-

895 2308 977 2341 tum,
993 2306 1047 2334 ubi
1064 2309 1173 2343 postea
1188 2305 1260 2334 urbs
1288 2304 1359 2337 fuit,
1378 2308 1431 2338 25,
1450 2307 1500 2332 20.
1517 2307 1547 2332 et

897 2353 948 2378 22.
971 2349 1164 2377 Vulturnum
1188 2348 1311 2377 colonia
1335 2347 1476 2381 deducta,
1491 2351 1547 2383 34,

896 2396 947 2421 45.
965 2392 1027 2420 vid.
1044 2393 1139 2420 etlam
1154 2393 1208 2424 36,
1225 2395 1279 2421 37.

854 2435 1033 2464 Vulturnus
1048 2438 1176 2470 ventus,
1192 2438 1246 2470 22,
1262 2437 1313 2462 43.
1331 2437 1546 2471 prospectum,

899 2479 929 2506 in
947 2478 1058 2516 proelio
1082 2487 1152 2506 cum
1175 2476 1346 2512 Annibale,
1364 2477 1464 2505 multo
1479 2476 1548 2513 pul—

898 2530 968 2550 vere
985 2522 1017 2550 in
1041 2530 1096 2550 ora
1112 2520 1278 2557 volvendo,
1296 2520 1405 2549 adimit
1434 2520 1551 2548 Roma-

901 2565 961 2600 nis,
978 2567 1029 2593 46.

856 2608 973 2638 Uxoris
990 2611 1143 2645 corruptae
1160 2607 1206 2635 ira
1233 2606 1379 2635 maritum
1396 2605 1551 2640 stimulat,

900 2656 935 2679 ut
950 2651 1140 2689 alienigenas
1168 2650 1200 2677 iu
1229 2648 1383 2684 regionem
1408 2647 1549 2684 inducat,

900 2695 947 2722 sui
959 2693 1129 2723 ulciscendi
1142 2700 1262 2726 caussa,
1281 2695 1312 2726 5,
1327 2695 1379 2719 33.

859 2737 978 2766 Uxores
1004 2746 1074 2765 suas
1097 2736 1271 2771 liberosque
1287 2734 1411 2761 caedunt
1427 2732 1497 2768 viri,
1513 2742 1550 2762 ue

901 2781 1030 2809 veniant
1045 2781 1078 2808 iu
1096 2787 1206 2808 manus
1224 2777 1375 2813 bostium,
1394 2780 1446 2813 28,
1464 2780 1513 2805 23.
