1826 3149
322 90 397 125 258
873 84 1184 124 EPITOMAE

325 207 553 250 magnaque
571 194 823 236 multitudine
837 195 1006 236 hostium
1025 209 1141 246 exesa,
1158 195 1337 250 aliquam
1354 201 1514 249 partem
1534 195 1676 236 insulae
1687 195 1732 235 in

323 257 557 304 potestatem
576 252 750 306 redegit.

956 413 1102 467 CVI.

380 529 499 571 Julia
522 527 694 569 Coesaris
709 526 823 580 filia,
855 528 1043 582 Pompeii
1069 542 1184 580 uxor,
1204 528 1394 570 decessit.-
1436 529 1633 582 honosque
1650 528 1687 569 ei
1706 543 1734 568 a

315 587 470 639 populo
489 584 651 625 habitus
670 590 739 634 est,
755 591 799 625 ut
820 586 862 626 in
884 600 1024 639 campo
1041 585 1200 627 Martio
1217 587 1463 639 sepeliretur.
1526 586 1735 626 Gallorum

320 644 475 696 aliquot
497 641 651 694 populi,
681 641 715 669 ⁷⁷
728 643 960 698 Ambiorige
988 645 1086 684 duce
1114 643 1363 695 Eburonum,
1393 643 1649 697 deficerunt:
1707 656 1734 682 a

322 700 459 753 quibus
480 700 601 740 Cotta
621 705 659 740 et
673 698 708 726 ⁷⁸
727 699 925 751 Titurius,
940 700 1068 755 legati
1089 700 1277 750 Caesaris‚
1293 700 1544 741 circumventi
1560 699 1734 749 insidiis,

320 770 405 797 cum
425 757 616 807 mereim,
635 757 701 797 cui
710 764 933 810 prceerant,
954 758 1047 798 caesi
1064 764 1167 799 sunt.
1187 763 1227 798 et
1245 772 1361 812 quum
1389 758 1566 798 aliarum
1585 770 1739 811 quoque

320 814 517 868 legionum
537 819 673 854 castra
693 821 932 868 oppugnata
959 828 1104 868 magno
1123 814 1261 855 labore
1280 813 1443 867 defensa
1463 820 1603 863 essent,
1624 813 1657 841 7⁹
1670 814 1736 854 in-

320 877 460 924 terque
480 885 558 922 eos,
580 870 649 925 qui
668 871 709 911 in
730 870 897 913 Nerviis
923 878 1111 924 praeerat,
1138 870 1190 920 Q.
1214 871 1369 921 Cicero,
1391 871 1443 912 ab
1465 872 1552 923 ipso
1575 871 1736 912 Caesare

321 929 447 969 hostes
458 928 606 981 proelio
615 926 708 979 jusi
727 935 834 969 sunt.
885 928 951 970 M.
971 929 1153 980 Crassus,
1169 929 1311 970 bellum
1331 928 1507 970 Parthis
1522 929 1734 976 inlaturus,

320 986 572 1038 Euphratem
583 986 760 1042 fluvium
792 987 972 1036 transiit,
993 987 1193 1040 victusque
1218 986 1381 1039 proelio,
1401 986 1446 1027 in
1465 999 1542 1050 quo
1561 990 1600 1026 et
1608 985 1738 1038 filius

321 1041 404 1095 ejus
419 1042 571 1108 cecidit,
593 1056 710 1096 quum
739 1044 937 1097 reliquias
965 1044 1160 1084 exercitus
1179 1044 1222 1084 in
1247 1045 1383 1085 collem
1410 1043 1626 1095 recepisset,
1646 1054 1737 1083 evo·

321 1105 434 1141 catus
452 1099 496 1140 in
513 1101 761 1154 conloquium
790 1101 843 1139 ab
861 1101 1052 1149 hostibus,
1073 1101 1178 1142 velut
1198 1102 1248 1142 de
1264 1115 1372 1154 pace
1391 1100 1557 1150 acturis,
1576 1112 1737 1154 quorum

321 1157 403 1197 dux
431 1162 517 1197 erat
548 1156 736 1208 Surenas,
755 1157 1064 1211 comprehensus,
1085 1164 1139 1208 et,
1170 1172 1220 1199 ne
1248 1159 1347 1213 quid
1375 1158 1488 1200 vimis
1507 1161 1735 1211 pateretur,

321 1227 555 1269 repugnans
574 1211 808 1267 interfectus
827 1220 898 1256 est.

930 1369 1111 1424 CVII.

383 1495 429 1537 G.
455 1495 606 1545 Caesar,
634 1495 818 1537 Treviris
837 1495 879 1536 in
901 1494 1052 1537 Gallia
1082 1496 1213 1545 victis,
1232 1496 1376 1537 iterum
1405 1496 1449 1536 in
1473 1495 1738 1538 Germaniam

321 1553 492 1594 transiit
505 1571 518 1593 .·
547 1554 731 1607 nulloque
750 1553 804 1592 ibi
824 1553 931 1594 hoste
948 1553 1123 1604 invento,
1143 1567 1322 1595 reversus
1342 1554 1385 1593 in
1413 1554 1605 1605 Galliam,
1627 1554 1739 1594 Ebu-

322 1623 436 1651 rones
455 1616 494 1651 et
514 1610 622 1651 alias
652 1611 845 1660 civitates,
866 1623 956 1664 quae
983 1611 1326 1664 conspiraverant,
1346 1610 1453 1658 vicit,
1476 1617 1515 1652 et
1535 1611 1740 1652 Ambiori-

319 1680 411 1721 gem
432 1667 477 1707 in
491 1665 602 1722 fuga
622 1673 853 1720 persecutus
883 1673 953 1708 est.
1014 1667 1067 1707 P.
1092 1667 1236 1717 Clodii,
1268 1681 1294 1708 a
1330 1667 1378 1708 T.
1400 1667 1539 1708 Annio
1570 1667 1738 1717 Milone,

322 1724 540 1766 candidato
573 1725 814 1789 consulatuS,
850 1723 988 1781 Appia
1022 1723 1087 1764 via
1118 1725 1175 1764 ad
1207 1724 1388 1765 Bovillas
1426 1725 1558 1774 occisi,
1597 1739 1740 1778 corpus

314 1779 432 1833 plebs
465 1782 508 1821 in
527 1781 644 1822 curia
681 1780 882 1822 cremavit.
945 1781 1071 1830 Quum
1105 1781 1316 1822 seditiones
1355 1781 1463 1822 inter
1499 1782 1741 1823 candidatos

321 1837 546 1879 consulatus
566 1838 802 1892 Hypsaeum,
823 1837 1064 1892 Scipionem,
1086 1845 1125 1879 et
1146 1838 1346 1879 Milonem
1365 1844 1505 1887 essent,
1527 1839 1599 1892 qui
1616 1839 1742 1880 armis

322 1908 371 1935 ac
390 1895 432 1936 vi
450 1895 734 1936 contendebant
746 1917 762 1942 ,-
799 1896 855 1935 ad
873 1895 1182 1948 comprimendas
1211 1908 1280 1936 eas
1297 1893 1332 1920 ⁸⁰
1347 1895 1421 1936 Cn.
1452 1895 1666 1948 Pompeius
1687 1899 1740 1936 te-

318 1957 438 2005 gatus
459 1965 486 1991 a
502 1958 642 1992 senatu
669 1953 807 1993 consul
830 1952 992 1993 tertium
1003 1952 1151 2007 sactus
1176 1958 1247 2001 est,
1267 1952 1408 1993 absens
1434 1959 1472 1993 et
1499 1952 1615 2002 solus,
1636 1954 1742 2007 quod

321 2008 425 2048 nulli
449 2009 530 2049 alii
554 2023 737 2062 umquam
765 2009 949 2063 contigit.
1011 2010 1240 2057 Quaestione
1267 2010 1422 2050 decreta
1452 2010 1501 2049 de
1529 2015 1654 2050 morte
1688 2010 1740 2050 P.

324 2064 476 2115 Clodii,
500 2065 609 2107 Milo
625 2064 789 2120 judicio
817 2067 1031 2109 damnatus
1060 2067 1105 2107 in
1132 2067 1316 2108 exsilium
1344 2072 1458 2108 actus
1476 2072 1547 2108 est.
1604 2065 1637 2090 ⁸¹
1653 2066 1741 2107 Lex

366 2188 406 2218 77
431 2188 592 2231 Ambiorige
621 2192 693 2220 duce
726 2190 894 2220 Eburonum
943 2189 1005 2220 Hic
1051 2200 1146 2230 quum
1170 2190 1202 2220 in
1231 2189 1387 2231 plerisque
1409 2188 1501 2220 editis
1514 2189 1667 2230 legeretur
1686 2192 1737 2230 qui

323 2229 442 2272 aliquid
457 2215 768 2263 deessemanifestum
784 2238 839 2263 est.
918 2242 1006 2263 rono-
1051 2234 1083 2262 in
1116 2233 1243 2263 Treviris
1275 2238 1416 2271 praeerat,
1454 2231 1504 2262 edi
1529 2232 1675 2279 j11SS1mus
1702 2234 1735 2262 in

323 2283 392 2304 vius
441 2274 572 2315 reponit,
615 2276 778 2316 Ambiorige
819 2276 903 2312 duce,
941 2286 1008 2316 rege
1055 2275 1180 2311 Nerviis,
1210 2274 1347 2305 obsecuti
1381 2276 1453 2306 Jac.
1482 2273 1650 2310 Gronovio,
1681 2274 1733 2316 qui

326 2315 507 2346 Eburonum.
1052 2317 1096 2348 ita
1111 2316 1255 2348 habuisse
1271 2316 1442 2359 antiquitus
1456 2327 1545 2348 cusos
1560 2316 1670 2347 docet:
1703 2323 1735 2348 et

367 2358 408 2388 78
435 2359 582 2407 Titurius]
620 2359 689 2390 Hoc
717 2358 846 2390 debetur
872 2358 1006 2400 Sigonio.
1051 2359 1091 2390 de
1120 2360 1188 2401 ipsa
1211 2370 1243 2390 re
1273 2365 1393 2391 constat
1414 2369 1452 2391 ex
1477 2358 1612 2390 Caesaris
1638 2358 1734 2402 ipsius

325 2399 487 2431 vetustius
508 2401 574 2432 cusi
595 2401 764 2438 habebant,
789 2402 823 2433 T.
845 2402 1007 2433 Auruncu·
1052 2403 1229 2434 Comment.
1243 2402 1265 2432 l.
1282 2403 1326 2433 V.

325 2442 413 2472 Ieius:
458 2443 575 2483 sigonii
613 2444 747 2480 codices,
787 2444 820 2473 Τ.
859 2444 1008 2476 Veturius.
1093 2445 1136 2476 80
1173 2446 1232 2476 Cn.
1263 2445 1414 2484 Pompeius
1442 2445 1555 2485 legatus
1579 2456 1598 2474 a
1616 2444 1734 2485 senatu]

326 2484 445 2517 Verum
471 2496 583 2517 nomen
604 2486 657 2517 ille
680 2486 837 2518 revocavit
866 2497 905 2518 ex
935 2487 1007 2519 Cae-
1052 2487 1172 2518 Vitium
1198 2497 1264 2518 esse
1286 2486 1319 2517 in
1341 2497 1416 2518 voce
1440 2487 1562 2528 legatus,
1585 2486 1732 2517 manifes-

324 2537 404 2559 sare.
1051 2535 1118 2561 tum
1140 2535 1197 2560 est.
1242 2529 1422 2573 Suspicatur
1445 2528 1630 2566 Gronovius,
1645 2540 1731 2571 roga-

368 2569 410 2601 79
434 2569 571 2610 Interque
592 2581 645 2607 eos,
667 2572 717 2611 qui
738 2573 770 2601 in
795 2571 910 2602 Nerviis
928 2583 1006 2611 proe-
1050 2578 1107 2604 tus.

324 2619 399 2649 erat,
418 2612 455 2647 Q.
472 2614 590 2654 Cicero]
615 2613 730 2650 Primo,
754 2613 831 2644 nihil
853 2620 900 2644 est
921 2614 1006 2645 iniis
1091 2615 1129 2645 81
1156 2614 1215 2645 Lea.-
1235 2615 1295 2645 lata
1316 2615 1373 2655 est]
1399 2614 1468 2646 Hoc
1490 2613 1620 2645 debetur
1641 2613 1729 2656 Sigo-

324 2665 397 2695 quae
418 2655 611 2697 praecedunt,
634 2667 695 2696 quo
719 2656 868 2687 1eferatur
891 2656 926 2688 τὸ
949 2668 1004 2688 eos.
1048 2657 1109 2693 nio,
1147 2657 1200 2697 qui
1230 2657 1365 2699 reposuit
1392 2658 1520 2688 verbum
1548 2657 1581 2688 in
1609 2656 1669 2688 hac
1698 2667 1732 2688 re

325 2697 523 2739 Itaque-lege
537 2709 609 2730 cum
625 2699 781 2730 Gronovio
796 2699 845 2730 vel
861 2700 1001 2741 superius
1043 2699 1199 2742 proprium
1235 2702 1307 2737 lata,
1345 2711 1399 2742 pro
1434 2702 1524 2737 dicta,
1561 2700 1610 2731 vel
1646 2702 1728 2736 data,

322 2741 449 2771 alimum
476 2752 585 2781 quoque
611 2742 770 2783 legatorum
799 2753 852 2783 pro
874 2744 1003 2773 aliatum
1046 2742 1198 2784 quomodo
1225 2743 1293 2775 libri
1323 2754 1387 2775 sive
1418 2743 1505 2780 editi,
1529 2742 1593 2774 sive
1623 2742 1729 2785 scripti

324 2793 432 2822 quoque
460 2785 615 2825 legionum,
647 2785 695 2816 vel
725 2784 776 2815 hic
797 2787 928 2824 interque
957 2797 1001 2821 ea,
1045 2786 1211 2818 habebant.

324 2826 449 2863 quibus.
468 2833 613 2866 ,prceerut
644 2828 682 2862 Q.
706 2828 820 2858 mrem.
847 2827 1000 2863 Secundo,
