1831 3194
477 97 1034 137 L1BROR.DEPERD.
1379 103 1454 143 269

42 216 112 252 est.
176 212 242 252 Ca
245 223 314 251 sar
334 210 561 251 seditionem
583 214 876 256 veteranorum,
900 223 983 250 cum
1012 223 1160 264 magna
1174 212 1358 263 pernicie
1376 227 1456 254 mo-

41 274 137 317 tam,
161 269 364 308 inhibuit:
394 268 593 321 Japydas,
626 272 664 305 et
697 265 929 316 Dalmatas,
961 273 999 306 et
1029 268 1271 308 Pannonios
1291 269 1457 323 subegit.

43 325 246 365 Antonius
267 326 329 366 Ar
335 325 551 372 tavasdem,
573 322 772 364 Armeniae
786 337 942 377 regem,
945 325 1031 375 fide
1045 325 1145 365 data
1155 327 1433 378 perductum,
1419 341 1459 366 zn

40 395 65 423 ἰ
59 383 195 422 incula
209 397 349 436 coryzc1
346 381 493 436 jussit,
508 394 746 445 regnumque
759 381 1060 434 Armeuioefilio
1071 395 1156 432 suo,
1171 397 1220 423 ex
1235 384 1458 437 Cleopatra

42 448 151 489 nato,
183 441 307 486 dedi&
340 453 457 493 quam
479 438 613 479 uxoris
643 439 740 490 loco,
757 436 850 490 jam
864 439 1026 491 pridem
1047 446 1188 494 captus
1207 454 1341 482 amore
1361 455 1457 496 eyus,

46 496 192 537 habere
211 510 343 550 coeper
345 503 402 537 at.

600 656 898 710 CXXXII.

101 787 242 827 Caesar
258 786 302 827 in
323 784 491 840 Illyrico
508 785 730 826 Dalmatas
746 786 911 826 domuit.
966 786 1093 833 Quum
1113 785 1177 826 M.
1197 788 1395 828 Antonius
1411 787 1459 827 ob

42 856 213 883 amorem
236 844 477 896 Cleopatroe,
499 857 548 883 ex
563 856 642 897 qua
658 843 756 883 duos
761 842 879 893 filios
895 842 1077 892 habehat,
1099 844 1407 897 Philadelphum
1423 852 1459 885 et

42 900 333 950 Alexandrum,
355 914 479 966 neque
500 901 542 941 in
561 900 694 940 urbem
714 901 850 941 venire
869 901 1000 949 vellet,
1022 915 1157 954 neque,
1178 900 1302 951 finito
1321 903 1459 943 trium-

38 958 198 998 viratus
212 964 403 1012 tempore,
427 958 638 1011 imperium
658 958 864 1010 deponere,
882 957 1100 1011 bellumque
1120 959 1333 1008 moliretur,
1356 960 1462 1025 quod

41 1016 131 1056 urbi
146 1021 184 1055 et
198 1016 339 1056 Italiae
354 1015 531 1070 inferret,
553 1014 781 1069 ingentibus
796 1020 878 1055 tam
898 1015 1109 1056 navalibus
1124 1029 1241 1069 quam
1262 1022 1322 1057 ter
1323 1018 1459 1057 restri-

40 1071 111 1114 hus
130 1074 256 1126 copiis
275 1074 322 1113 ob
342 1074 414 1112 hoe
432 1073 662 1123 contractis,
683 1071 919 1126 remissoque
937 1071 1118 1113 Octaviae
1136 1087 1203 1112 sor
1204 1073 1266 1112 ori
1284 1074 1443 1114 Caesar·
1427 1087 1462 1114 ts

39 1131 221 1183 repudiO,
246 1132 388 1172 Caesar
407 1131 451 1170 in
471 1129 642 1183 Epirum
664 1142 748 1169 cum
781 1129 958 1170 exercitu
987 1129 1153 1183 trajecit.
1212 1130 1372 1185 Pugnoe
1392 1131 1460 1171 de-

42 1188 138 1227 inde
156 1189 324 1229 navales
343 1193 382 1228 et
395 1187 546 1241 proelia
568 1186 768 1242 equestria
788 1187 960 1228 secunda
982 1187 1160 1230 Caesaris
1180 1187 1424 1243 referuntur.

597 1373 919 1428 CXXXIII.

102 1515 169 1557 M.
184 1517 381 1558 Antonius
401 1516 457 1556 ad
475 1514 640 1557 Actium
655 1517 781 1557 classe
796 1514 934 1562 victus,
951 1513 1244 1555 Alexandriam
1252 1513 1440 1569 profugit
1451 1538 1464 1561 ;

43 1573 293 1626 obsessusque
312 1588 339 1613 a
363 1574 539 1622 Caesare,
556 1574 599 1614 in
620 1574 764 1613 ultima
784 1586 916 1613 rerum
936 1572 1230 1625 desperatione,
1256 1573 1462 1625 prcecipue

45 1632 184 1672 occisae
201 1631 554 1684 Cleopatraefalso
569 1644 730 1671 rumore
746 1630 937 1683 inpulsus,
958 1643 1000 1670 se
1014 1630 1100 1682 ipse
1119 1627 1335 1681 interfecit.
1371 1631 1460 1671 Ca>-

44 1701 132 1739 sar,
149 1687 400 1729 Alexandria
423 1688 467 1728 iu
485 1693 721 1740 potestatem
742 1688 926 1736 redacta,
952 1686 1187 1740 Cleopatra,
1220 1701 1270 1726 ue
1292 1688 1335 1727 in
1356 1687 1461 1727 arhi-

45 1746 168 1787 trium
197 1745 359 1785 victoris
387 1746 555 1793 veniret,
598 1744 829 1786 voluntaria
860 1749 981 1784 morte
1010 1744 1215 1797 defuncta,
1258 1744 1302 1784 in
1332 1744 1461 1784 urbem

43 1816 233 1852 reversus,
262 1808 344 1843 tres
374 1802 595 1856 triumphos
624 1803 734 1857 egit.-
774 1815 894 1842 unum
925 1815 974 1841 ex
1002 1801 1188 1856 IllyricO,
1220 1802 1389 1842 alterum
1416 1816 1465 1841 ex

45 1860 216 1901 Actiaca
235 1860 419 1908 victoria,
442 1858 475 1883 ¹3
485 1860 642 1900 tertium
663 1861 712 1900 de
734 1860 967 1912 Cleopatra,
990 1859 1164 1911 inposito
1165 1859 1262 1911 fine
1280 1859 1465 1899 civilibus

46 1917 163 1958 hellis
191 1915 360 1957 “altero
390 1922 429 1958 et
458 1917 646 1971 vigesimo
676 1930 794 1957 anno.
876 1916 942 1956 M.
971 1916 1166 1967 Lepidus,
1200 1915 1362 1968 Lepidi,
1396 1916 1466 1969 qui

44 1972 398 2026 triumvirsuerat‚
407 1975 547 2027 filius,
563 1973 840 2028 conjuratione
858 1979 995 2014 contra
1019 1974 1362 2028 Ca’saremfacta‚
1386 1973 1464 2013 bel-

50 2031 129 2072 lum
149 2031 327 2083 moliens,
347 2031 549 2084 obpressus
569 2038 608 2073 et
627 2032 774 2074 occisus
794 2037 862 2072 est.

607 2212 931 2268 CXXXIV.

113 2357 268 2405 C'cesar,
311 2355 424 2397 rebus
452 2356 690 2410 compositis,
733 2362 773 2398 et
801 2355 979 2398 omnibus
1006 2355 1222 2409 provinciis
1249 2356 1291 2396 in
1320 2361 1467 2397 certam

41 2410 224 2465 sormam
264 2414 451 2464 redactis,
491 2414 708 2470 Augustus
737 2428 893 2470 quoque
919 2413 1217 2469 cognominatus
1255 2419 1340 2454 est:
1389 2411 1469 2453 ¹⁵et

99 2526 139 2556 13
163 2525 294 2557 Tertium
321 2527 356 2557 de
387 2526 556 2568 Cleopatra]
597 2527 648 2559 Sic
677 2527 740 2569 legi
784 2528 912 2559 ratione.
936 2527 966 2558 A
983 2527 1117 2559 Lentulo
1132 2526 1247 2576 quippe
1269 2532 1301 2558 et
1316 2525 1470 2558 Marcello

51 2567 144 2615 jussit
165 2568 320 2610 Sigonius,
335 2579 397 2600 non
419 2581 452 2600 er
476 2572 659 2610 Cleopatra,
664 2581 740 2612 quo·
785 2571 872 2602 Coss
889 2569 1001 2612 quibus
1023 2570 1160 2619 primum
1178 2570 1285 2601 civilia
1298 2575 1383 2601 mota
1398 2573 1470 2599 sunt

53 2609 140 2641 niam
170 2620 243 2642 cum
270 2612 448 2644 nominibus
481 2613 642 2644 hominum
671 2624 741 2656 pro·
785 2623 883 2650 arma,
912 2612 990 2644 alter
1011 2620 1043 2645 et
1067 2613 1233 2645 vicefflmus
1256 2623 1355 2644 annus
1377 2616 1424 2641 est
1445 2610 1472 2640 is

56 2652 132 2694 priis
154 2654 282 2685 verbum
303 2656 484 2694 triumphare
506 2657 641 2699 postulat
661 2667 742 2699 prae
786 2666 848 2697 quo
870 2656 1039 2687 Actiacum
1060 2655 1251 2698 triumphum
1274 2655 1338 2696 egit
1367 2654 1472 2684 Caesar

55 2695 300 2738 positionemde,
314 2707 376 2729 non
391 2709 434 2729 ex.
786 2698 992 2736 Octavianus,
1022 2709 1054 2730 se
1084 2699 1127 2730 V.
1164 2704 1195 2730 et
1223 2698 1293 2729 Sex.
1324 2694 1471 2737 Apuleio,

102 2739 143 2769 14
180 2739 279 2769 Altero
314 2746 342 2769 et
376 2742 505 2772 vicesimo
540 2742 632 2782 anno]
679 2741 742 2773 Hic
787 2742 873 2773 Coss.
901 2742 986 2774 Ante
1012 2741 1172 2783 Sigonium
1200 2740 1361 2781 legebatur
1382 2738 1473 2768 altero

59 2791 183 2822 quoque
205 2781 355 2813 habemus
383 2783 632 2815 emendationem
654 2784 742 2826 Sigo-
787 2791 815 2816 et
829 2786 985 2826 trigesimo,

60 2823 115 2859 mi,
141 2834 247 2855 mxam
275 2834 371 2865 quum
394 2826 576 2858 auctoritate
605 2832 745 2858 veterum
833 2828 872 2858 15
897 2827 937 2858 Et
964 2828 1067 2857 mensis
1103 2824 1231 2864 Sextilis]
1279 2823 1362 2866 Lege
1400 2833 1471 2854 cum

61 2866 219 2903 librorum,
260 2872 326 2898 tum
378 2868 531 2900 subducta
573 2874 745 2912 temporum
790 2869 1007 2906 Gronovio,ut
1022 2876 1049 2899 et
1063 2869 1164 2898 mensis
1179 2867 1301 2898 Sextilis.
