1826 3149
128 194 168 226 U.
181 194 217 225 C.
233 194 305 224 583.

128 237 170 267 A.
185 237 222 268 C.

128 479 169 516 Q.
186 478 307 510 Marcio

127 521 174 551 ΙΙ.
188 522 246 552 Cn.
260 524 327 553 Ser-

128 564 199 594 vilio
217 565 303 595 Coss.

130 607 299 639 Exercitus.

235 238 305 268 169.
341 240 348 247 “

342 76 414 116 106
849 77 883 115 Τ
899 78 915 115 Ι
931 78 964 116 Τ
981 79 997 115 1
1043 78 1078 115 L
1094 79 1111 115 I
1125 78 1159 115 V
1174 78 1190 116 Ι
1208 78 1226 115 I

1513 187 1755 230 Sacerdotes

340 249 450 282 intra
469 257 564 283 eum
585 258 740 284 annum
765 243 934 293 mortui,
955 243 988 267 ⁵¹
1004 244 1053 284 L.
1078 245 1338 286 Flamininus
1359 246 1411 271 Η
1432 244 1646 300 pontifices
1667 245 1753 286 duo

340 297 619 350 decesserunt,
643 300 693 340 L.
718 299 874 340 Furius
896 300 1044 341 Philus
1067 308 1108 342 et
1133 302 1180 342 C.
1205 301 1353 343 Livius
1376 301 1592 343 Salinator.
1623 301 1666 342 in
1695 301 1753 342 lo-

339 369 434 396 cum
467 356 586 396 Furii
613 357 666 396 T.
690 355 899 396 Manlium
924 357 1208 414 Torquatum,
1228 358 1271 398 in
1303 358 1414 399 Livii
1445 358 1508 398 M.
1534 357 1755 399 Servilium

339 411 554 467 pontifices
574 413 778 467 legerunt.

399 468 511 509 XII.
546 469 756 525 Principio
786 468 1041 525 insequentis
1073 470 1169 511 anni
1199 487 1332 527 quum
1364 471 1552 513 consules
1584 471 1680 512 novi
1703 472 1751 522 Q.

341 525 527 566 Marcius
563 534 604 566 et
642 527 717 567 Cn.
753 526 951 568 Servilius
986 527 1038 568 de
1076 527 1299 584 provinciis
1333 528 1585 578 retulissent,
1621 528 1755 584 primo

340 597 508 637 quoque
529 590 715 638 tempore
743 591 816 624 aut
846 599 1084 639 comparare
1114 601 1182 626 eos
1212 585 1319 626 inter
1346 601 1387 626 se
1410 585 1576 626 Italiam
1598 593 1639 626 et
1661 586 1756 626 Ma-

340 638 568 689 cedoniam,
599 648 674 682 aut
705 640 841 681 sortiri
871 640 1052 696 placuit:
1089 641 1334 698 priusquam
1365 641 1409 682 id
1439 657 1525 683 sors
1555 650 1753 692 cerneret,

340 694 383 734 in
412 696 632 746 incertum,
653 712 705 738 ne
735 696 839 753 quid
873 697 1009 752 gratia
1037 699 1235 740 momenti
1270 699 1438 749 faceret,
1460 698 1502 739 in
1533 707 1756 755 utramque

340 752 610 806 provinciam,
633 753 749 809 quod
778 769 843 794 res
867 754 1119 797 desideraret
1150 756 1443 811 supplementi,
1465 755 1640 797 decerni.
1703 756 1756 796 In

342 809 633 850 Macedoniam
662 810 853 866 peditum
876 812 1161 853 Romanorum
1187 828 1258 853 sex
1285 812 1429 862 millia,
1452 812 1655 853 sociorum
1684 827 1756 853 no-

339 864 460 905 minis
497 866 640 907 Latini
670 883 741 908 sex
777 867 929 908 millia:
962 868 1123 924 equites
1157 870 1368 910 Romanos
1402 869 1604 910 ducentos
1635 868 1756 925 quin-

339 922 556 977 quaginta,
589 923 717 965 socios
752 933 968 966 trecentos.
1030 926 1199 966 Veteres
1231 926 1381 967 milites
1414 926 1584 976 dimitti,
1615 925 1675 967 ita
1705 932 1755 967 ut

338 977 380 1018 in
402 979 586 1035 singulas
608 981 818 1022 Romanas
846 981 1025 1037 legiones
1045 997 1096 1022 ne
1136 982 1232 1038 plus
1262 998 1359 1023 sena
1387 982 1516 1023 millia
1548 982 1754 1038 peditum,

338 1035 519 1076 treceni⁸
540 1037 701 1092 equites
722 1046 868 1078 essent.
929 1038 1067 1079 Alteri
1098 1039 1256 1080 consuli
1287 1040 1428 1081 nullus
1448 1048 1585 1081 certus
1612 1039 1755 1081 finitus

338 1106 537 1134 numerus
558 1094 711 1135 civium
734 1095 1034 1145 Romanorum,
1057 1111 1182 1151 quem
1207 1096 1250 1137 in
1281 1097 1617 1152 supplementum
1647 1096 1756 1152 lege-

338 1157 413 1189 ret.
446 1149 490 1190 id
519 1151 643 1191 modo
666 1151 848 1201 finitum,
871 1160 918 1192 ut
940 1152 1045 1193 duas
1075 1153 1256 1208 legiones
1277 1153 1488 1204 scriberet,
1510 1169 1605 1209 quae
1627 1153 1756 1208 quina

338 1205 467 1246 millia
486 1207 677 1262 peditum
700 1217 738 1249 et
761 1208 943 1249 ducenos
963 1209 1178 1259 haberent,
1201 1210 1362 1266 equites
1383 1218 1579 1251 trecenos.
1625 1209 1659 1233 ⁵2
1674 1211 1756 1250 La-

338 1261 541 1304 tinorum¹
563 1265 709 1320 major,
732 1280 857 1320 quam
886 1265 1069 1322 collegae,
1091 1266 1282 1308 decretus
1311 1282 1532 1308 numerus:
1565 1267 1756 1323 peditum

337 1318 478 1360 decem
504 1320 633 1362 millia
662 1330 703 1362 et
725 1322 907 1364 sexcenti
928 1322 1100 1378 equites.
1133 1332 1314 1378 quatuor
1343 1332 1546 1379 praeterea
1575 1324 1756 1379 legiones

336 1376 459 1416 scribi
475 1377 619 1432 jussae,
641 1393 751 1433 quae,
775 1378 806 1419 si
829 1394 912 1434 quo
933 1395 1039 1435 opus
1060 1388 1180 1430 esset,
1203 1381 1489 1422 educerentur.
1549 1379 1583 1404 ⁵³
1598 1381 1754 1422 Tribu-

336 1446 409 1473 nos
443 1433 507 1473 his
522 1441 559 1484 ¹¹¹,
595 1449 677 1476 non
717 1436 980 1491 permissum,
1015 1445 1063 1477 ut
1103 1437 1290 1478 consules
1325 1438 1529 1479 facerent:
1572 1437 1754 1493 populus

334 1490 502 1531 creavit.
566 1491 694 1532 Sociis
718 1492 894 1533 nominis
917 1492 1060 1534 Latini
1092 1493 1297 1534 sexdecim
1327 1495 1455 1535 millia
1485 1494 1690 1550 peditum,
1712 1502 1753 1536 et

334 1545 446 1587 mille
490 1547 650 1602 equites
695 1549 898 1604 imperati.
973 1551 1103 1590 Hunc
1143 1551 1371 1592 exercitum
1410 1551 1547 1607 parari
1587 1559 1753 1592 tantum

334 1602 507 1658 placuit,
530 1613 578 1646 ut
599 1605 747 1656 exiret,
770 1605 801 1646 si
823 1621 908 1661 quo
937 1621 1002 1646 res
1033 1616 1233 1662 posceret.
1296 1608 1546 1649 Macedonia
1574 1608 1753 1649 maxime

339 183 407 225 die
427 193 521 240 post
545 185 800 227 Terminalia
815 185 1019 228 Kalendae
1038 187 1301 230 intercalares
1321 187 1449 229 fuere.

505 1693 523 1717 k
537 1697 656 1725 trecenti
673 1695 769 1726 Gron.
866 1694 874 1718 l
892 1695 1029 1726 Peditum
1046 1695 1219 1725 Latinorum
1238 1695 1317 1726 Ead.
1403 1699 1428 1716 m
1444 1698 1478 1727 iis
1493 1696 1583 1727 Crev.

1063 1774 1233 1806 tercalandi
1260 1785 1375 1807 morem
1403 1775 1507 1811 fiebat,
1534 1775 1604 1807 ideo
1630 1779 1753 1806 notatur

1064 1828 1082 1848 a
1098 1817 1195 1849 Livio.

1106 1861 1144 1891 51
1172 1861 1208 1891 L.
1225 1861 1411 1891 Flamininus
1424 1861 1539 1902 augur]
1563 1860 1688 1902 Adjecit
1704 1860 1750 1891 Si-

1062 1903 1173 1944 gonius
1188 1914 1299 1935 nomen
1318 1903 1490 1939 sacerdotii,
1505 1915 1566 1945 quo
1588 1904 1751 1946 praeditum

1063 1946 1156 1977 fuisse
1185 1946 1393 1978 Flamininum
1422 1947 1586 1978 existimat.
1631 1947 1753 1988 Nempe

332 1772 425 1802 lendoe
457 1773 651 1804 Interculares
676 1774 784 1816 fuere]
830 1775 1018 1811 Terminalia,

332 1815 426 1845 festus
455 1816 520 1847 dies
551 1817 600 1848 dei
628 1816 773 1853 Termini,
802 1816 840 1847 de
868 1828 929 1858 quo
957 1817 1020 1848 vid.

331 1864 393 1888 not.
423 1859 472 1889 12.
499 1859 539 1889 ad
560 1860 581 1890 1.
609 1861 636 1890 Ι.
659 1870 686 1890 c.
709 1862 760 1891 55.
785 1860 1021 1891 celebrabantur

331 1901 460 1942 septimo
480 1902 556 1933 Kal.
571 1902 714 1933 Martias.
759 1903 899 1933 Kalendae
922 1903 1019 1934 Inter-

330 1945 440 1974 calares
468 1951 539 1974 sunt
564 1945 718 1976 Kalendae
744 1945 857 1976 mensis
882 1947 1019 1977 Interca-

331 1986 414 2022 laris,
432 1986 470 2018 de
485 1998 545 2029 quo
560 1988 679 2029 egimus
693 1988 734 2019 ad
747 1989 769 2019 1.
784 1989 811 2019 Ι.
827 1999 853 2019 c.
872 1989 921 2020 19.
959 1989 1019 2020 Ce-

331 2034 428 2060 terum
452 2029 501 2061 hic
527 2031 632 2072 aliqua
656 2036 703 2062 est
726 2031 901 2062 difficultas.
945 2032 1018 2063 Ete-

331 2072 394 2102 nim
422 2073 636 2104 intercalatum
663 2084 729 2105 esse
757 2085 876 2116 semper
909 2074 1018 2116 postri-

331 2114 380 2144 die
402 2116 590 2147 Terminalia
611 2117 714 2158 colligi
735 2117 855 2148 videtur
878 2128 916 2148 ex
939 2118 1019 2149 Var-

330 2167 412 2192 rone,
429 2159 450 2188 1.
466 2160 507 2190 V.
529 2159 568 2189 de
591 2160 713 2200 Lingua
734 2161 804 2191 Lat.
829 2166 861 2191 et
885 2171 923 2191 ex
946 2161 1020 2192 Ma-

330 2201 443 2237 crobio,
459 2202 480 2231 l.
496 2202 523 2232 I.
546 2202 611 2232 Sat.
633 2213 660 2233 c.
677 2203 728 2233 13.
773 2204 884 2244 Itaque
906 2204 1020 2234 Putea—

331 2252 406 2273 neus
427 2244 592 2281 existimat,
616 2245 694 2276 libro
716 2245 755 2276 de
777 2245 929 2281 Bissexto,
945 2256 972 2277 c.
988 2247 1020 2278 2.

330 2285 496 2326 legendum
525 2287 574 2317 hic
603 2298 670 2319 esse
700 2290 838 2327 postridie
869 2289 1019 2320 Termina-

330 2329 381 2359 lia.
426 2329 488 2359 Sed
513 2329 538 2359 si
560 2330 609 2361 hic
631 2335 730 2362 status
753 2336 784 2363 et
809 2331 942 2362 solennis
962 2332 1021 2363 fuit

330 2369 396 2401 dies
431 2371 584 2402 Kalendis
619 2373 871 2410 Intercalaribus‚
904 2374 948 2405 ita
984 2380 1019 2405 ut

330 2413 417 2444 nulla
439 2424 575 2454 unquam
597 2425 634 2446 ea
656 2416 689 2447 in
712 2426 743 2447 re
764 2417 897 2448 varietas
917 2417 1017 2454 fuerit,

328 2455 405 2496 quid
427 2456 578 2488 attinebat
589 2457 622 2487 id
643 2470 662 2490 a
677 2458 764 2490 Livio
786 2459 904 2491 notari!
928 2460 1018 2491 Dod-

329 2498 439 2529 wellus
453 2499 583 2530 Dissert.
599 2501 639 2530 X.
655 2501 693 2532 de
709 2502 813 2543 Cyclis
829 2503 922 2534 Rom.
938 2503 1018 2534 Sect.

332 2542 382 2572 19.
397 2546 429 2571 et
442 2551 507 2582 seq.
529 2542 710 2583 suspicatur,
728 2551 883 2585 praeeunte
899 2545 1017 2586 aliqua·

331 2588 421 2614 tenus
442 2584 614 2620 Macrobio,
631 2585 711 2616 diem
734 2598 830 2617 unum
846 2598 864 2618 a
889 2588 1017 2618 Pontifi-

333 2627 420 2657 cibus
443 2637 496 2667 per
520 2627 602 2657 hunc
628 2638 744 2658 annum
770 2636 945 2671 exemptum
971 2631 1018 2661 fu-

334 2669 402 2704 isse,
419 2669 472 2710 qui
486 2669 551 2700 dies
572 2680 654 2701 nunc
674 2671 822 2706 redditur,
838 2678 872 2702 ut
893 2674 1019 2713 plenum

334 2712 373 2742 sit
396 2712 490 2743 annui
505 2712 586 2743 orbis
607 2714 751 2755 spatium,
767 2719 797 2744 et
818 2714 1019 2756 interponitur

334 2753 412 2785 inter
438 2755 636 2791 Terminalia,
671 2762 701 2786 et
730 2756 891 2787 Kalendas
918 2758 1017 2788 Inter-

334 2797 461 2828 calares.
512 2798 596 2834 Quia
621 2805 723 2830 autem
750 2798 782 2829 id
811 2809 872 2830 non
901 2810 1019 2841 semper

335 2840 505 2877 accidebat,
529 2840 590 2874 imo
616 2842 665 2874 hic
690 2847 798 2885 praeter
823 2842 946 2874 solitum
972 2843 1017 2875 in-

1063 1989 1084 2019 l.
1107 1989 1212 2020 XXV.
1234 2000 1260 2020 c.
1276 1991 1307 2021 2.
1330 1991 1366 2021 L.
1383 1989 1575 2021 Flamininus
1597 1989 1631 2020 fit
1653 2000 1752 2031 augur

1062 2031 1095 2062 in
1122 2032 1224 2063 locum
1254 2033 1290 2063 P.
1315 2033 1397 2063 Furii
1425 2032 1519 2064 Phili.
1576 2032 1637 2063 Sed
1667 2032 1753 2063 deest

1062 2074 1157 2105 etiam
1180 2085 1263 2106 nunc
1279 2075 1337 2106 hoc
1359 2076 1427 2106 loco
1448 2085 1559 2106 nomen
1572 2075 1639 2117 ejus
1653 2074 1705 2118 qui
1720 2075 1752 2107 in

1065 2118 1230 2148 Flaminini
1241 2118 1343 2149 locum
1358 2118 1504 2149 suffectus
1518 2124 1574 2150 est.

1106 2162 1148 2191 52
1170 2161 1346 2192 Latinorum.
1369 2162 1477 2203 major]
1515 2161 1601 2192 Olim
1620 2162 1752 2201 peditum

1065 2203 1250 2234 Latinorum.
1316 2204 1491 2236 Gronovius
1530 2203 1625 2235 deleri
1661 2203 1754 2245 jussit

1062 2256 1166 2277 vocem
1186 2248 1328 2286 peditum,
1344 2257 1413 2288 quae-
1433 2247 1514 2278 male
1534 2246 1596 2278 huc
1617 2256 1656 2278 ex
1678 2247 1751 2277 sub-

1062 2295 1208 2330 sequente
1223 2299 1311 2321 versu
1325 2289 1524 2331 immigrarat.

1105 2333 1146 2363 53
1171 2333 1311 2362 Tribunos
1324 2333 1374 2373 iis]
1399 2333 1570 2364 Mallemus
1583 2333 1635 2363 his.
1673 2332 1749 2363 Sen-

1061 2385 1112 2405 sus
1136 2380 1199 2405 est:
1227 2374 1259 2405 in
1287 2375 1344 2405 has
1368 2381 1499 2416 quatuor
1524 2375 1660 2416 legiones
1686 2384 1748 2405 non

1061 2427 1080 2448 a
1094 2417 1271 2449 consulibus
1292 2417 1417 2452 tribuni,
1433 2417 1487 2448 sed
1509 2429 1528 2449 a
1549 2417 1663 2459 populo
1683 2416 1751 2448 dati

1060 2466 1143 2492 sunt.
1186 2461 1308 2502 Nempe
1333 2460 1420 2492 initio
1444 2461 1518 2492 belli
1540 2459 1748 2496 Macedonici,

1061 2503 1149 2534 tertio
1170 2508 1241 2534 ante
1263 2504 1345 2534 hunc
1368 2514 1459 2539 anno,
1478 2503 1659 2544 permissum
1680 2502 1746 2534 fue-

1062 2551 1109 2576 rat
1147 2545 1325 2576 consulibus
1360 2545 1609 2586 praetoribusque,
1639 2551 1674 2576 ut
1709 2556 1746 2577 eo

1063 2598 1143 2619 anno
1168 2589 1306 2619 tribunos
1330 2589 1461 2618 militum
1483 2588 1628 2619 facerent.
1672 2589 1702 2619 V
1704 2588 1748 2619 id.

1062 2631 1083 2661 l.
1100 2632 1206 2662 XLII.
1221 2641 1248 2661 c.
1262 2632 1314 2661 31.
1358 2631 1397 2661 Id
1409 2637 1440 2662 et
1455 2631 1575 2662 duobus
1590 2629 1678 2661 annis
1693 2630 1746 2671 qui

1063 2674 1159 2704 secuti
1181 2679 1261 2709 sunt,
1279 2673 1399 2704 videtur
1420 2684 1486 2704 esse
1508 2680 1671 2709 servatum,
1687 2673 1747 2703 nisi

1061 2716 1143 2756 quod
1169 2716 1200 2747 in
1225 2716 1308 2747 hisce
1336 2722 1466 2757 quatuor
1495 2716 1676 2758 legionibus,
1707 2716 1746 2747 de

1061 2759 1172 2798 quibus
1193 2759 1285 2790 modo
1310 2764 1413 2789 actum
1437 2766 1494 2795 est,
1506 2760 1559 2801 jus
1581 2769 1670 2789 suum
1688 2769 1742 2800 po-

1061 2802 1153 2841 pulus
1175 2812 1321 2844 usurpare
1342 2802 1448 2839 voluit,
1471 2808 1502 2834 et
1526 2803 1663 2834 tribunos
1685 2800 1742 2831 mi-

1061 2843 1149 2875 litum
1165 2844 1317 2886 suffragiis
1329 2855 1441 2877 creare.
