1816 3159
84 406 153 441 Qua
167 410 284 445 tempo*

82 459 112 477 re
130 458 276 487 unaquae-

84 501 143 530 que
159 501 228 531 pars

82 534 279 574 siippleiiiem

83 581 182 605 torum
199 577 275 616 puh-

83 619 134 648 lici
146 619 223 660 iuris

83 662 165 693 facta
181 662 228 692 sit.

85 1187 134 1216 De
150 1185 259 1216 iisdem

83 1231 279 1270 supplemen-

85 1272 123 1301 tis
135 1274 145 1312 j
152 1272 217 1301 udi-

84 1315 178 1346 cium.

295 103 346 150 lii
778 101 1233 151 PRAEFATIO.

296 243 541 290 hominum
549 260 708 299 manu,
719 243 911 306 alz'qm‘d
917 243 1098 309 ffciat
1107 244 1158 291 in
1170 243 1259 290 Ιιοσ
1262 257 1439 307 genere
1449 242 1745 302 concinnius,
1814 235 1816 292 i

296 321 551 386 copiosius,
577 322 751 367 verius.
1815 372 1816 379 ἵ

364 397 531 445 Unam
550 403 742 443 tantum
763 396 1025 451 decadem,
1047 412 1155 443 eam
1175 397 1362 445 scilicet
1377 412 1488 459 quae
1508 396 1745 444 secundae
1815 405 1816 409 ’

302 474 518 521 Livianae
544 470 678 520 vices
703 472 916 536 supplet,
944 472 1083 520 vivus
1118 473 1392 538 vidensque
1408 473 1461 521 in
1491 473 1746 536 publicum
1815 465 1816 506 3

301 552 528 600 emiserat
552 550 937 607 Freinshemius,
963 550 1200 608 Holmiae,
1228 569 1359 600 anno
1383 550 1748 600 MDCXLIX.
1815 547 1816 552 ¹

301 629 511 678 Biennio
538 636 656 692 post
681 629 790 691 ejus
828 637 1050 685 mortem,
1077 629 1128 677 id
1152 637 1228 678 est
1252 646 1382 678 anno
1410 628 1747 678 MDCLXII.

300 725 413 756 cum
437 708 612 755 eadem
640 707 726 755 illa
745 708 943 755 decade
961 724 1155 756 rursum
1178 707 1311 772 typis
1334 724 1534 764 excusa,
1556 706 1751 771 prodie-
1813 754 1814 759 ,

299 796 413 834 runt
435 786 485 833 in
521 785 687 833 lucem
712 784 1033 847 Argentorati
1059 791 1108 832 et
1135 784 1452 835 Francofurti
1487 784 1634 832 etiam
1668 783 1751 831 alii

299 863 662 928 quinquaginta
687 862 810 921 libri,
838 880 867 910 a
891 863 1015 910 libro
1041 863 1267 911 nimirum
1295 869 1438 910 sexto
1464 869 1513 910 et
1535 862 1750 926 quadra-

299 941 488 1004 gesimo
505 942 569 989 ad
591 941 819 1005 quintum
844 949 892 988 et
909 941 1309 1004 nonagesimum.
1379 940 1611 1004 Denique
1632 940 1751 987 inte-

295 1037 436 1082 grum
453 1021 560 1082 jam
586 1036 713 1083 opus
741 1019 964 1075 Parisiis,
985 1026 1253 1068 accurante
1276 1018 1506 1084 Dujatio,
1533 1034 1648 1065 cum
1672 1017 1751 1064 Li-

300 1098 377 1146 vio
402 1099 591 1146 editum
618 1105 709 1146 est.

367 1175 533 1236 Hujus
558 1175 720 1239 operis
756 1193 813 1223 ea
839 1192 967 1239 parS,
992 1192 1143 1238 quam
1181 1192 1359 1238 parens
1383 1175 1488 1238 ipse
1516 1173 1566 1221 in
1589 1173 1751 1220 lucem

299 1253 553 1318 produxit,
573 1252 790 1300 limatior
811 1253 1035 1315 profecto
1060 1251 1235 1299 ceteris
1261 1268 1370 1299 esse
1395 1251 1559 1309 debet,
1578 1257 1627 1298 et
1651 1266 1754 1296 ma-

299 1333 373 1395 gis
412 1332 595 1378 habere
637 1330 999 1378 absolutionem
1037 1330 1308 1393 quamdam
1355 1346 1492 1376 suam
1528 1335 1576 1376 et
1612 1327 1754 1391 quasi

298 1408 652 1458 maturitatem.
723 1408 823 1456 Sed
859 1412 908 1453 et
944 1422 1118 1469 parum
1145 1406 1339 1453 videtur
1375 1405 1608 1460 abfuisse,
1636 1404 1755 1467 quin

297 1493 571 1535 extremam
608 1485 895 1548 imposuerit
921 1500 1122 1532 manum
1156 1483 1252 1531 illis
1277 1500 1482 1547 qnoque
1511 1483 1753 1547 quinqua-

294 1565 432 1628 ginta
454 1564 605 1620 libris,
629 1563 714 1628 qui
740 1580 842 1611 non
870 1562 1025 1610 multo
1052 1568 1171 1626 post
1195 1562 1303 1623 ejus
1329 1568 1536 1609 mortem
1568 1560 1754 1624 publici

289 1642 409 1708 juris
433 1641 551 1689 facti
575 1648 716 1689 sunt:
759 1640 938 1704 quibus
963 1639 1166 1702 quidem
1191 1638 1340 1686 etiam
1372 1638 1614 1686 monitum
1640 1637 1750 1698 ejus

296 1721 556 1785 praefixum
593 1725 683 1772 est,
710 1734 810 1781 quo
837 1717 943 1780 ipse
968 1716 1140 1764 lectori
1175 1716 1268 1763 hos
1292 1715 1447 1763 tradit
1471 1714 1523 1762 in
1551 1731 1754 1761 manum

299 1799 447 1845 libros
468 1804 517 1844 et
535 1796 874 1844 commendat.
946 1795 1217 1858 Quumque
1234 1794 1331 1841 hoc
1352 1793 1613 1849 monitum,
1634 1809 1755 1856 qua-

300 1877 347 1923 le
373 1876 507 1939 apud
540 1874 807 1935 Dujatium
843 1874 1070 1928 habetur,
1096 1878 1264 1920 notam
1298 1871 1414 1919 anni
1450 1868 1754 1919 MDCLIV.

300 1954 545 2017 praeferat,
570 1952 765 1998 videtur
794 1951 901 2011 jam
926 1956 1031 1997 tum
1055 1949 1147 1996 hos
1171 1948 1323 1996 libros
1359 1948 1580 1995 editurus
1606 1946 1755 1993 fuisse

303 2027 689 2084 Freinshemius,
717 2027 813 2075 nisi
839 2027 1007 2090 aliqua
1030 2025 1074 2074 ei
1101 2026 1371 2073 undeunde
1396 2025 1593 2087 objecta
1618 2041 1756 2072 mora

302 2108 491 2155 fuisset.
565 2105 811 2153 Postremi
837 2105 1059 2169 quinque
1081 2111 1132 2151 et
1156 2103 1488 2168 quadraginta
1509 2101 1636 2158 libri,
1663 2100 1757 2148 etsi

306 2184 519 2232 absoluti
544 2184 606 2231 ab
628 2190 830 2231 auctore
868 2184 1079 2240 fuerunt,
1108 2198 1209 2232 non
1232 2188 1401 2230 tamen
1436 2198 1574 2246 aeqne
1598 2197 1656 2228 ac
1680 2195 1757 2227 ce-

305 2261 394 2310 teri
419 2260 650 2308 videntur
673 2259 880 2324 expoliti
906 2260 1077 2309 fuisse.

375 2339 471 2386 Sed
499 2338 687 2402 ubique
710 2338 875 2386 mirari
898 2338 1016 2386 licet
1041 2338 1225 2386 variam
1249 2343 1298 2385 et
1317 2335 1572 2400 copiosam
1598 2333 1759 2382 erudi-

309 2415 508 2471 tionem,
534 2431 801 2478 operosam
835 2415 885 2462 in
919 2414 1214 2478 colligendis
1247 2414 1308 2462 iis
1330 2431 1440 2477 quae
1474 2411 1682 2476 sparsim
1709 2418 1758 2460 et

310 2492 590 2540 minutatim
633 2493 766 2555 apud
803 2492 1192 2556 quamplurimos
1229 2491 1494 2554 scriptores
1533 2488 1755 2550 disjectae

313 2576 454 2620 erant
488 2569 706 2616 historiae
742 2569 986 2617 Romanae
1011 2568 1225 2632 reliquiis
1261 2565 1584 2629 diligentiam,
1609 2566 1659 2613 in
1683 2582 1755 2612 re-

313 2646 670 2711 praesentandis
707 2646 986 2708 religiosam
1022 2647 1187 2702 fidem,
1216 2645 1268 2692 in
1302 2644 1681 2708 componendis,
1708 2649 1757 2690 et

314 2740 404 2772 suo
443 2724 557 2772 loco
601 2730 749 2789 atque
789 2723 963 2770 ordine
998 2731 1236 2787 tanquam
1278 2722 1528 2770 tesserulis
1559 2721 1611 2769 in
1652 2736 1753 2768 em-

311 2801 528 2849 blemate
564 2801 880 2850 vermiculato
917 2801 1178 2858 struendis,
1219 2801 1560 2850 dexteritatem
1595 2805 1644 2846 et
1677 2813 1757 2846 so-
