1826 3149
341 58 390 96 66
866 58 1227 98 TIT1L1V11

131 176 170 206 U.
187 177 307 220 C.581.
342 174 383 208 et
406 166 647 223 Illyriorum
668 167 848 218 castella,
877 168 976 224 ipsis
1002 167 1302 209 arcessentibus
1328 164 1534 222 praesidia,
1556 174 1604 207 ut
1625 164 1753 207 tutio-

129 219 170 249 A.
188 220 307 249 C.17l.
345 239 406 264 res
426 239 450 264 a
470 223 739 265 finitimorum
762 225 907 287 inpetu
930 224 1209 266 Macedonum
1231 231 1379 273 essent,
1401 221 1524 263 misit.

401 281 654 321 XXXVII.
688 283 837 322 Pauc1s
877 289 971 337 post
1006 281 1154 322 diebus
1190 282 1242 330 Q.
1266 280 1467 329 Marcius,
1499 279 1554 319 A.
1577 278 1751 328 Atilius,

342 345 383 378 et
416 339 463 378 P.
495 345 535 378 et
569 339 653 378 Ser.
693 337 873 378 Cornelii
912 337 1098 387 Lentuli,
1129 345 1170 378 et
1214 338 1264 378 L.
1297 336 1524 385 Decimius,
1556 335 1681 391 legati
1711 335 1753 375 in

345 393 550 448 Graeciam
594 394 720 442 missi,
755 395 980 450 Corcyram
1025 394 1216 449 peditum
1258 394 1370 434 mille
1412 407 1550 434 secum
1580 392 1757 433 advexe-

345 458 468 491 runt:
492 450 549 491 ibi
570 450 677 491 inter
708 466 749 491 se
773 459 814 491 et
845 451 1046 506 regiones,
1069 466 1173 506 quas
1203 450 1379 501 obirent,
1401 459 1442 492 et
1472 448 1622 490 milites
1653 448 1756 489 divi-

133 511 241 559 Legat-i
257 512 288 541 in
345 515 498 547 serunt.
559 507 772 548 Decimius
802 508 950 548 missus
980 515 1040 548 est
1071 508 1124 548 ad
1164 506 1380 557 Gentium,
1417 521 1556 562 regem
1593 505 1758 561 Illyrio-

133 555 312 627 Gtraemffirr
347 567 452 613 rum,
484 578 623 618 quem,
656 564 688 603 si
733 564 912 620 aliquem
957 572 1191 620 respectum
1236 563 1426 604 amicitiae
1470 578 1565 603 eum
1605 563 1758 603 habere
1796 569 1801 578 '

131 608 213 670 {112¹-
269 609 283 638 ἃ
292 608 330 627 H'
345 628 543 669 cerneret,
575 627 749 670 tentare,
781 629 854 662 aut
889 621 1012 662 etiam
1048 620 1102 661 ad
1135 620 1232 661 belli
1269 620 1504 661 societatem
1533 619 1761 675 perlicerek

340 678 494 732 jussus.
556 677 727 718 Lentuli
751 678 793 717 in
817 677 1125 733 Cephalleniam
1146 677 1272 727 missi,
1295 685 1342 718 ut
1363 676 1405 716 in
1428 676 1759 731 Peloponnesum

346 733 596 788 trajicerent,
628 749 827 790 oramque
860 734 998 784 maris,
1030 733 1070 774 in
1107 733 1361 775 occidentem
1397 732 1519 783 versi,
1550 741 1646 774 ante
1674 732 1760 773 hie-

347 804 454 829 mem
499 789 774 832 circumirent.
837 790 999 831 Marcio
1040 799 1080 832 et
1116 790 1250 832 Atilio
1281 790 1453 846 Epirus,
1485 789 1659 840 AEtolia,
1719 798 1760 831 et

349 846 568 887 Thessalia
587 846 892 888 circumeundae
920 847 1203 903 adsignantur.
1266 847 1372 887 Inde
1399 846 1605 888 Boeotiam
1634 853 1762 902 atque

349 903 557 944 Euboeam
588 903 798 960 adspicere
826 903 961 960 jussi,
994 911 1085 945 tum
1124 903 1167 944 in
1199 903 1531 959 Peloponnesum
1560 903 1761 960 trajicere.

348 959 406 1001 ibi
438 975 728 1015 congressuros
758 976 799 1002 se
828 975 923 1001 cum
955 960 1147 1001 Lentulis
1177 960 1449 1002 constituunt.
1511 960 1763 1016 Priusquam

349 1016 667 1072 digrederentur
696 1032 721 1057 a
752 1018 948 1073 Corcyra,
971 1017 1101 1058 literae
1131 1032 1155 1057 a
1186 1018 1337 1058 Perseo
1367 1017 1517 1058 adlatae
1539 1025 1650 1068 sunt,
1672 1017 1764 1073 qui-

348 1073 428 1114 bus
458 1074 687 1129 quaerebat,
709 1090 805 1130 quae
835 1089 979 1115 caussa
1011 1073 1210 1115 Romanis
1239 1082 1312 1115 aut
1342 1074 1384 1114 in
1413 1074 1619 1115 Graeciam
1649 1073 1764 1130 traji-

349 1130 483 1170 ciendi
513 1130 664 1186 copias,
686 1139 759 1172 aut
790 1131 913 1172 urbes
943 1131 1188 1187 occupandi,
1210 1134 1346 1172 esset?
1401 1130 1482 1172 Cui
1511 1130 1679 1172 rescribi
1705 1130 1766 1171 ni-

350 1186 409 1226 hil
438 1187 595 1242 placuit
614 1204 624 1235 ς
658 1188 809 1228 nuncio
838 1187 982 1243 ipsius,
1005 1188 1077 1243 qui
1098 1188 1237 1229 literas
1257 1187 1481 1238 adtulerat,
1504 1187 1600 1238 dici,
1615 1189 1765 1243 pracsi-

351 1245 414 1283 dii
433 1259 572 1284 caussa
590 1246 768 1297 ipsarum
784 1245 939 1285 urbium
956 1245 1327 1299 Romanosfacere.
1388 1245 1575 1295 Lentuli,
1592 1244 1766 1286 circum-

351 1308 495 1342 euntes
537 1301 808 1357 Peloponnesi
849 1302 1018 1358 oppida,
1055 1317 1187 1359 quum
1228 1301 1312 1342 sine
1353 1301 1586 1342 discrimine
1625 1317 1766 1343 omnes

350 1357 539 1398 civitates
559 1358 895 1408 adhortarentur,
918 1366 981 1409 ut,
1003 1375 1088 1414 quo
1109 1359 1259 1409 animo,
1285 1374 1370 1414 qua
1397 1358 1479 1399 fide
1509 1358 1766 1414 adjuvissent

354 1414 579 1463 Romanos„
613 1414 798 1470 Philippi
828 1415 1025 1470 primum,
1057 1415 1207 1456 deinde
1237 1415 1436 1456 Antiochi
1465 1415 1589 1466 bello,
1621 1415 1765 1456 eodem

350 1470 548 1511 adversus
580 1472 731 1511 Persea
767 1473 974 1526 juvarent,
1005 1471 1219 1513 fremitum
1254 1471 1296 1512 in
1328 1471 1593 1513 concionibus
1626 1472 1767 1513 audie-

138 1531 323 1564 Achaeorum
349 1526 475 1568 bant:
510 1527 678 1568 Achaeis
708 1518 1037 1584 indignantibus,
1068 1528 1212 1569 eodem
1244 1544 1285 1569 se
1314 1528 1403 1569 loco
1433 1544 1533 1579 esse,
1559 1528 1651 1584 (qui
1681 1527 1766 1570 om-

139 1576 284 1617 ‘{¹¹“¹“³¹ae·
351 1584 420 1624 nia
449 1600 473 1624 a
502 1584 714 1640 principiis
746 1585 1005 1625 Macedonici
1035 1585 1133 1625 belli
1163 1585 1451 1640 praestitissent
1484 1585 1697 1636 Romanis,
1725 1594 1766 1628 et

354 1640 635 1681 Macedonum
668 1641 852 1697 Philippi
882 1642 992 1682 bello
1033 1642 1171 1683 hostes
1201 1641 1395 1696 fuissent)
1440 1657 1524 1697 quo
1568 1642 1765 1683 Messenii

352 1705 479 1752 atque
502 1697 600 1747 Elii,
623 1697 696 1753 qui
718 1713 794 1754 pro
825 1698 1036 1739 Antiocho
1070 1699 1188 1740 hoste
1209 1714 1324 1739 arma
1343 1698 1541 1739 adversus
1561 1699 1767 1755 populum

355 1754 592 1795 Romanum
637 1754 856 1803 tulissent;
895 1770 956 1805 ac,
1002 1770 1136 1810 nuper
1178 1754 1220 1795 in
1263 1755 1495 1796 Achaicum
1540 1756 1767 1798 contributi

353 1810 586 1861 concilium,
609 1811 724 1853 velut
754 1812 973 1868 praemium
1005 1811 1102 1853 belli
1136 1828 1176 1853 se
1206 1811 1433 1853 victoribus
1455 1811 1623 1854 Achaeis
1657 1813 1767 1854 tradi

353 1876 639 1922 quererentur.

412 1924 692 1966 XXXVIII.
727 1926 915 1967 Marcius
935 1935 976 1968 et
998 1926 1157 1968 Atilius
1176 1926 1210 1951 ‘²3
1220 1926 1273 1967 ad
1296 1926 1485 1976 Gitanas,
1509 1927 1629 1983 Epiri
1650 1927 1768 1984 oppi-

353 1979 455 2020 dum
499 1981 640 2022 decem
685 1983 814 2024 millia
848 1984 900 2024 ab
936 1983 1054 2033 mari,
1086 1999 1219 2039 quum
1254 1983 1565 2034 adscenderent,
1596 1984 1767 2025 concilio

353 2037 625 2091 Epirotarum
669 2039 827 2090 habito,
873 2056 968 2081 curn
1009 2055 1160 2096 magno
1201 2040 1387 2081 omnium
1428 2040 1605 2082 adsensu
1635 2041 1769 2083 auditi

353 2101 449 2134 sunt
468 2110 476 2133 :
500 2102 541 2135 et.
562 2095 889 2151 quadringentos
905 2097 1143 2153 juventutis
1164 2113 1307 2138 eorum
1328 2097 1370 2137 in
1393 2098 1575 2147 Orestas,
1593 2106 1641 2139 ut
1663 2113 1769 2153 prae-

353 2149 457 2189 sidio
477 2160 610 2192 essent
634 2151 858 2194 2⁹liberatis
889 2154 941 2194 ab
972 2170 1013 2195 se
1045 2154 1363 2203 Macedonibus,
1385 2153 1598 2196 miserunt.
1661 2155 1768 2195 Inde

352 2204 393 2245 in
431 2205 632 2248 AEtoliam
667 2210 888 2265 progressi,
920 2226 966 2251 ac
999 2226 1153 2266 paucos
1189 2210 1247 2251 ibi
1282 2210 1430 2252 morati
1461 2210 1562 2261 dies,
1594 2211 1696 2252 dum
1726 2211 1768 2252 in

351 2263 541 2316 praetoris
562 2266 717 2307 mortui
748 2266 884 2307 locum
916 2267 1021 2308 alius
1053 2268 1340 2317 subficeretur,
1363 2275 1404 2308 et
1425 2266 1643 2322 ³⁰Lycisco
1663 2284 1768 2324 prae-

919 2347 938 2371 k
951 2349 1086 2387 pellicere
1103 2349 1196 2380 Crev-

394 2421 434 2450 28
466 2420 513 2449 Ad
545 2420 684 2461 Gitanas]
739 2421 864 2452 Nomen
898 2421 1037 2464 incogni-
1083 2422 1174 2454 fuerit
1203 2423 1330 2454 mentio.
1376 2423 1436 2454 Sed
1460 2423 1600 2454 Marcius
1623 2423 1675 2465 qui
1700 2429 1769 2455 tan-

353 2468 427 2493 tum.
474 2463 533 2493 Pro
562 2463 610 2493 his
631 2463 752 2494 duabus
775 2464 901 2495 vocibus
932 2468 1037 2506 legen·
1084 2466 1240 2496 tummodo
1265 2477 1283 2496 a
1307 2466 1442 2507 Corcyra
1468 2466 1499 2495 in
1520 2467 1649 2508 Epirum
1675 2478 1768 2498 vene-

352 2505 425 2535 dum
453 2510 558 2535 censet
587 2506 657 2536 Jae.
690 2506 864 2537 Gronovius
894 2508 1037 2549 AEgilipa„
1082 2514 1139 2544 rat,
1163 2508 1263 2539 nullos
1289 2514 1431 2549 potuerat
1460 2508 1590 2539 liberare
1616 2510 1767 2541 Macedo-

351 2547 498 2589 oppidum
521 2554 722 2579 memoratum
750 2549 892 2579 Straboni
917 2556 947 2580 et
970 2551 1036 2581 Ste-
1082 2561 1148 2585 nas,
1166 2561 1261 2591 quum
1285 2561 1323 2581 ne
1341 2551 1563 2582 Macedoniam
1580 2552 1705 2593 quidem
1722 2559 1769 2584 at-

351 2591 454 2632 phano
466 2601 503 2621 ex
517 2591 662 2622 Homero.
707 2591 768 2622 Sed
784 2592 822 2621 de
835 2593 947 2622 mendo
963 2603 1036 2623 con·
1080 2593 1210 2634 tigissei.
1257 2594 1370 2624 Forsan
1393 2593 1519 2635 aliquod
1551 2595 1698 2626 mendum
1721 2596 1766 2627 la-

351 2638 431 2664 stare
453 2643 514 2664 non
536 2638 647 2675 potest,
670 2633 728 2663 nisi
752 2640 870 2664 constet
894 2645 949 2665 nos
972 2646 1037 2665 om·
1081 2641 1135 2666 tet.

350 2676 402 2706 nia
417 2676 494 2707 scire
509 2676 631 2707 debere.
1121 2679 1162 2708 30
1187 2678 1305 2718 Lycisco
1332 2679 1468 2719 praetore]
1514 2680 1587 2711 MS.
1610 2680 1769 2722 exemplar

393 2719 433 2749 29
458 2719 600 2749 Liber-atis
624 2720 659 2748 ab
681 2730 708 2749 se
731 2719 951 2760 Macedonibus]
977 2720 1034 2750 Vi-
1078 2720 1187 2751 habuit
1216 2721 1270 2751 Pr.
1308 2721 1390 2752 unde
1413 2722 1539 2762 quidam
1566 2723 1666 2754 fecere
1688 2735 1766 2762 proe-

351 2760 439 2791 detur
462 2762 496 2792 τὸ
518 2763 553 2791 ab
568 2773 595 2792 se
617 2761 720 2792 referri
741 2761 852 2792 debere
869 2762 908 2793 ad
924 2763 1031 2803 Epiro·
1066 2763 1160 2803 fecto,
1185 2769 1219 2793 ut
1242 2763 1272 2794 in
1298 2765 1453 2795 nonnullis
1479 2764 1665 2797 editionibus
1688 2766 1764 2807 legi-

350 2808 408 2839 tas,
425 2804 565 2844 quamvis
582 2805 667 2835 nulla
681 2804 771 2845 hujus
787 2805 828 2835 rei
852 2806 935 2846 prius
951 2806 1032 2836 facta
1078 2811 1135 2837 tur.
1180 2805 1240 2837 Sed
1256 2812 1342 2848 patet
1358 2818 1394 2837 ex
1415 2808 1451 2838 iis
1476 2809 1576 2839 verbis
1598 2819 1669 2849 quae
1684 2820 1763 2850 prae-
