1831 3194
553 88 938 128 HISTORlARUM
969 87 1176 125 LIBROS.

150 198 332 227 :Fserninns
349 206 431 237 ager.
455 201 502 231 10.
519 202 569 227 31.

151 241 317 270 AEserniua
332 245 450 277 turma,
469 245 524 278 44,
540 246 591 271 40.

150 285 244 318 AEsis,
262 285 387 320 fluvius,
407 288 438 318 5,
454 288 507 314 35.

150 328 321 366 A‹3s‹1uiliae‚
336 328 397 356 vid.
415 327 571 365 Esquiliae.

148 372 300 401 AEsulana
315 381 378 402 arx.
398 372 451 406 26,
469 375 500 401 9.

150 416 303 451 funalia,
321 414 433 449 insula,
450 418 506 450 37,
525 419 574 444 13.

149 458 258 494 AEtna,
276 467 379 494 mons,
396 460 449 494 26,
466 462 516 488 29.

147 502 325 531 AEtolorum
357 501 524 530 concilium
557 505 588 529 et
620 501 737 529 foedera
767 510 835 529 cum

190 545 352 581 Romanis,
381 547 435 581 26,
463 548 513 573 24.
541 545 688 573 adversus
720 544 836 582 Philip-

191 598 263 627 pum
293 588 409 617 bellum
442 591 583 621 movent,
614 589 689 616 ibid.
721 588 836 617 bellum

190 632 332 661 inferunt
347 632 545 667 Acar-nanim,
562 634 614 660 25.

231 675 462 714 depopulantur
475 676 623 712 Achaeos,
639 679 690 708 27,
706 678 754 705 29.
769 674 837 703 vin-

189 721 306 747 cuntur
321 729 338 748 a
355 718 511 757 Philippo,
526 722 578 747 30.

232 762 352 792 animos
384 762 503 791 tollunt
530 771 548 790 a
569 762 713 790 Romana
741 761 838 789 socie-

188 808 266 842 tate,
282 809 312 834 et
330 811 401 844 post
416 806 516 834 Attali
535 805 717 839 adventum,
736 808 788 835 28.
808 808 836 833 5.

189 850 303 878 saltum
320 849 600 888 Thermopylarum
617 848 803 884 insidentes,
820 857 837 877 a

188 892 334 931 Philippo
349 893 539 928 funduntur,
558 897 586 923 7.

239 945 345 975 pacem
394 936 518 965 faciunt
557 945 626 964 cum
680 943 730 971 co,
780 939 835 972 29,

192 982 241 1007 12.

231 1022 268 1051 ad
300 1031 352 1051 eos
383 1022 502 1060 legatos
529 1021 629 1050 mittit
657 1020 833 1059 Philippus,

189 1074 227 1093 ne
251 1066 390 1095 adventu
406 1067 622 1094 Romanorum
649 1064 739 1092 fidem
764 1074 835 1092 mu-

186 1111 267 1141 tent,
306 1114 361 1145 31,
400 1113 450 1137 28.
490 1118 559 1138 cum
603 1107 835 1136 Athamanibus

186 1151 302 1181 bellurn
342 1151 485 1181 inferunt
524 1151 682 1189 Philippo,
723 1155 755 1179 et
796 1151 834 1179 ab

185 1204 222 1224 co
253 1196 431 1231 caeduntur,
459 1199 511 1224 41.
543 1196 691 1224 deserunt
721 1197 836 1233 castra,

185 1242 216 1267 ct
248 1239 279 1267 in
310 1239 460 1268 AEtoliam
497 1239 638 1278 fugiunt,
666 1242 719 1266 42.
746 1238 836 1266 AEto-

185 1281 285 1311 lorum
319 1282 471 1319 juventus
509 1282 541 1310 in
576 1283 749 1320 AEgyptum
783 1282 836 1310 ad·

185 1330 287 1362 vecta,
326 1330 379 1355 43.
433 1326 613 1354 AEtolorum
659 1326 834 1363 legatorum

184 1378 253 1398 cum
273 1370 383 1398 Attalo
405 1373 435 1398 et
453 1369 603 1398 Romanis
627 1368 834 1406 colloquium,

184 1415 236 1442 46.

227 1455 405 1485 AEtolorum
444 1456 611 1485 concilium
650 1453 834 1484 Heracleam

184 1499 353 1535 indictum,
379 1502 434 1535 33,
460 1503 492 1528 3.
520 1499 558 1527 ab
585 1508 692 1528 eorum
721 1498 836 1536 equiti-

185 1542 243 1571 bus
267 1542 343 1581 regii
366 1542 528 1578 fugantur,
556 1544 585 1570 6.
610 1551 717 1571 eorum
741 1551 836 1579 eques

185 1586 218 1614 in
243 1585 364 1615 Graecia
386 1588 433 1614 est
457 1586 549 1624 longe
566 1586 718 1624 optimus,
733 1585 837 1623 pedite

185 1629 268 1657 inter
293 1628 444 1658 finitimos
465 1629 649 1664 vincuntur,
674 1633 702 1659 7.
728 1638 834 1658 eorum

185 1673 331 1710 querelae,
363 1672 550 1701 insatiabilis
587 1672 719 1701 aviditas
756 1681 833 1709 prce-

184 1717 241 1749 dae.
268 1719 298 1745 et
325 1716 516 1755 arrogantia,
544 1720 590 1744 ll.
616 1716 699 1745 inter
724 1724 776 1744 eos
803 1719 838 1744 et

186 1760 357 1791 Quintium
404 1760 441 1788 de
485 1759 603 1788 Thebis
641 1759 834 1788 Phthioticis

184 1802 382 1841 disceptatio,
411 1807 462 1832 13.
485 1803 569 1841 pacis
591 1812 662 1831 cum
687 1802 833 1841 Philippo

184 1847 265 1885 leges
290 1855 355 1875 non
378 1846 568 1885 approbant,
590 1850 646 1883 31,
669 1850 720 1875 35.
746 1847 833 1884 inge-

184 1891 238 1919 nio
271 1889 413 1927 inquieta
443 1899 532 1929 gens,
555 1894 607 1919 44.
653 1889 833 1919 AEtolorum

184 1933 288 1962 anima
314 1942 370 1961 cur
395 1933 523 1962 alienati
550 1942 567 1962 a
594 1932 744 1962 societate
768 1933 833 1962 Ro-

184 1986 291 2013 mana,
307 1980 359 2006 49.

225 2019 420 2049 invehuntur
462 2020 495 2048 in
541 2020 767 2057 Athenienses,
804 2022 837 2049 et

182 2063 343 2092 Romanos
386 2063 572 2092 insimulant
614 2063 745 2100 fraudis,
777 2067 833 2101 34,

184 2111 234 2135 23.

225 2150 388 2178 concitant
420 2158 505 2184 reges
544 2150 580 2178 ad
619 2150 736 2178 bellum
769 2151 832 2179 Ro-

181 2202 322 2226 manum,
348 2197 403 2228 35,
438 2197 485 2220 12.
514 2193 672 2222 decretum
700 2193 833 2230 faciunt,

182 2246 244 2274 quo
280 2236 446 2265 arcessitur
476 2236 655 2265 Antiochus
687 2237 724 2265 ad
755 2237 831 2266 libe-

181 2280 310 2308 randam
328 2280 495 2312 Graeciam‚
513 2284 566 2308 83.
585 2282 741 2317 occupant
767 2281 831 2308 De-

182 2324 363 2352 metriadem
394 2323 513 2357 urbem,
545 2328 598 2353 34.
645 2323 751 2352 Nabiu
784 2324 831 2352 in-

180 2367 352 2400 terficiunt,
376 2371 427 2396 35.
453 2367 616 2395 caeduntur
646 2376 663 2395 a
690 2367 832 2396 Lacedae-

180 2411 307 2444 moniis,
338 2412 390 2438 36.
437 2410 617 2439 Chalcidem
655 2419 835 2448 oppugnare

181 2457 320 2489 tentant,
347 2457 400 2484 37.
445 2453 640 2483 Antiochum
672 2454 834 2492 appellant

180 2496 419 2536 imperatorum,
443 2501 494 2525 45.
541 2497 718 2525 AEtolorum
746 2498 832 2535 prin-

181 2540 285 2578 cipum
325 2550 395 2568 cum
436 2540 695 2569 Chalcidensibus
735 2541 831 2570 collo-

182 2583 304 2620 quium,
323 2586 376 2612 46.
399 2586 528 2612 tentant
544 2585 645 2613 socios
670 2584 830 2613 Romano-

183 2635 266 2662 rum,
282 2631 334 2657 47.

226 2679 258 2697 se
289 2670 489 2708 conjungunt
521 2670 697 2707 Antiocho,
721 2673 777 2706 36,
801 2675 832 2701 9.

181 2712 350 2741 includunt
385 2722 451 2741 sese
481 2714 655 2750 Heracleae,
689 2717 720 2742 et
753 2714 832 2751 juga

182 2755 299 2784 montis
323 2756 406 2785 OEtae
433 2761 600 2795 occupant,
629 2759 677 2786 16.
701 2758 827 2786 caedun-

182 2801 248 2834 tur,
276 2802 324 2828 18.
372 2799 531 2829 Heracleae
560 2800 754 2833 obsidentur,
781 2805 832 2829 22.

180 2842 368 2880 permittunt
408 2851 439 2870 se
477 2843 509 2872 in
548 2843 637 2872 fidem
673 2844 833 2873 Romano-

182 2893 264 2923 rum,
294 2888 326 2915 et
354 2884 501 2922 gravibus
529 2887 666 2916 consulis
695 2887 832 2924 imperiis

1494 99 1564 132 281

922 207 1027 226 rursus
1063 198 1100 227 nd
1137 199 1252 228 bellum
1291 201 1477 238 incitantur,
1518 208 1568 232 28.

923 245 973 272 29.
1002 241 1119 270 obsessi
1150 243 1182 271 in
1215 243 1289 272 urbe
1316 245 1482 283 Naupaz‘to
1511 248 1566 276 ini<

922 285 1045 323 plorant
1069 295 1157 323 opem
1182 287 1218 315 T.
1237 287 1377 323 Quintii,
1395 293 1445 317 2311.
1471 291 1568 328 impe-

923 332 1009 356 trant
1039 329 1193 365 inducias,
1224 334 1254 359 et
1289 331 1407 366 legatos
1438 332 1570 362 mittunt

924 372 1068 408 Romam,
1086 377 1137 402 35.

968 416 1010 443 Hi
1043 416 1158 445 infecta
1181 426 1254 455 pace
1276 417 1493 454 dimittuntur,
1516 424 1571 455 37,

929 461 955 487 1.
1002 458 1099 488 AEtoli
1128 464 1283 499 occupant
1310 468 1447 490 montem
1476 463 1570 491 Cora>

923 510 1006 536 cem,
1043 506 1072 530 4.
1112 504 1282 541 impetrant
1317 514 1335 533 a
1372 506 1499 534 consule
1538 507 1570 534 1..

924 543 1070 582 Scipione
1096 547 1237 576 inducias
1268 557 1319 576 sex
1349 550 1516 583 mensium,
1542 554 1569 579 7.

923 597 982 625 pax
1006 591 1173 618 convenire
1198 600 1259 619 non
1286 595 1401 629 potest,
1419 596 1471 623 49.
1491 593 1569 620 infe-

923 636 998 659 runt
1015 632 1133 661 bellum
1152 634 1293 673 Dolopiae
1314 639 1346 664 et
1360 635 1572 672 Athamaniae,

922 674 994 702 ibid.
1014 680 1044 704 et
1060 680 1114 712 38,
1135 681 1162 706 1.

966 727 1072 756 pacem
1100 724 1212 758 petunt
1241 730 1259 749 a
1284 721 1329 749 M.
1356 721 1468 751 Fulvio
1495 732 1571 751 con-

922 762 1000 795 sule,
1024 767 1079 798 38,
1109 768 1136 792 8.
1184 765 1317 801 Legatos
1348 765 1482 794 mittunt
1507 767 1570 795 Ro-

921 814 1015 838 mam,
1039 810 1085 835 10.
1132 807 1229 846 Leges
1263 808 1347 846 pacis
1378 818 1449 838 curn
1486 811 1575 838 Atto-

922 848 973 884 lis,
995 852 1042 877 11.

965 891 1001 920 de
1047 892 1083 922 iis
1128 894 1305 933 triumphat
1349 895 1394 923 M.
1429 895 1572 932 Fulvius,

922 939 976 967 39,
995 939 1023 964 5.

964 987 1070 1007 eorum
1095 979 1214 1008 mutuis
1237 980 1372 1009 caedibus
1400 980 1430 1009 in
1459 984 1570 1010 semet-

923 1020 1006 1059 ipsos
1023 1032 1130 1051 versus
1147 1024 1246 1058 furor,
1265 1027 1321 1059 41,
1336 1028 1388 1052 30.

965 1074 1071 1094 eorum
1096 1066 1264 1095 discordias
1288 1067 1371 1105 sopit
1392 1067 1574 1105 Marcellus,

921 1110 976 1144 42,
996 1112 1024 1136 5.

964 1151 1063 1180 AEtoli
1088 1157 1258 1182 occurrunt
1282 1153 1430 1182 sordidati
1454 1154 1487 1182 L.
1517 1153 1569 1182 ΖΞ-

922 1192 1009 1223 milio
1027 1196 1148 1229 Paullo,
1166 1200 1222 1232 45,
1241 1201 1292 1226 28.
1308 1206 1414 1225 eorum
1442 1200 1572 1235 quercla}

922 1237 959 1266 de
977 1238 1169 1277 principibus
1186 1240 1249 1269 suis
1267 1240 1453 1276 interfectis,
1470 1245 1524 1270 aut
1540 1242 1571 1269 in

922 1281 1063 1310 exsilium
1093 1284 1182 1317 actis,
1211 1284 1284 1312 ibid.
1311 1284 1348 1312 ‹le
1379 1294 1414 1312 co
1446 1285 1573 1320 negotio

922 1325 1063 1362 cognitio
1080 1330 1109 1354 et
1123 1326 1291 1363 judicium,
1304 1332 1356 1355 31.

878 1368 990 1404 AEloli,
1005 1378 1081 1407 gens
1098 1370 1251 1407 inquieta,
1267 1374 1322 1405 31,
1339 1375 1388 1399 28.
1404 1370 1574 1400 vanissima

922 1414 954 1439 et
969 1412 1194 1450 ingratissima,
1210 1417 1263 1447 36,
1286 1418 1333 1445 17.

878 1454 979 1483 AEtoli
996 1456 1178 1485 umbilicum
1195 1457 1323 1486 Graecioe
1339 1457 1496 1494 incolunt,
1514 1460 1570 1494 35,

926 1501 975 1526 18.

880 1541 917 1570 C.
931 1541 1093 1576 Afranius,
1111 1547 1166 1579 43,
1184 1547 1234 1572 20.

880 1585 917 1614 C.
933 1585 1082 1614 Afranius
1123 1587 1244 1620 Stellio,
1276 1589 1402 1624 praetor,
1432 1591 1488 1622 39,
1519 1591 1570 1616 23.

920 1628 1066 1657 triumvir
1081 1629 1211 1659 coloniae
1227 1630 1427 1665 deducendae,
1444 1634 1496 1660 55.

878 1671 914 1700 L.
931 1671 1094 1708 Afranius,
1112 1673 1197 1711 Epit.
1219 1677 1380 1709 110.>113.
1400 1677 1469 1702 114.

877 1714 1013 1744 Africam
1043 1716 1186 1754 praesidio
1214 1717 1316 1746 firmat
1344 1717 1494 1750 Annibal,
1519 1721 1573 1752 21,

922 1761 974 1787 22.
1005 1759 1038 1787 in
1068 1760 1176 1788 Africa
1206 1770 1253 1790 res
1284 1769 1394 1798 parum
1425 1770 1570 1798 prospere

921 1805 1010 1839 gesta
1040 1811 1059 1830 a
1092 1803 1221 1833 Servilio
1258 1804 1400 1839 consule,
1432 1807 1486 1840 22,
1517 1808 1568 1832 31.

920 1854 987 1873 eam
1027 1847 1197 1884 populatur
1236 1847 1281 1875 M.
1310 1846 1454 1875 Valerius
1486 1848 1570 1876 Mes—

920 1889 998 1924 sala,
1022 1893 1076 1925 27,
1103 1894 1131 1918 5.
1157 1895 1207 1921 29.
1233 1891 1265 1919 in
1292 1890 1431 1919 Africam
1454 1891 1572 1928 trajicit

920 1931 1038 1970 Scipio,
1056 1936 1109 1969 29,
1127 1936 1177 1962 26.
1197 1938 1247 1964 27.

876 1975 959 2012 Afri,
985 1985 1061 2015 gens
1093 1977 1217 2007 mobilis
1249 1982 1344 2016 atque
1375 1977 1482 2014 infida,
1514 1981 1568 2015 29,

920 2023 951 2047 3.

877 2062 1034 2092 Africanae
1064 2063 1147 2093 ludis
1179 2064 1380 2094 Circensibus
1410 2063 1570 2102 exhibitae,

921 2110 974 2139 44,
996 2110 1044 2135 18.

876 2150 908 2177 Ρ.
927 2149 1109 2185 Africanus,
1125 2150 1187 2180 vid.
1207 2151 1381 2180 Cornelius.

876 2191 1003 2220 Africus
1021 2197 1146 2229 ventus,
1164 2197 1217 2232 26,
1234 2199 1286 2224 42.
1303 2199 1358 2231 30,
1378 2199 1428 2224 24.

874 2236 1023 2273 Agalsus‚
1041 2237 1181 2274 equitum
1200 2239 1378 2276 praefectus,
1396 2243 1448 2271 44,
1466 2244 1518 2268 30.

875 2279 1126 2315 Agamemnonis.
1160 2281 1266 2310 classis
1304 2283 1389 2311 mille
1431 2284 1569 2315 navium.

918 2326 972 2359 45,
989 2327 1040 2354 27.

875 2367 1038 2405 Agasoues
1062 2366 1214 2403 adjuvant
1230 2367 1392 2396 victoriam
1410 2368 1569 2397 Romano-

920 2419 1002 2446 rum,
1021 2415 1052 2444 7,
1074 2414 1121 2438 14.
1144 2415 1192 2440 15.

876 2453 1039 2492 Agasoues
1071 2463 1141 2482 cum
1174 2454 1262 2493 equis
1292 2454 1460 2492 phaleratis
1485 2455 1568 2483 dono

918 2497 996 2529 dati.
1013 2501 1068 2532 43,
1085 2501 1116 2527 7.

875 2540 1009 2578 Agassa,
1034 2540 1120 2577 urbs,
1145 2541 1210 2569 sive
1233 2541 1375 2579 Agassae,
1393 2545 1447 2573 44,
1467 2545 1494 2570 7.
1513 2544 1567 2572 45,

920 2587 971 2614 27.

875 2626 1080 2665 Agathocles,
1105 2636 1158 2656 rex
1188 2627 1414 2666 Syracusanus,
1440 2625 1570 2661 conjicit

920 2670 1198 2708 Carthaginienses
1222 2671 1256 2699 in
1281 2678 1427 2704 magnum
1461 2669 1567 2697 discri-

918 2723 1003 2747 men,
1024 2717 1077 2748 28,
1096 2717 1148 2743 43.

876 2756 1076 2795 Agathyrna,
1102 2756 1252 2795 oppidum
1277 2755 1307 2783 in
1334 2754 1448 2788 Sicilia,
1469 2752 1567 2783 collu-

919 2800 979 2828 viei
1010 2800 1175 2828 homiuum
1207 2797 1396 2837 perfugium,
1429 2799 1482 2832 26,
1516 2801 1567 2826 40.

921 2846 973 2875 27,
996 2846 1043 2870 12.

876 2887 997 2925 Agema
1012 2885 1170 2922 equitum,
1187 2888 1242 2921 37,
1261 2887 1312 2913 40.
