1831 3194
518 115 636 152 Llss.
666 114 790 151 XLV.
836 115 963 152 cAP.
995 115 1090 152 xn.
1421 123 1491 163 ης)

81 218 274 278 juvante,
297 232 337 267 ct
358 238 437 264 non
459 238 500 263 rc
534 223 786 278 ngnantibus
807 223 946 264 fratris
966 222 1120 272 amicis,
1142 231 1276 270 ratus;
1309 224 1487 279 primum
1513 235 1549 266 U.
1564 234 1686 266 c.584.

89 280 143 320 ad
174 296 367 329 sororem,
399 237 546 321 deind'e
576 280 625 320 ud
660 281 827 320 fratrem
858 281 1092 335 amicosque
1123 280 1227 334 ejus,
1259 295 1337 320 non
1375 281 1490 336 prius
1512 278 1685 309 A.C.168.

87 336 247 377 destitit
271 337 445 385 mittere,
468 352 592 391 quam
627 352 765 391 pacem
797 352 890 376 cum
914 337 961 376 iis
982 338 1253 377 confirmaret.
1317 339 1489 392 Suspec-

86 400 175 433 tum
200 394 453 434 Antiochum
477 394 680 442 offecerat,
702 393 831 448 quod,
853 402 988 434 cetera
1010 393 1197 448 lEgypto
1219 393 1294 433 sibi
1321 394 1488 444 tradita,

86 448 241 490 Pelusii
264 450 445 490 validum
468 449 495 472 ⁴¹
513 449 701 491 relictum
719 458 805 490 erat
827 450 1077 505 praesidium.
1100 450 1341 505 adparebat,
1359 450 1490 490 claus-

86 514 151 546 tra
175 506 351 562 AEgypti
384 506 526 555 teneri,
552 506 654 556 ⁴¹²ut,
677 521 808 562 quum
840 506 977 555 vellet,
1000 522 1143 547 rursus
1173 507 1398 547 exercitum
1431 507 1489 547 in-

84 562 278 603 duceret:
312 563 420 603 bello
450 562 643 604 intestino
673 578 767 603 cum
803 563 931 604 fratrc
972 578 1065 603 cum
1107 563 1265 604 exitum
1306 564 1408 614 fore,
1441 573 1488 604 ut

84 619 230 669 victor,
252 620 384 660 fessus
413 620 648 669 certamine,
680 635 940 675 nequaquam
973 635 1048 675 par
1079 620 1289 661 Antiocho
1318 621 1489 661 futurus

82 684 200 717 essct.
262 677 384 727 Haec,
406 676 632 732 prudenter
653 676 937 717 animadversa
957 691 981 716 a
1000 678 1169 732 majore,
1192 692 1285 717 cum
1311 677 1487 719 adsensu

83 731 216 773 minor
236 732 379 783 frater,
401 733 558 788 quique
579 748 672 774 cum
695 749 742 774 eo
763 740 894 782 erant,
916 742 1163 789 acceperunt
1180 750 1187 774 :
1227 749 1340 774 soror
1360 734 1489 789 pluri-

82 803 198 829 mum
219 789 396 845 adjuvit,
419 805 500 830 non
524 790 691 830 consilio
722 790 858 839 modo,
882 790 952 830 sed
984 790 1106 831 ctiam
1137 790 1340 845 precibus,
1404 792 1488 832 Ita-

81 859 179 901 que,
201 847 551 888 consentientibus
580 847 739 888 cunctis
769 862 868 902 pace
898 847 1021 897 facta,
1048 847 1355 887 Alexandream
1387 848 1488 888 reci-

82 901 213 957 pitur,
235 918 286 943 ne
306 903 575 945 multitudine
596 903 765 959 quidem
787 903 1052 945 adversante:
1085 919 1181 959 quze
1204 903 1244 944 in
1265 903 1388 954 bello,
1406 919 1485 945 non

82 973 157 1014 per
195 959 451 1000 obsidionem
490 959 627 1009 modo,
670 960 741 1000 sed
781 960 903 1002 etiam
944 969 1164 1015 postquam
1210 975 1233 1000 a
1282 961 1487 1001 moenibus

82 1015 316 1057 abscessum
337 1026 413 1067 est,
435 1017 535 1073 quia
556 1016 656 1057 nihil
677 1032 727 1058 ex
748 1015 940 1072 AEgypto
961 1017 1284 1066 subvehebatur,
1301 1018 1485 1058 omnium

81 1086 221 1113 rerum
243 1073 468 1115 adtenuata
488 1073 628 1128 inopia
647 1082 746 1114 erat.
810 1073 889 1113 His
910 1088 1042 1127 quum
1073 1073 1206 1114 laetari
1229 1074 1487 1114 Antiochum

81 1129 327 1171 conveniens
351 1138 470 1180 esset,
494 1129 525 1170 si
553 1130 777 1171 reducendi
804 1131 894 1185 ejus
915 1144 1059 1170 caussa
1078 1129 1305 1171 exercitum
1326 1130 1487 1186 AEgyp-

83 1192 175 1226 tum
204 1185 450 1237 induxisset,
481 1201 566 1243 quo
606 1186 787 1250 specioso
826 1185 951 1227 titulo
990 1185 1044 1226 ad
1091 1202 1232 1227 omnes
1282 1187 1397 1228 Asiae
1446 1196 1487 1228 et

84 1241 260 1283 Graeciae
289 1243 490 1293 civitates,
521 1242 796 1298 legatlonibus
825 1243 1069 1298 recipiendis
1099 1243 1310 1299 literisque
1350 1244 1488 1285 dimit-

81 1299 232 1349 tendis,
254 1315 354 1341 usus
384 1308 486 1350 erat,
509 1299 611 1341 adeo
641 1308 702 1342 est
732 1300 942 1349 obfensus,
965 1308 1013 1341 ut
1043 1300 1177 1341 multo
1204 1300 1338 1341 acrius
1366 1301 1488 1342 infes-

81 1354 249 1412 tiusque
278 1356 476 1398 adversus
505 1357 624 1407 duos,
647 1372 772 1412 quam
802 1365 898 1398 ante
928 1356 1125 1398 adversus
1155 1372 1301 1407 unum,
1322 1367 1487 1413 pararet

81 1411 249 1454 bellum.
312 1414 501 1470 Cyprum
545 1413 754 1469 extemplo
798 1413 965 1454 classem
1011 1414 1144 1454 misit:
1202 1414 1302 1469 ipse,
1352 1415 1486 1470 primo

81 1483 176 1510 vere
196 1486 292 1511 cum
312 1470 496 1511 exercitu
519 1469 761 1525 AEgyptum
782 1478 939 1525 petenS,
962 1469 1003 1509 in
1027 1469 1170 1510 Coelen
1203 1470 1363 1525 Syriam
1394 1485 1487 1527 pro-

81 1526 213 1568 cessit.
277 1527 398 1568 Circa
419 1526 702 1568 Rhinocolura
724 1526 939 1568 Ptolemaei
970 1525 1115 1581 legatis
1145 1526 1365 1582 agentibus
1393 1543 1486 1582 gra-

81 1581 173 1633 tias,
192 1583 307 1639 quod
337 1598 412 1639 per
432 1598 526 1624 eum
550 1598 725 1639 regnum
755 1583 940 1639 patrium
971 1583 1204 1638 recepisset,
1235 1584 1491 1639 petentibus-

80 1654 180 1695 que,
202 1648 250 1682 ut
282 1655 405 1681 suum
434 1655 587 1681 munus
618 1647 820 1690 tueretur,
843 1648 884 1681 et
915 1639 1070 1681 diceret
1100 1639 1254 1695 potius,
1277 1640 1380 1695 quid
1401 1641 1489 1681 fieri

81 1696 221 1747 vellet,
243 1712 384 1760 quam,
405 1696 536 1738 hostis
565 1712 616 1737 ex
647 1696 755 1737 socio
785 1696 936 1746 factus,
959 1695 999 1736 vi
1030 1704 1158 1752 atque
1188 1697 1313 1737 armis
1333 1706 1489 1752 ageret,

78 1753 291 1809 respondit
307 1770 317 1800 ;
353 1753 448 1794 Non
468 1755 592 1795 aliter
612 1767 737 1806 neque
756 1755 917 1795 classem
935 1760 1220 1801 revocaturum,
1236 1768 1360 1807 neque
1380 1769 1491 1794 exer-

81 1811 200 1850 citum
221 1812 485 1860 reducturum,
504 1812 586 1852 m‘sz‘
604 1810 682 1851 sibi
702 1817 740 1851 et
755 1817 841 1851 tota
866 1812 1014 1865 Cypro,
1037 1817 1074 1851 et
1097 1810 1275 1860 Pelusio,
1298 1825 1488 1865 agroque,

81 1868 153 1921 qui
185 1869 294 1908 circa
329 1869 576 1910 Pelusiacum
613 1869 753 1908 ostium
795 1868 892 1908 Nili
932 1874 1041 1915 esset,
1073 1869 1255 1908 cederet:
1296 1868 1489 1923 diemque

81 1924 322 1979 praestituit,
354 1924 464 1967 intra
492 1941 619 1982 quam
654 1923 688 1948 ‘¹³
700 1924 752 1966 de
781 1923 1088 1966 conditionibus
1117 1923 1294 1980 peractis
1323 1939 1489 1980 respon-

81 1995 172 2022 sum
198 1981 412 2037 acciperet.

139 2038 252 2078 XII.
286 2039 515 2094 Postquam
536 2039 624 2080 dies
651 2038 750 2080 data
775 2037 952 2079 induciis
980 2037 1196 2093 praeteriit,
1213 2039 1236 2064 '¹‘
1254 2036 1489 2093 “navigan-

81 2093 196 2135 tibus
233 2094 339 2136 ostio
375 2095 461 2136 Nili
500 2095 553 2136 ad
585 2095 833 2145 Pelusiu1n⁶‚
876 2110 950 2150 per
991 2095 1155 2135 deserta
1196 2094 1367 2135 Arabiae
1390 2096 1414 2121 ξ
1435 2095 1488 2135 ad

82 2151 317 2207 Memphim
339 2151 587 2200 incolebant,
610 2161 651 2193 et
672 2153 725 2193 ab
746 2151 891 2193 ceteris
914 2150 1146 2206 AEgyptiis,
1168 2151 1319 2213 partim
1342 2150 1488 2191 volun-

81 2215 182 2258 tate,
212 2208 365 2264 partim
395 2217 526 2258 metu,
548 2209 601 2249 ad
632 2207 939 2250 Alexandream
970 2207 1141 2248 modicis
1171 2207 1388 2248 ltineribus
1417 2207 1487 2247 de-

81 2264 251 2307 scendit.
330 2264 362 2288 ‘²⁵
375 2265 449 2306 Ad
490 2265 713 2306 Leusinem
753 2273 1008 2319 transgresso
1048 2263 1217 2313 fiumen,
1258 2264 1331 2320 qui
1372 2264 1486 2305 locus

631 2368 646 2386 e
662 2364 751 2406 [ipse]
767 2375 819 2404 per
834 2363 926 2395 Crev.

806 2458 956 2490 Romanis
978 2457 1103 2490 dimissa
1124 2469 1141 2489 e
1164 2458 1267 2500 Cypro
1292 2462 1486 2493 memoratur,

121 2461 160 2491 41
187 2460 334 2491 Relictam.
358 2467 421 2491 erat
445 2461 632 2502 proesiclium]
668 2461 760 2492 Com-

805 2501 996 2544 suspicamur
1008 2501 1196 2532 Antiochum
1216 2500 1298 2541 apud
1317 2511 1349 2531 se
1370 2501 1485 2531 retinu-

82 2503 201 2535 modius
214 2505 383 2544 reliquerat.
428 2504 644 2535 Gnonovms.

125 2546 167 2576 42
194 2547 245 2581 Ut,
268 2558 355 2586 quum
382 2546 461 2581 velit,
482 2557 585 2576 rursus
607 2547 763 2577 exercitum

81 2588 247 2629 induceret]
280 2589 371 2630 Legit
393 2589 577 2625 Gronovius,
598 2601 687 2629 qaam
703 2589 762 2619 vel-

79 2630 128 2660 let.

133 2672 174 2702 43
206 2672 252 2702 De
277 2674 483 2704 conditionibus
507 2674 647 2714 peractis]
692 2674 762 2704 Vox

81 2715 206 2754 peractis
236 2714 356 2745 videtur
387 2726 454 2747 esse
487 2717 645 2748 mendosa.
690 2717 762 2747 For-

82 2764 164 2788 tasse
178 2756 340 2798 scripserat
352 2758 456 2789 Livius
469 2760 581 2789 delatis.

141 2799 182 2829 44
220 2799 432 2841 Navigantibus
463 2804 530 2832 ostio
562 2801 642 2841 Nili]
679 2801 762 2830 Prae-

83 2847 129 2873 ter
163 2841 291 2872 classem
327 2842 494 2883 Syriacam,
519 2855 588 2884 quae
626 2844 763 2884 Cyprum

83 2895 176 2927 supra
198 2884 290 2915 missa
313 2884 434 2921 dicitur,
457 2892 487 2917 et
509 2887 589 2917 infra
612 2896 631 2917 a
656 2885 764 2926 legatis

805 2544 864 2575 isse
886 2545 1006 2585 aliquas
1024 2543 1193 2574 maritimas
1213 2543 1327 2584 copias,
1343 2549 1376 2573 ut
1395 2542 1485 2572 simul

807 2593 895 2621 terra,
925 2587 1014 2617 simul
1038 2586 1114 2617 mari
1139 2587 1313 2628 EEgyptum
1340 2585 1485 2627 aggrede-

805 2635 893 2660 retur.
940 2631 994 2660 Eae
1019 2629 1068 2659 hic
1093 2630 1255 2669 navigasse
1279 2628 1487 2668 intelligentur

805 2683 860 2714 per
874 2672 984 2702 ostium
1003 2671 1067 2703 Nili
1084 2672 1123 2702 ad
1145 2671 1313 2705 Pelusium,
1329 2670 1402 2700 dum
1423 2669 1486 2709 ipse

807 2714 978 2745 Antiochus
1001 2714 1132 2745 terrestri
1153 2713 1287 2744 exercitu
1311 2722 1363 2754 per
1385 2711 1486 2741 deser-

805 2762 838 2788 ta
850 2757 972 2788 Arabiae
990 2758 1162 2798 AEgyptum
1177 2755 1263 2796 petit.

861 2800 902 2830 45
936 2802 982 2830 Ad
1019 2799 1185 2838 Leusinem]
1236 2795 1376 2827 Emenda
1417 2805 1487 2825 cum

806 2843 949 2873 Turnebo
991 2847 1022 2873 et
1066 2842 1094 2871 V
1098 2841 1189 2871 alesio
1232 2841 1269 2869 ud
1315 2837 1485 2868 Eleusinem.

809 2885 929 2915 Eleusis
954 2885 1039 2914 vicus
1064 2883 1121 2915 fuit
1148 2882 1187 2912 ad
1213 2881 1324 2913 fossam
1353 2881 1487 2923 Canopi-

878 2931 954 2966 ΝΞ
