1831 3194
471 92 584 131 LIB.
614 92 736 131 XLV.
779 93 903 130 CAP.
936 93 1103 130 XXXV.
1416 101 1492 135 ‘205

78 209 367 255 pervenerant,
389 216 521 257 quum
543 203 754 242 Eumenes
784 203 839 243 ad
866 202 1014 243 Sardcs
1048 201 1234 258 undique
1265 203 1491 246 exercitum
1508 218 1685 251 U‚c.585,

79 264 353 300 contraxerat.
418 259 482 299 Ibi
515 267 555 300 ct
583 259 759 299 Romani
795 259 1069 300 Solovettium
1101 260 1248 300 ducem
1274 260 1490 302 Gallorum
1506 262 1545 293 Α·
1559 262 1596 294 C·
1615 263 1684 293 167.

82 314 288 369 Synnadis
309 316 506 364 adlocuti,
529 324 568 356 ct
592 316 766 356 Attalus
788 332 881 357 cum
905 317 962 357 cis
993 317 1231 372 pr‹›fectus;
1267 318 1336 357 scd
1360 326 1494 358 castra

82 371 299 412 Gallorum
325 372 475 413 intrare
498 388 591 412 eum
616 388 694 413 non
718 373 890 428 placuit,
906 389 955 413 nc
977 373 1100 413 animi
1123 390 1172 414 cx
1196 374 1494 429 disceptatione

79 426 353 469 irritarentur.
416 430 462 469 Ρ.
488 429 674 470 Licinius
695 446 790 470 cum
822 430 967 484 regulo
990 431 1207 471 Gallorum
1231 440 1291 472 cst
1314 432 1493 479 locutus,

78 483 112 507 ‘⁵⁸
124 485 366 541 retulitque,
389 486 628 526 ferociorem
660 503 754 527 cum
778 487 1038 543 deprecando
1059 488 1230 529 factum.
1265 497 1311 529 ut
1342 488 1491 529 mirum

80 540 211 582 videri
242 550 394 597 posset,
418 542 524 584 inter
545 549 654 584 tam·V
676 544 897 600 opulentos
919 560 1050 598 reges,
1074 546 1334 586 Antiochum
1358 546 1497 586 Ptole-

79 613 330 654 maeumque,
368 607 533 641 tantum
567 601 799 656 legatorum
823 603 1111 642 Romanorum
1145 603 1271 643 verba
1301 602 1494 652 valuisse,

77 663 128 696 ut
149 656 359 712 extemplo
383 672 526 712 pacem
556 657 764 706 facerent3
798 659 913 714 apud
937 658 1081 700 Gallos
1111 659 1267 700 nullius
1297 660 1495 700 momenti

77 712 216 753 fuisse.

137 770 336 811 XXXV.
371 772 549 812 Romam
580 772 762 827 primum
792 788 909 829 reges
930 773 1099 828 captivi,
1124 774 1300 814 Perseus
1321 782 1362 814 ct
1387 774 1498 815 Gen-

77 825 176 877 tius,
198 827 240 868 in
262 828 493 869 custodiam
515 845 610 870 cum
642 829 780 870 liberis
810 830 1007 876 abducti3
1042 830 1136 871 dein
1160 830 1285 871 turba
1304 831 1384 871 alia
1405 847 1499 887 cap-

77 883 284 926 tivorum:
332 893 422 927 tum
464 885 619 942 quibus
656 887 938 927 Macedonum
979 887 1276 929 denunciatum
1313 896 1415 937 erat,
1449 897 1498 930 ut

79 941 259 982 Romam
292 943 495 993 venirent,
529 943 851 1000 principumque
889 943 1078 984 Graecioe.
1121 960 1215 985 nam
1251 944 1294 985 hi
1328 961 1498 1000 quoque

78 1013 162 1039 non
192 999 324 1039 solum
355 1009 581 1055 praesentes
615 1001 739 1041 exciti
771 1009 902 1050 erant,
935 1001 1006 1041 sed
1039 1001 1178 1051 etiam,
1211 1001 1242 1041 si
1277 1002 1350 1056 qui
1383 1002 1498 1057 apud

77 1070 196 1110 reges
232 1072 318 1096 csse
354 1057 614 1107 dicebantur,
648 1057 776 1098 literis
809 1057 992 1098 arcessiti
1028 1066 1137 1098 sunt.
1201 1058 1375 1098 Paullus
1411 1060 1497 1114 ipse
1511 1070 1712 1101 Paullusno-

77 1108 173 1167 post
209 1113 295 1154 dies
335 1129 490 1169 paucos
524 1113 639 1169 regia
672 1130 780 1155 nave
811 1113 992 1169 ingentis
1023 1113 1339 1170 magnitudinis,
1371 1131 1497 1170 quam
1510 1114 1711 1184 pamappel·

79 1169 287 1210 sexdecim
308 1186 452 1211 versus
481 1186 691 1211 remorum
716 1172 911 1227 agebant,
933 1179 1080 1212 ornata
1102 1171 1385 1212 Macedonicis
1408 1187 1499 1228 spo-
1512 1155 1644 1229 2533ssssssss
1669 1206 1700 1230 ct

78 1224 159 1276 liis,
186 1241 268 1268 non
300 1226 525 1283 insignium
562 1236 727 1269 tantum
763 1243 989 1277 armorum,
1025 1227 1097 1269 sed
1129 1228 1254 1269 etiam
1288 1228 1498 1284 regiorum
1514 1223 1673 1273 Octaviu’s.

78 1283 305 1335 textilium,
327 1285 501 1326 adverso
524 1284 670 1326 Tiberi
692 1286 746 1326 ad
771 1286 917 1327 urbem
940 1292 1000 1326 est
1023 1286 1262 1335 subvectus,
1285 1286 1501 1342 completis

78 1339 180 1396 ripis
200 1341 366 1383 obviam
396 1342 528 1384 effusa
556 1342 840 1384 multitudine.
903 1344 1066 1383 Paucos
1094 1350 1187 1399 post
1214 1342 1301 1383 dies
1324 1342 1501 1383 Anicius

78 1405 120 1439 et
143 1398 344 1440 Octavius
371 1399 497 1441 classe
526 1415 601 1441 sua
629 1399 805 1442 advecti.
868 1400 1028 1442 Tribus
1058 1400 1109 1440 iis
1139 1399 1332 1440 omnibus
1363 1400 1501 1441 decre-

80 1461 150 1495 tus
171 1463 232 1496 est
254 1456 307 1497 ab
329 1465 475 1498 senatu
506 1457 771 1512 triumphus:
803 1456 1135 1512 mandatumque
1158 1458 1206 1506 Q.
1232 1456 1374 1497 Cassio
1394 1467 1701 1515 prae-[rriumphus

79 1511 176 1562 tori,
199 1528 294 1553 cum
325 1513 504 1555 tribunis
534 1513 667 1569 plebis
697 1529 748 1554 ex
779 1514 1029 1555 auctoritate
1052 1515 1229 1554 Patrum
1259 1522 1415 1569 ageret,
1438 1521 1549 1555 ro-llS
1563 1510 1706 1541 decretus

78 1568 290 1624 gationem
320 1571 374 1611 ad
404 1570 569 1627 plebem
599 1571 770 1621 ferrent,
792 1579 840 1611 ut
871 1570 935 1620 iis,
957 1586 1043 1626 quo
1074 1569 1140 1610 die
1173 1570 1321 1611 urbem
1352 1559 1664 1612 trium-asenam·

79 1625 257 1681 phantes
278 1626 587 1677 inveherentur,
610 1627 831 1683 imperium
861 1636 978 1668 esset.
1043 1627 1211 1668 Intacta
1239 1626 1397 1668 invidia
1416 1643 1500 1669 me-

80 1682 151 1723 dia
180 1691 301 1725 sunt:
339 1684 392 1726 ad
428 1699 591 1726 summa
622 1684 751 1725 ferme
784 1684 931 1726 tendit.
968 1699 1042 1725 nec
1073 1683 1125 1724 de
1156 1684 1312 1734 Anicii,
1343 1700 1417 1725 nec
1448 1684 1500 1725 de

82 1740 247 1781 Octavii
268 1741 483 1798 triumpho
505 1741 748 1783 dubitatum
773 1749 861 1783 est:
896 1740 1109 1791 Paullum,
1131 1740 1199 1782 cui
1229 1741 1309 1797 ipsi
1331 1757 1500 1797 quoque
1513 1752 1634 1782 Trium-

81 1812 123 1838 se
170 1813 408 1854 comparare
457 1799 735 1849 erubuissent,
781 1798 1030 1840 obtrectatio
1080 1797 1246 1854 carpsit.
1308 1798 1503 1854 Antiqua
1514 1795 1715 1868 FliousPaul-

80 1853 299 1910 disciplina
319 1856 471 1897 milites
495 1856 725 1903 habueram
759 1855 811 1896 de
838 1855 984 1911 praeda
1012 1855 1194 1911 parcius,
1217 1870 1344 1910 quam
1366 1870 1503 1911 spera-
1515 1845 1672 1922 alil-digiti?

80 1920 227 1953 verant
257 1928 309 1953 ex
340 1913 467 1954 tantis
496 1913 620 1969 regiis
650 1913 816 1969 opibus,
839 1912 1010 1953 dederat
1041 1912 1144 1952 nihil
1177 1911 1383 1953 relicturis
1397 1920 1424 1962 Ζ,
1450 1912 1502 1964 (si
1515 1925 1632 1956 volunt.

82 1968 275 2010 aviditati
304 1970 614 2026 indulgeretur)
647 1970 763 2026 quod
798 1970 840 2010 in
877 1969 1074 2011 aerarium
1106 1969 1300 2010 deferret.
1364 1970 1504 2011 Totus

84 2026 384 2068 Macedonicus
413 2027 621 2069 exercitus
653 2027 894 2084 imperatori
915 2035 1004 2068 erat
1036 2026 1305 2082 neglegenter
1332 2026 1505 2067 adfutu-

79 2096 154 2123 rus
184 2083 359 2125 comitiis
390 2084 574 2125 ferendae
605 2084 718 2141 legis.
783 2083 864 2125 Sed
897 2099 965 2125 eos
999 2085 1083 2124 Ser.
1114 2083 1324 2139 Sulpicius
1351 2083 1503 2134 Galba,

83 2139 158 2194 qui
179 2139 375 2182 tribunus
394 2141 576 2183 militum
598 2141 791 2183 secundae
812 2140 986 2197 legionis
1014 2140 1056 2180 in
1079 2140 1330 2181 Macedonia
1350 2140 1504 2190 fuerat,

83 2195 280 2293 privatim
314 2197 554 2254 imperatori
588 2198 794 2249 inimicus,
828 2198 1062 2254 prensando
1097 2198 1201 2253 ipse,
1233 2205 1273 2238 et
1309 2212 1384 2253 per
1419 2213 1505 2238 suae

102 2252 259 2309 egionis
287 2255 438 2297 milites
469 2256 743 2307 sollicitando,
773 2254 1074 2304 stimulaverat,
1102 2262 1151 2295 ut
1181 2253 1421 2310 frequentes
1452 2254 1506 2295 ad

84 2311 331 2367 suffragium
352 2313 566 2355 adessent:
600 2314 865 2366 Imperiosum
893 2313 1026 2352 ducem
1049 2318 1085 2352 et
1106 2310 1139 2334 ⁶⁹
1154 2312 1372 2364 malignum
1395 2312 1507 2351 anti-

81 2371 245 2422 quando
266 2372 530 2424 rogationem,
553 2385 642 2425 quoe
662 2372 711 2410 de
729 2370 933 2422 triumpho
954 2368 1247 2423 ejusferrezfur,
1271 2369 1507 2409 ulcisceren-

84 2424 164 2468 tur.
187 2427 344 2480 plebem
365 2428 560 2469 urbanam
592 2434 813 2469 secuturam
842 2442 922 2468 esse
951 2427 1119 2467 militum
1137 2425 1316 2479 judicia.
1377 2427 1507 2466 Pecu-

85 2484 197 2524 niam
219 2485 331 2525 z'llum
352 2487 452 2526 dare
472 2500 552 2526 non
574 2486 770 2538 potuisse,
790 2484 1000 2525 ⁷⁰militem
1023 2484 1210 2524 honorem
1232 2484 1333 2523 dare
1353 2498 1472 2536 posse
1486 2486 1508 2521 ,9

86 2555 137 2582 ne
155 2548 340 2596 speraret
361 2543 610 2597 ibifiwctum
626 2544 792 2597 gratiae,
815 2542 884 2583 ubi
904 2556 985 2582 non
1005 2542 1222 2581 meruisset.

410 2647 427 2671 Υ
444 2649 502 2673 tam
518 2642 580 2674 del.
597 2642 695 2674 Gron.
712 2643 803 2674 Crev.
896 2646 915 2663 ’ὃ
928 2642 1085 2673 relicturus
1100 2640 1189 2671 Eaed.

135 2735 175 2766 68
200 2736 368 2778 Retulitque
394 2739 576 2779 ferociorem]
606 2739 680 2771 Vid.
707 2749 776 2781 quae
821 2739 879 2769 hoc
901 2738 969 2769 loco
986 2737 1107 2768 variant
1128 2735 1295 2766 admodum
1319 2733 1507 2780 doctissnno-

92 2779 309 2809 annotavimus
322 2775 414 2823 supra
428 2781 468 2812 ad
483 2792 511 2812 c.
526 2783 578 2812 20.
821 2792 890 2812 rum
931 2791 1054 2822 quoque
1094 2779 1293 2819 interpretum
1334 2780 1508 2805 sententiae.

135 2822 177 2851 69
201 2822 385 2865 Malignum]
411 2824 512 2855 Nimis
526 2835 664 2866 parcum.
823 2823 924 2855 Nobis
944 2824 1021 2854 nihil
1043 2822 1154 2853 melius
1169 2819 1298 2854 videtur,
1315 2828 1408 2858 quam
1425 2816 1509 2859 quod

136 2865 177 2894 70
203 2866 329 2897 Militem
352 2867 483 2897 honorem
507 2869 578 2897 dare
602 2867 694 2907 posse]
729 2868 781 2898 De
823 2866 949 2908 Sigonio
978 2865 1114 2908 placuit:
1151 2863 1269 2893 militem
1306 2863 1408 2891 houm-e
1439 2863 1509 2891 dan-e
