1831 3174
500 78 616 116 LIB.
646 77 757 115 XLI.
798 78 929 115 CAP.
959 78 1069 116 XIV.
1453 88 1497 121 15

73 192 151 233 bus
181 190 221 230 in
244 188 369 230 Istria
389 186 703 242 Liguribusque
733 202 927 244 prospere
955 188 1082 243 gestis
1112 188 1384 241 disseruisset,
1409 206 1499 247 pos-
1514 202 1688 234 U.C.675.

73 246 222 288 tulanti
245 246 368 287 trium
402 243 481 284 hus
501 252 562 284 est
582 244 786 285 decretus.
818 244 1096 300 triumphavit
1118 245 1158 286 in
1180 246 1426 299 magistratu
1448 248 1500 289 de
1515 245 1553 275 Α·
1567 245 1603 275 C·
1621 245 1692 275 177.

70 303 236 345 duabus
266 258 400 343 simul)
416 299 622 356 gentibus.
685 300 807 342 Tulit
840 301 880 341 in
911 317 960 342 co
994 301 1207 357 triumpho
1236 300 1270 325 ⁵⁶
1283 303 1499 345 denarium

72 368 255 402 trecenta
289 366 443 414 septem
480 356 622 406 millia,
653 366 695 398 et
724 357 757 384 ⁵⁷
774 358 1037 399 victoriatum
1074 359 1287 413 octoginta
1315 360 1502 423 quinque

73 416 201 459 millia
229 414 508 470 septingentos
539 414 674 455 duos&
706 414 908 455 militibus
938 415 980 455 in
1011 415 1195 471 singulos
1221 415 1255 440 ⁵⁸
1269 417 1384 471 qumi
1407 418 1501 458 deni

73 472 229 515 denarii
264 471 375 512 dati:
418 470 576 527 duplex
612 471 859 522 centurioni,
892 471 1043 529 triplex
1075 472 1217 528 equiti.
1280 473 1408 514 Sociis
1442 475 1504 515 di-

75 529 200 571 midio
229 528 379 578 minus,
408 544 534 584 quam
565 528 739 579 civibus,
768 528 926 570 datum.
958 528 1100 585 itaque
1137 529 1265 580 taciti,
1295 538 1342 571 ut
1378 530 1503 572 iratos

73 602 159 628 esse
179 593 363 635 sentlres,
386 593 515 626 seeutl
538 594 635 627 sunt
656 601 837 626 currum.

132 643 256 684 XIV.
289 643 404 683 Dum
427 642 459 682 is
481 642 720 698 triumphus
741 643 793 684 de
816 642 1047 698 Liguribus
1067 644 1284 698 agebatur,
1309 643 1502 699 Ligures,
1517 652 1645 693 Ligures

74 708 294 756 postquam
325 708 554 750 senserunt,
576 715 658 740 non
689 699 945 741 consularem
974 708 1137 740 tantum
1168 700 1396 742 exereitum
1421 696 1677 743 Ro-¹'eb“¹¹³”‘·

73 772 181 798 mam
200 755 234 780 ⁵⁹
247 756 491 806 abductum,
514 757 586 797 sed
617 757 818 812 legionem
849 757 902 797 ab
929 756 996 797 Ti.
1023 757 1201 799 Claudio
1231 757 1335 798 Pisis
1365 758 1504 800 dimis-

75 829 175 863 sam,
204 813 328 854 soluti
358 822 487 863 mem,
517 813 621 854 clam
652 814 837 855 exercitu
873 813 1044 863 indicto,
1072 829 1146 870 per
1176 823 1428 856 transversos
1459 816 1505 856 li-

74 870 193 912 mites
223 870 426 927 superatis
457 870 682 921 montibus,
704 871 745 911 in
775 886 942 927 campos
972 870 1168 925 degressi,
1190 887 1337 927 agrum
1370 872 1505 913 Muti-

74 942 239 968 nensem
284 926 489 983 populati,
531 928 746 983 repentino
784 927 930 983 inpetu
971 928 1171 968 coloniam
1216 929 1347 984 ipsam
1388 945 1504 985 cepe-

72 992 183 1026 runt.
245 984 300 1025 Id
334 984 407 1024 ubi
444 985 621 1025 Romam
658 985 846 1026 adlatum
880 993 957 1033 est,
994 994 1160 1025 senatus
1196 987 1243 1026 C.
1278 986 1503 1027 Claudium

72 1041 282 1082 consulem
327 1041 494 1082 comitia
540 1041 676 1096 primo
720 1056 889 1097 quoque
933 1049 1118 1096 tempore
1167 1042 1320 1082 habere
1370 1043 1504 1096 jussit,

72 1097 302 1153 creatisque
332 1098 373 1138 in
404 1113 559 1138 annum
589 1097 902 1154 magistratibus
931 1098 971 1138 in
1002 1098 1255 1154 provinciam
1287 1089 1435 1149 redire,
1464 1108 1506 1141 et

73 1154 273 1196 coloniam
304 1170 354 1195 ex
384 1155 574 1196 hostibus
605 1155 774 1212 eripere.
837 1156 919 1205 Ita,
948 1155 1011 1196 uti
1042 1155 1201 1196 censuit
1231 1164 1411 1207 senatus,
1441 1172 1506 1197 co-
1519 1166 1664 1197 Comitia.

73 1210 191 1253 mitia
230 1211 384 1253 habita.
447 1212 648 1253 Consules
688 1212 829 1263 creati,
865 1213 941 1253 Cn.
975 1212 1193 1253 Cornelius
1235 1212 1372 1269 Scipio
1408 1213 1506 1255 His-

74 1267 224 1325 pallus,
256 1270 304 1319 Q.
328 1268 519 1310 Petillius
551 1269 767 1326 Spurinus.
830 1270 1035 1310 Praetores
1065 1269 1161 1310 inde
1190 1269 1305 1319 faeti,
1336 1271 1398 1311 M.
1427 1271 1506 1311 Po-

104 1324 214 1367 illius
246 1326 410 1376 Laenas,
438 1327 485 1367 P.
511 1325 696 1367 Licinius
729 1328 917 1375 Crassus,
940 1327 1003 1367 M.
1029 1326 1246 1368 Cornelius
1279 1326 1430 1383 Scipio,
1454 1328 1504 1368 L.

73 1340 269 1438 Papirius
297 1384 434 1433 Maso,
458 1383 521 1424 M.
544 1383 750 1434 Aburius,
774 1384 824 1425 L.
849 1383 1064 1439 Aquillius
1087 1384 1247 1425 Gallus.
1310 1385 1357 1425 C.
1382 1384 1507 1425 Clau-

74 1438 145 1481 dio
189 1439 348 1481 consuli
392 1448 664 1496 prorogatum
712 1440 754 1481 in
803 1455 958 1480 annum
1003 1440 1238 1495 imperium,
1279 1448 1320 1482 et
1368 1441 1508 1482 Gallia

74 1495 310 1593 provincia:
354 1505 410 1547 et,
452 1512 503 1537 ne
546 1497 646 1538 Istri
688 1512 857 1552 quoque
902 1496 1026 1547 idem,
1068 1497 1184 1552 quod
1227 1505 1268 1539 et
1310 1497 1504 1553 Ligures,

94 1560 272 1604 acerent,
295 1553 424 1594 socios
452 1553 627 1594 nominis
650 1553 791 1594 Latini
822 1553 863 1593 in
892 1553 1057 1594 Istriam
1089 1553 1287 1603 mitteret,
1309 1569 1415 1610 quos
1435 1554 1507 1596 tri-

76 1609 222 1665 umphi
263 1625 407 1651 caussa
445 1610 498 1651 de
542 1610 756 1666 provincia
794 1609 1047 1651 deduxisset.
1124 1611 1200 1651 Cn.
1234 1611 1426 1652 Cornelio
1464 1619 1505 1653 et
1520 1622 1697 1654 U.C.576.

77 1667 126 1717 Q.
159 1665 326 1708 Petilh'o
365 1666 618 1717 consulibus,
654 1682 739 1723 quo
778 1666 846 1708 die
884 1666 1176 1723 magistratum
1215 1667 1411 1719 inierunt,
1446 1665 1700 1709 in-A·C-¹7⁶·

75 1722 328 1765 molantibus
358 1723 457 1765 Jovi
487 1723 660 1779 singulis
688 1723 843 1774 bubus,
865 1724 929 1765 uti
964 1723 1082 1775 solet,
1103 1724 1147 1765 in
1175 1740 1224 1766 ea
1251 1725 1400 1776 hostia,
1423 1740 1507 1781 qua
1518 1708 1670 1788 33ng

79 1780 127 1830 Q.
150 1779 342 1822 Petillius
372 1780 630 1831 sacrificavit,
655 1780 698 1822 in
721 1781 906 1836 jocinore
936 1789 1063 1837 caput
1092 1796 1175 1822 non
1203 1782 1431 1823 inventum.
1463 1782 1507 1823 id
1520 1775 1645 1825 petillio

78 1852 209 1892 quum
248 1837 303 1879 ad
343 1845 532 1879 senatum
576 1837 800 1888 retulisset,
840 1838 946 1879 bove
989 1837 1184 1894 perlitare
1224 1839 1380 1895 jussus.
1442 1840 1508 1880 De
1521 1837 1609 1869 Coss.

78 1893 298 1949 provinciis
332 1894 482 1936 deinde
517 1894 731 1937 consultus
766 1902 932 1937 senatus
968 1894 1085 1937 Pisas
1119 1905 1161 1937 et
1197 1896 1377 1952 Ligures
1415 1911 1510 1952 pro-

78 1950 231 1993 vincias
261 1951 499 1994 consulibus
520 1951 714 1994 decrevit.
777 1952 858 1993 Cui
881 1952 988 1994 Pisae
1021 1952 1235 2008 provincia
1262 1953 1510 2004 obvenisset,

79 2022 210 2063 quum
242 2008 565 2065 magistratuum
600 2009 873 2051 creandorum
903 2017 1070 2090 tempus
1106 2018 1226 2061 esset,
1257 2010 1312 2051 ad
1346 2010 1513 2052 comitia

80 2064 231 2107 reverti
260 2066 398 2122 jussit.
435 2066 628 2109 additum
663 2066 844 2117 decreto,
886 2074 934 2108 ut
975 2066 991 2090 ⁶
1020 2066 1138 2108 binas
1173 2067 1354 2123 legiones
1385 2082 1513 2108 novas

701 2173 715 2187 ὃ
730 2168 788 2197 duo
803 2166 895 2197 Crev.

124 2254 166 2285 56
189 2255 352 2286 Denariscm
395 2262 523 2287 trecenta
559 2263 663 2296 septem
703 2258 768 2287 mil·
825 2256 919 2299 paulo
934 2256 1004 2298 plus
1019 2257 1093 2288 669.
1108 2256 1207 2288 unciae
1224 2258 1254 2289 4.

84 2297 139 2337 ὶὶα]
177 2298 304 2329 Marcas
338 2299 457 2340 argenti
494 2305 645 2331 nostrates
674 2301 769 2331 4796.
869 2300 909 2330 58
936 2299 1097 2333 Quinideni
1119 2300 1248 2341 denarii]
1281 2300 1389 2332 Minus
1413 2301 1513 2333 unciae

83 2339 190 2371 uncias
205 2341 236 2371 7.
827 2341 946 2384 argenti
962 2348 1112 2373 nostrates
1125 2343 1221 2374 binae.

127 2384 167 2414 57
215 2384 405 2415 Victoriat12m
451 2385 597 2426 octoginta
644 2386 770 2426 quinque
868 2386 909 2416 59
934 2386 1115 2427 Abductum]
1155 2385 1241 2417 Olim
1272 2386 1432 2427 legebatur
1460 2389 1513 2417 ad-

84 2426 178 2456 millia
221 2429 410 2469 septingentos
452 2428 525 2468 duo]
587 2428 648 2462 Qui
691 2440 771 2459 nunc
825 2430 957 2459 ductum.
1003 2428 1145 2460 Correxit
1160 2429 1344 2460 Gronovius.

88 2468 261 2500 Victoriolas
291 2471 467 2510 appellatur,
501 2470 603 2512 inquit
636 2471 770 2508 Plinius,
868 2471 910 2502 60
934 2471 1025 2501 Binas
1061 2473 1183 2514 legiones
1219 2484 1304 2503 novas
1334 2496 1343 2503 .
1366 2493 1375 2502 .
1399 2479 1426 2502 et
1456 2479 1514 2503 tre-

84 2510 106 2542 l.
128 2512 287 2543 XXXIII.
312 2524 340 2544 c.
359 2514 390 2544 3.
415 2514 475 2555 lege
498 2514 602 2545 Clodia
623 2525 772 2553 percussus
826 2520 919 2545 centos
956 2515 1075 2555 equites]
1123 2515 1185 2546 Vix
1223 2515 1358 2546 dubitari
1402 2520 1514 2557 potest.

84 2559 134 2584 est.
178 2555 273 2585 Antea
299 2558 374 2586 enim
403 2557 449 2587 hic
474 2568 609 2587 nummus
637 2568 669 2587 ex
695 2557 771 2598 Illy·
826 2557 902 2598 quin
925 2557 976 2588 hic
999 2557 1148 2588 exciderit
1173 2557 1301 2600 aliquid.
1348 2559 1514 2600 Expresse-

85 2598 144 2627 rz'co
185 2599 329 2635 advectus,
363 2601 464 2630 mercis
504 2600 561 2629 loco
605 2600 769 2631 habebatur.
826 2606 874 2631 rat
895 2611 1007 2642 nempe
1025 2600 1132 2631 Livius
1154 2612 1208 2643 pro
1230 2611 1314 2632 more
1334 2612 1399 2637 suo,
1417 2611 1514 2641 quan-

87 2638 139 2670 Est
174 2647 271 2671 autem
305 2644 438 2684 signatus
473 2643 604 2678 victoria,
642 2649 669 2673 et
706 2645 772 2674 inde
826 2648 892 2673 tum
914 2644 1066 2685 peditum,
1083 2649 1234 2685 quantum
1258 2643 1397 2685 equitum
1420 2643 1515 2683 legio-

85 2692 196 2714 mnnen.
241 2684 321 2715 Eum
344 2684 491 2716 Volusius
518 2685 694 2716 Maecianus
717 2686 771 2717 do·
826 2696 881 2717 nes
897 2697 984 2717 novae
1003 2697 1075 2728 quae
1098 2686 1311 2717 scribebantur
1333 2687 1446 2716 habere
1461 2685 1516 2716 de-

86 2728 137 2754 cet
172 2729 292 2757 tantum
324 2727 470 2764 valuisse,
500 2733 651 2769 quantum
688 2728 773 2770 prius
826 2730 946 2760 herent.
992 2729 1137 2760 Peditum
1172 2740 1317 2760 numerus
1348 2728 1515 2759 intercidit.

86 2766 255 2807 quinarius.
299 2770 331 2800 Si
347 2770 439 2811 igitur
455 2770 495 2801 ad
518 2771 599 2802 hanc
621 2770 772 2802 rationem
826 2772 859 2802 Si
887 2772 920 2803 id
948 2783 1115 2813 sequamur
1145 2773 1228 2814 quod
1257 2772 1440 2814 plerumque
1469 2771 1518 2802 his

88 2809 253 2841 Victoriati
272 2812 385 2843 85702.
410 2813 611 2850 aestimentur,
636 2814 771 2846 efficien-
827 2815 1017 2856 temporibus
1060 2815 1237 2846 factitatum
1281 2820 1340 2850 est,
1378 2814 1517 2846 videmur

86 2856 135 2884 tur
164 2852 282 2884 denarii
319 2855 435 2888 42851.
473 2867 585 2888 marcae
623 2862 774 2889 nostrates
828 2858 930 2899 legere
968 2857 1099 2889 debere:
1149 2857 1238 2888 Bina-s
1275 2858 1398 2900 Legiones
1434 2868 1518 2888 novas
