1805 3174
529 79 868 119 HISTORIARU
877 78 917 115 M
948 79 1155 119 LIBROS.

132 187 246 216 Pontes
265 189 401 219 intercisi
415 191 451 220 ad
482 193 699 222 remorandum
716 195 820 223 Anni-

177 231 288 263 balcni.
307 236 360 266 26,
380 239 411 265 9.

134 275 249 302 Pontes
272 278 381 305 multis
417 276 491 305 locis
523 278 680 308 faciendos
714 281 817 310 locant

176 328 329 351 censores.
349 325 402 355 41,
419 325 473 349 32.

133 361 270 397 l’ontiae,
286 364 419 396 colonia,
437 367 468 396 9,
487 368 539 392 28.

134 404 282 433 Pontiani
298 416 314 435 a
328 407 477 436 Romanis
494 407 622 442 laudati,
649 413 702 445 27,
725 413 775 438 10.

131 449 296 477 Ponticum
315 459 412 485 mare,
438 454 491 480 40.
510 455 559 478 21.

132 491 278 520 Pontifex
296 502 313 521 a
329 494 433 522 Numa
451 494 602 532 Pompilio
615 495 816 531 lc<·tus,l,20.

133 534 296 564 l'ontificis
327 538 452 565 maximi
485 538 654 576 appellatio
682 539 815 575 primum

175 587 193 606 a
208 578 295 607 Livio
311 584 472 618 usurpata,
487 585 517 612 3.
537 586 587 610 54.
612 583 678 618 ejus
697 582 771 618 jura
787 586 816 610 ct

175 622 293 655 munia,
316 628 343 659 l,
364 628 414 652 20.
439 624 500 653 vid.
517 629 547 653 et
570 630 601 659 4,
619 630 670 654 44.
696 630 750 661 22,
769 629 818 654 10.

173 669 226 698 31,
244 670 273 695 9.

132 708 278 737 Pontifex
311 709 463 738 maximus
500 711 628 740 comitia
660 711 753 740 babet
783 712 815 740 in

173 752 347 788 Aventino,
372 753 570 783 tribunorum
596 755 694 794 plebis
710 764 815 784 ercan-

173 795 283 824 dorum
301 805 420 832 caussa,
436 801 468 832 3,
487 801 537 827 54.

151 856 194 862 -
211 848 228 867 a
251 839 344 868 sacris
369 841 507 869 recedere
538 846 620 870 vetat
646 841 815 876 flaminem,

175 885 233 917 37,
252 887 303 912 51.

152 935 250 954 —ne
274 935 291 954 a
314 927 408 955 sacris
446 927 527 956 absit
562 927 640 965 ipse,
673 929 817 958 concedit

173 969 298 1008 collegae
337 969 528 1007 provinciam
560 971 698 1000 Africam
731 977 818 1001 extra

174 1016 303 1048 sortem,
323 1017 376 1049 28,
393 1018 443 1042 38.
462 1019 492 1042 et
508 1018 560 1043 44.

152 1057 287 1084 —intra
298 1065 396 1085 annos
407 1062 531 1085 centum
543 1066 577 1085 ac
587 1057 700 1095 viginti
713 1067 817 1096 nemo,

174 1100 225 1136 qui
243 1109 305 1127 non
322 1101 451 1129 sedisset
466 1101 542 1129 sella
556 1099 668 1132 curuli.
687 1106 740 1138 25,
757 1106 786 1131 5.

150 1159 193 1165 —
208 1143 382 1181 eligebatur
397 1152 414 1171 a
431 1144 557 1182 populo.
578 1148 629 1174 25.
645 1148 674 1172 5.

131 1186 276 1214 Pontifex
291 1187 435 1225 publicus
452 1187 556 1225 populi
576 1187 709 1216 Romani
727 1188 816 1225 prae'it

173 1229 278 1264 verba,
292 1230 404 1268 quibus
422 1239 454 1259 se
471 1231 504 1258 P.
523 1231 638 1259 Decius
654 1231 816 1268 devoveat,

175 1277 204 1303 s.
226 1274 331 1302 9.v5‹l.
350 1278 379 1302 (l
401 1277 450 1310 ιο,
465 1278 515 1302 28.

130 1316 298 1345 Pontifices
333 1320 467 1354 quatuor
500 1317 537 1346 de
570 1317 660 1356 plebe
693 1317 817 1351 adlecti,

176 1363 227 1393 10,
246 1362 273 1388 6.
290 1365 319 1388 et
335 1365 364 1391 9.

151 1419 195 1426 —
210 1403 391 1440 habentjus
407 1406 489 1442 togae
502 1407 671 1441 praetcxtae,
684 1408 737 1434 33.
751 1408 802 1432 42.

132 1447 323 1475 Pontificum
370 1447 533 1482 collegium
580 1448 616 1475 (lc
668 1447 817 1481 nligionc

173 1490 362 1524 consulitur,
381 1494 409 1519 et
425 1490 576 1526 decernit,
594 1494 647 1524 22,
666 1495 693 1520 9.
712 1495 767 1525 30,
785 1495 815 1519 2.

174 1538 228 1568 31,
246 1538 275 1563 9.
291 1538 346 1569 32,
367 1538 391 1561 1.
415 1538 469 1565 39,
489 1538 516 1562 5.

133 1577 322 1607 Pontificum
340 1577 570 1613 commentarii,
592 1581 624 1608 4,
641 1582 670 1605 3.
695 1578 726 1608 6,
748 1580 772 1604 1.
799 1586 817 1604 a

174 1620 381 1649 Pontificibus
399 1629 572 1658 suppressa,
598 1630 664 1658 quae
690 1620 727 1648 ad
750 1619 820 1647 reli-

170 1664 295 1701 gionem
322 1664 533 1701 pertinebant.
558 1666 589 1698 6,
612 1668 637 1691 l.
659 1666 690 1692 ct
714 1664 750 1692 ad
774 1663 817 1691 ci-

171 1707 232 1735 vile
245 1707 308 1744 jus.
327 1711 359 1743 9,
378 1708 429 1735 46.

129 1759 148 1779 a
172 1749 378 1779 Pontificibus
402 1755 432 1778 et
456 1750 625 1785 auguribus
648 1749 817 1784 tributum,

173 1794 254 1830 quod
278 1803 333 1832 per
353 1793 469 1823 bellum
505 1803 568 1823 uon
604 1794 816 1830 contulerant,

172 1836 317 1874 exigitur,
331 1841 385 1873 33,
399 1841 450 1866 42.

129 1880 297 1909 Pontifices
314 1881 460 1912 minores.
476 1884 530 1914 22,
548 1884 597 1909 57.

128 1924 327 1952 Pontificium
348 1924 414 1961 jus,
434 1928 486 1954 40.
506 1928 556 1954 29.

128 1967 177 1995 Ti.
194 1967 387 2001 Pontificius,
411 1967 558 1996 tribunus
578 1966 659 2005 plebi
681 1993 688 2000 ,
701 1968 815 1995 ‘auctor

175 2010 250 2047 legis
263 2011 400 2050 agrariae,
417 2015 448 2046 2,
459 2014 510 2039 44.

130 2054 260 2083 Pontius
295 2054 470 2088 Cominius,
503 2053 655 2082 incubans
693 2052 815 2088 cortici,

173 2097 310 2126 secundo
332 2097 436 2126 Tiberi
460 2097 496 2125 ad
531 2096 637 2125 urbem
667 2097 814 2131 defertur,

173 2144 203 2169 et
221 2140 252 2168 in
272 2140 474 2178 Capitolium,
491 2140 652 2169 obsessum
669 2149 687 2168 a
703 2141 814 2176 Gallis,

172 2184 289 2216 evadit,
308 2188 339 2220 5,
355 2187 407 2214 46.

130 2227 166 2255 C.
184 2227 328 2262 Pontius,
354 2226 508 2256 Herennii
531 2226 625 2261 filius,
647 2227 817 2265 imperator

175 2270 378 2306 Samnitium,
402 2274 436 2305 9,
457 2273 484 2297 1.
507 2269 573 2307 ojus
597 2270 634 2298 ad
659 2270 814 2300 Samnites

172 2314 288 2350 oratio,
302 2314 375 2342 ib‘d.
392 2313 500 2342 fraude
513 2313 596 2350 capit
612 2313 650 2342 ad
665 2313 815 2342 Furculas

174 2358 332 2387 Caudinas
348 2358 561 2386 Romanorum
585 2357 768 2394 exercitum,
785 2362 813 2386 2.

174 2405 204 2428 ct
216 2410 295 2440 seqy.
319 2401 386 2438 ejus
409 2401 446 2429 ad
464 2401 581 2438 legatos
599 2400 814 2429 Romanorum

173 2444 345 2482 responsio,
369 2448 398 2473 4.
423 2448 456 2473 et
476 2444 514 2472 ad
538 2443 676 2472 fecialem
699 2444 815 2473 Roma-

174 2496 250 2516 num
266 2488 380 2524 oratio,
397 2491 446 2516 11.
470 2487 501 2515 in
519 2487 703 2525 quibusdam
719 2496 815 2516 anna-

171 2529 254 2559 libus
270 2534 378 2569 captus
394 2540 412 2559 a
426 2530 577 2560 Romanis
588 2534 620 2558 ct.
635 2530 814 2570 subjugum

175 2573 286 2602 missus
301 2583 368 2603 esse
382 2577 584 2608 memoratur,
606 2577 652 2602 15.

135 2614 171 2645 C.
193 2616 353 2654 Popillius,
370 2626 476 2655 eques,
486 2617 535 2646 cui
554 2617 675 2646 Sabello
686 2627 812 2654 nomen,

175 2659 303 2697 ejusque
315 2660 466 2689 fortitudo
480 2660 625 2699 insignis,
640 2664 695 2697 41,
709 2664 737 2689 8.

134 2702 171 2732 C.
189 2703 340 2741 Popillius
379 2704 489 2732 Laenas
528 2708 651 2733 creatur
687 2709 814 2743 praetor,

175 2750 231 2782 41,
250 2750 299 2774 22.
317 2747 438 2780 consul,
461 2751 512 2780 42,
536 2751 564 2777 9.
589 2748 656 2784 ejus
683 2751 813 2777 conten-

175 2789 277 2817 tiones
291 2798 361 2818 cum
378 2793 488 2818 senatu
512 2799 567 2828 pro
589 2791 695 2824 fratrc,
722 2795 769 2821 10.
785 2797 816 2821 εἰ

176 2836 226 2860 21.
242 2832 318 2861 nihil
344 2832 542 2862 memorabile
564 2835 651 2871 gerit,
671 2837 723 2864 26.
738 2835 814 2864 male

1481 93 1557 133 389

905 190 1057 229 excipitur
1072 192 1193 231 Romae,
1211 198 1262 224 28.
1279 196 1397 231 legatus
1410 199 1550 228 mittitur

906 235 937 262 in
955 235 1120 269 Graeciam,
1135 241 1253 273 43,19.
1271 245 1300 267 et
1316 244 1367 269 34.
1379 242 1415 269 ad
1432 243 1547 271 Antio·

905 278 997 306 chum
1015 281 1044 307 et
1064 279 1275 314 1³tolemaeuu1.
1294 287 1348 317 44,
1370 288 1418 314 19.
1433 286 1545 315 Delum

906 322 1004 357 venit,
1020 326 1070 352 29.
1087 322 1154 359 ejus
1171 325 1200 352 in
1220 325 1361 355 Rhodios
1383 329 1547 366 asperitas,

907 369 962 400 45,
984 369 1019 393 10
1047 367 1182 396 occurrit
1209 368 1386 406 Antiocho,
1413 371 1547 400 Alexan-

906 408 1003 436 driam
1019 409 1119 443 eunti,
1142 415 1188 439 12.
1205 412 1431 442 circumscribit
1455 415 1547 443 Auti-

905 452 1018 480 ochum
1038 453 1218 488 virga‚i!1id.
1235 456 1315 485 redit
1333 457 1477 494 Romam,
1499 462 1547 486 13.

864 494 908 522 Μ.
936 494 1098 532 Popillius,
1127 497 1246 533 legatus
1266 500 1302 528 ad
1326 500 1449 530 AEtolos
1473 502 1545 530 mix-

906 547 970 573 sus,
995 543 1046 568 41.
1064 543 1118 569 30.

863 581 908 609 M.
937 582 1099 619 Popillius,
1138 584 1247 614 Laenas
1283 587 1392 616 consul
1416 593 1550 626 creatur,

905 629 937 659 7,
965 629 1011 654 12.
1035 625 1182 656 Tiburtes
1216 630 1253 657 ad
1286 631 1405 659 moenia
1437 632 1544 661 Romae

906 669 1015 701 vincit,
1034 670 1106 698 i'ml.
1124 671 1251 700 damnat
1269 673 1423 702 Licinium
1443 675 1548 705 Stolo-

906 720 974 739 nem
993 713 1096 741 decem
1115 714 1252 744 millibus
1269 717 1350 753 aeris,
1376 720 1420 746 16.
1434 728 1546 747 secun-

904 755 977 783 dum
995 757 1116 789 consul,
1139 762 1184 789 17.
1205 760 1331 788 tertium
1356 762 1477 796 consul,
1494 766 1546 792 23.

905 799 1014 827 Gallos
1038 799 1147 831 vincit.
1174 804 1224 830 ser!
1262 804 1441 841 difficulter,
1467 806 1543 836 ibid.

904 842 1097 875 vulneratur,
1117 847 1168 873 24.
1184 845 1373 884 triumphat,
1387 852 1438 879 25.
1455 858 1546 886 quar-

905 890 971 913 tum
989 886 1112 922 consul,
1131 890 1180 916 26,

863 926 906 956 Μ.
927 927 1092 966 Popillius,
1110 932 1233 968 consul,
1252 936 1284 968 9,
1305 937 1356 961 21.

862 971 908 1000 M.
931 971 1081 1009 l’op‘llius
1099 974 1220 1010 Laenas,
1247 976 1392 1006 triumvir
1415 978 1547 1007 coloniae

905 1015 1104 1051 deducendae,
1122 1022 1231 1049 40.43.
1249 1024 1375 1057 praetor,
1391 1024 1501 1056 41‚18.
1519 1022 1547 1050 ei

904 1058 1079 1088 obveniunt
1096 1060 1239 1098 Ligures,
1268 1066 1314 1093 19.
1346 1065 1468 1096 consul,
1493 1069 1547 1094 33.

904 1102 1003 1130 vincit
1020 1102 1159 1141 Ligures.
1177 1109 1230 1138 42,
1243 1109 1272 1135 7.
1285 1106 1391 1135 vendit
1403 1108 1547 1145 Ligures,

904 1153 981 1182 quos
997 1147 1226 1184 senattisjubet
1245 1149 1363 1180 redimi,
1384 1154 1411 1178 8.
1436 1155 1549 1179 contu-

904 1188 1003 1216 macia
1018 1189 1043 1226 ej
1051 1199 1098 1224 ηε,
1114 1194 1145 1220 9.
1165 1200 1226 1220 non
1244 1193 1338 1221 audet
1354 1193 1390 1222 ad
1408 1203 1547 1224 caussam

904 1231 1064 1261 divendant
1090 1236 1199 1262 reverti
1224 1235 1368 1270 Romam.
1387 1240 1438 1267 22.
1461 1238 1549 1274 judi-

903 1275 984 1303 cium
1002 1275 1069 1312 ejus
1092 1276 1193 1306 fallaci
1218 1286 1283 1307 arte
1299 1280 1449 1317 eluditur,
1468 1281 1544 1311 ibid.

902 1318 1049 1347 tribunus
1081 1320 1214 1350 rnilitum
1249 1323 1389 1360 sequitur
1427 1323 1548 1363 Philip—

903 1370 976 1399 pum
994 1364 1151 1392 consulem
1170 1366 1201 1392 iu
1221 1366 1547 1403 Macedoniani,44,t.

862 1403 897 1433 P.
915 1405 1078 1443 Popillius,
1102 1407 1222 1446 legatus
1248 1409 1284 1438 ad
1309 1419 1409 1449 regem
1428 1410 1546 1449 Sypha-

904 1457 983 1483 cem,
1001 1452 1055 1484 27,
1068 1453 1098 1478 4.

863 1489 898 1520 Ρ.
925 1489 1074 1529 Popillius
1101 1493 1224 1530 Laenas,
1243 1496 1387 1524 triumvir
1417 1496 1546 1526 coloniae

905 1535 1104 1571 deducendae,
1122 1541 1176 1573 40,
1193 1542 1245 1567 43.

860 1578 896 1606 Τ.
914 1577 1077 1615 Popillius,
1098 1582 1152 1615 26,
1169 1584 1197 1609 6.

862 1621 1030 1659 Poplicola,
1043 1623 1105 1651 vid.
1124 1624 1257 1656 Gellius,
1272 1625 1426 1653 Valerius.

864 1665 1042 1702 Populonii‚
1062 1666 1148 1702 urbs,
1164 1672 1218 1702 30,
1237 1672 1289 1698 39.

864 1708 1111 1745 Populonienses
1128 1711 1315 1749 pollicentur
1333 1711 1469 1750 Scipioni
1488 1713 1546 1742 fer-

904 1761 984 1784 rum.
1003 1756 1117 1788 28,45.
1288 1762 1290 1764 ’

861 1795 999 1832 Populus
1027 1804 1127 1834 regem
1156 1796 1259 1833 jubet,
1301 1797 1408 1826 l'atres
1439 1802 1547 1827 aucto-

903 1847 950 1866 res
973 1838 1068 1875 fiunt,
1097 1844 1124 1876 1,
1151 1844 1198 1871 17.
1225 1845 1275 1869 22.
1301 1846 1330 1869 ct
1352 1844 1404 1869 32.
1429 1842 1493 1871 vid.
1516 1847 1546 1871 et

902 1885 954 1910 35.
971 1885 1001 1909 (ἰ
1016 1884 1069 1911 46.

860 1924 997 1963 Populus
1013 1930 1095 1955 creat
1111 1926 1266 1959 consules.
1288 1931 1316 1962 1,
1335 1929 1387 1956 60.

880 1968 1130 1998 —decemviros
1157 1970 1276 2008 legibus
1306 1969 1488 2008 scribendis,
1511 1976 1530 2000 :3

903 2016 955 2041 33.
973 2017 1003 2040 et
1018 2016 1070 2042 35.

879 2071 922 2077 --
937 2055 1082 2085 tribunos
1109 2056 1244 2085 militum
1282 2056 1438 2086 consulari
1476 2060 1547 2096 pot-

902 2102 1015 2135 estate,
1033 2103 1067 2134 4,
1079 2101 1109 2128 6.

880 2151 1091 2175 -censores‚
1108 2145 1138 2175 4,
1158 2146 1187 2171 8.

880 2201 924 2207 -
941 2189 1122 2223 quaestores.
1140 2189 1173 2221 4,
1188 2188 1240 2213 44.

880 2245 925 2251 —
939 2232 1104 2267 praetorem
1121 2231 1153 2256 et
1177 2227 1279 2257 aediles
1295 2227 1430 2264 curules,
1447 2230 1479 2265 6,
1491 2233 1543 2259 42.

903 2277 936 2307 7,
952 2275 980 2301 l.

879 2332 924 2338 —
939 2314 1082 2344 tribunos
1094 2314 1230 2343 militum
1246 2313 1284 2342 ad
1300 2313 1450 2351 legiones,
1467 2317 1499 2351 7,
1512 2318 1541 2342 5.

902 2364 936 2395 9,
955 2362 1008 2387 30.

880 2420 923 2426 -—
938 2402 1120 2431 duumviros
1136 2399 1272 2435 navales,
1287 2403 1321 2435 9,
1337 2403 1390 2428 30.

879 2463 922 2469 -
937 2446 1193 2483 prodictatorem,
1208 2447 1261 2479 22,
1279 2446 1307 2471 Β.
1324 2446 1415 2471 &31-

879 2504 923 2511 .-..
938 2489 1170 2527 proconsulem,
1189 2486 1241 2524 qui
1268 2495 1338 2514 cum
1361 2485 1491 2525 imperio
1508 2486 1538 2513 in

1535 1993 1545 2008 9

903 2532 1091 2570 Hispaniam
1106 2530 1258 2564 mittitur,
1271 2531 1325 2564 26,
1345 2532 1394 2558 18.

877 2594 921 2601 -—
936 2575 973 2605 de
996 2575 1077 2605 bello
1108 2573 1274 2604 indicendo
1295 2571 1482 2607 consulitur,
1507 2575 1539 2605 4,

902 2622 954 2648 58.
968 2623 1024 2655 31,
1044 2623 1072 2648 5.
1088 2621 1117 2647 6.
1135 2620 1162 2646 et
1180 2621 1209 2645 8.
1227 2618 1282 2652 36,
1299 2619 1323 2643 1.

878 2662 974 2691 —de
1004 2672 1080 2700 pace
1109 2660 1263 2693 facienda,
1281 2661 1334 2694 21,
1355 2660 1403 2685 18.
1431 2660 1461 2685 et
1489 2660 1540 2687 19.

859 2709 1087 2787 Ροῖἶῇἰῗῇῗιιεειι,
1106 2750 1172 2775 sine
1194 2743 1383 2773 auctoritate
1397 2743 1537 2776 Patrum,

901 2792 1142 2830 triumphatum,
1159 2793 1191 2825 3,
1209 2790 1259 2816 63-
1290 2790 1322 2823 7,
1352 2789 1399 2816 17.
1430 2787 1492 2815 vid.
1509 2791 1539 2815 et

908 2840 958 2871 10,
973 2839 1027 2865 37.

965 2891 986 2915 c
1009 2891 1029 2916 c
1052 2880 1075 2913 3
