1805 3174
550 79 586 115 H
597 77 751 115 15'1'011
762 77 773 112 Ι
783 76 933 113 ARUM
970 76 1175 114 LIBROS.

202 187 308 217 tiocho
333 189 413 223 dedi,
438 189 599 226 postulant
616 188 762 220 Romani.
779 193 834 224 37,

203 235 252 260 45.
266 235 321 267 38,
338 236 388 260 ³8.

158 272 290 306 Euctus.
304 276 466 312 praefectus
482 275 584 305 Pellae.
602 278 655 310 44,
672 278 723 303 43.

158 317 329 349 Eudamus.
361 318 524 356 praefectns
555 318 680 346 Rhodiae
719 316 838 353 classis,

199 365 255 397 37,
277 365 324 390 19.
340 360 437 390 vincit
456 361 566 398 proelio
583 361 683 390 navali
697 361 837 389 Anniba-

199 403 272 439 lem,
285 409 334 433 23.
351 405 411 433 vid.
427 408 453 432 cs
470 408 525 440 44,
541 408 591 433 28.

156 446 292 476 Eudieru
308 447 414 481 turris,
431 451 483 481 44,
499 452 531 477 3.

156 491 282 521 Evcrsa.
311 490 492 526 Thebanus,
519 491 656 519 civitatis
682 490 836 528 princeps,

200 532 341 563 sublatus
358 543 375 562 a
390 535 512 570 Perseo,
535 538 588 569 49,
609 537 657 562 18.
675 538 704 562 et
720 538 772 562 40.

155 577 307 615 Euganei,
323 577 405 606 inter
420 587 503 606 mare
527 578 683 615 Alpesque
699 577 836 605 incolen-

198 626 257 655 tes,
273 620 434 658 pelluntur
450 621 488 650 ab
505 620 652 656 Henefis,
674 625 702 657 1,
725 624 751 649 1.

154 664 344 699 Eugenium,
360 667 413 700 29,
435 667 481 692 12.

154 706 360 745 Euhydrium,
384 707 544 745 oppidum,
568 709 709 735 vastatur
731 715 749 734 a
764 705 836 733 Phi-

197 750 295 787 lippo,
312 754 367 785 39,
390 754 437 779 13.

152 793 307 822 Eumenes
318 803 381 829 rex,
396 793 496 822 Attali
511 793 666 829 filius,33,
680 797 835 821 30.c1‘3‹l.

238 836 387 866 auxilium
405 837 464 865 fert
479 837 516 865 T.
535 836 681 870 Quintio,
699 836 834 872 consuli,

193 885 248 915 34,
265 882 317 909 26.
332 884 361 908 et
377 884 428 908 30.

237 923 349 951 incitat
366 924 524 952 Romanos
541 926 577 952 ad
595 923 708 952 bellum
727 926 835 951 contra

195 966 401 1002 Antiochum,
413 970 468 1001 35,
492 970 537 994 13.

237 1010 373 1038 occurrit
387 1018 456 1038 cnm
475 1009 574 1038 tribus
592 1008 722 1037 navibus
739 1008 771 1036 (ἶ.
785 1009 833 1036 Li-

194 1053 258 1089 vio,
270 1053 414 1091 praefecto
424 1053 528 1081 classis
545 1053 703 1087 Romanae,
716 1054 768 1084 36,
782 1056 832 1080 49.

193 1096 260 1133 ejus
292 1097 434 1134 inpugna
457 1095 556 1124 navali
582 1095 671 1124 fortis
687 1099 718 1123 et
735 1093 832 1123 fidelis

192 1148 297 1178 opera,
314 1142 367 1168 44.
382 1139 552 1167 dimittitur
569 1139 707 1173 domum,
724 1141 776 1167 45.

235 1183 370 1211 occurrit
392 1183 515 1211 obviam
540 1182 679 1218 AEmilio,
700 1186 755 1217 37,
785 1184 831 1210 14.

191 1225 258 1262 ejus
272 1225 356 1263 regni
370 1229 465 1263 caput
480 1227 660 1263 Pergamum
674 1225 834 1254 obsidetur

192 1277 210 1297 a
226 1268 367 1303 Seleuco,
387 1268 538 1298 Antiochi
555 1269 631 1298 filio.
653 1272 699 1297 18.
718 1273 831 1307 praesto

191 1316 239 1340 est
249 1311 412 1344 Romanis,
424 1312 454 1340 in
470 1312 577 1341 Asiam
590 1311 831 1349 trajicientibus,

189 1359 241 1384 ³3.
256 1355 394 1393 itemque
409 1355 440 1384 in
454 1365 559 1394 pugna
573 1365 644 1384 cum
659 1355 831 1387 Antiocho,

190 1403 240 1427 41.
257 1398 463 1437 proficiscitur
473 1400 618 1433 Romam,
629 1403 679 1428 45.
697 1399 723 1427 ei
741 1399 833 1427 datur

189 1446 330 1478 senatus,
348 1446 400 1471 52.
416 1442 482 1479 ejus
506 1443 677 1480 postulata,
695 1446 746 1471 53.
763 1451 830 1479 quae

191 1486 333 1524 regiones
355 1489 387 1514 et
410 1486 554 1514 civitates
582 1485 608 1513 ei
641 1485 829 1514 nominatim

190 1529 283 1565 datae,
297 1532 353 1564 38,
368 1532 419 1558 39.

221 1571 288 1608 ejus
303 1571 397 1610 legati
413 1571 449 1599 de
472 1571 617 1609 Philippo
640 1575 828 1608 queruntur,

189 1619 244 1651 ³9,
263 1619 316 1645 27.
720 1642 723 1644 .

232 1658 362 1686 Romam
378 1657 474 1690 venit,
497 1660 527 1685 et
551 1658 692 1685 Perseum
717 1657 831 1686 Roma-

190 1701 238 1729 nis
258 1704 434 1739 suspectum
457 1700 544 1735 facit,
561 1704 613 1731 42,
636 1704 682 1727 11.
699 1705 728 1728 (ἰ
750 1711 827 1738 seqq.

188 1745 361 1773 Eumenem
385 1747 534 1772 accusant
558 1743 686 1777 Rhodii,
703 1743 828 1779 frustra,

193 1791 240 1816 14.
266 1787 298 1816 in
321 1797 390 1815 eum
413 1795 607 1825 percussores
634 1786 733 1814 mittit
758 1788 827 1815 Pcr-

188 1839 272 1866 seus,
293 1834 340 1858 15.
358 1831 547 1859 adscendens
564 1829 702 1867 Delphos
718 1830 827 1868 lapidi-

188 1874 246 1902 bus
271 1873 427 1910 obruitur,
454 1873 527 1901 ibid.
554 1873 673 1910 sopitus
701 1873 829 1902 vulnere

187 1917 323 1952 tollitur,
339 1921 371 1945 et
388 1917 530 1955 AEginam
553 1917 752 1953 transfertur,
780 1920 828 1945 16.

189 1960 268 1989 redit
286 1960 482 1997 Pergamum,
504 1963 552 1988 18.

231 2003 298 2040 ejus
320 2003 394 2031 fides
424 2002 531 2038 dubia,
561 2005 616 2037 44,
645 2005 691 2030 13.
717 2006 747 2030 et
777 2006 826 2031 20.

188 2055 259 2075 eum
276 2046 423 2075 sollicitat
447 2047 588 2080 Perseus,
606 2048 655 2073 24.
672 2045 739 2082 ejus
755 2055 828 2073 con-

188 2089 269 2122 silia,
285 2093 316 2118 et
331 2098 401 2118 cum
424 2090 533 2117 Perseo
557 2088 757 2123 nundinatio,
776 2093 827 2120 25.

188 2132 314 2167 auxilia,
332 2132 369 2160 ab
386 2141 422 2160 eo
439 2132 532 2160 missa
555 2131 592 2159 ad
608 2131 751 2160 Attalum
769 2131 827 2160 fra-

186 2179 277 2209 trem,
302 2175 544 2213 intercipiuntur
565 2183 583 2202 a
606 2173 701 2203 classe
724 2175 828 2203 Mace-

185 2219 317 2253 donum,
341 2222 391 2247 98.
415 2218 536 2251 Attalo,
566 2217 652 2245 eunti
682 2217 827 2254 Romam,

188 2262 333 2301 adjungit
350 2261 500 2290 Stratium
523 2260 687 2295 medicum,
705 2265 758 2292 45.
779 2266 825 2293 19.

144 2306 315 2341 Eumenes,
331 2305 394 2334 dux
410 2305 523 2341 Persei,
540 2307 650 2342 praeest
664 2304 828 2334 Thessalo-

189 2348 280 2384 nicae,
294 2352 345 2382 44,
362 2353 413 2377 32.

143 2393 318 2426 Eunomus,
332 2397 445 2429 praetor
459 2389 692 2425 Thessalorum,
707 2393 761 2426 35,
774 2395 825 2421 39.

146 2436 269 2469 Eunus,
285 2443 404 2472 εει-11115,
428 2434 543 2463 bellum
564 2432 625 2461 ciet
652 2432 684 2461 in
707 2433 825 2470 Sicilia,

184 2477 270 2516 Epit.
288 2480 336 2507 56.

148 2520 329 2559 Eupalium,
345 2524 398 2556 28,
410 2524 438 2550 8.

143 2563 325 2601 Euphanes,
338 2564 400 2592 dux
410 2562 580 2599 Cretensis,
597 2565 652 2596 36,
670 2566 700 2591 5.

143 2606 343 2644 Euphranor,
360 2606 525 2644 pra-fectus
549 2606 662 2638 Persei,
679 2604 826 2634 interfici-

187 2653 238 2678 tur
254 2658 273 2678 a
285 2649 471 2690 Dolopibus‚
492 2652 546 2684 49,
564 2653 616 2678 41.

146 2692 344 2730 Euphranor,
361 2693 422 2721 dux
439 2692 518 2721 alius
534 2691 651 2727 Persei,
670 2695 722 2727 44,
738 2695 784 2719 13.

145 2735 335 2773 Eupolemus
371 2735 581 2771 Ambraciam,
618 2734 773 2764 obsessam
811 2742 829 2761 a

192 2777 352 2813 Romanis,
364 2777 474 2812 intrat,
484 2782 537 2815 38,
550 2783 581 2807 4.

145 2820 324 2859 Eupolemi,
348 2821 497 2859 principis
531 2822 764 2858 Hypataeorum,
796 2819 828 2847 iu

189 2864 310 2893 exsules
325 2863 464 2902 perfidia,
481 2867 535 2900 41,
550 2868 601 2892 30.

1491 84 1565 117 325

881 185 988 223 Euripi
1006 185 1173 215 Chalcidici
1188 187 1369 226 descriptio,
1388 194 1441 226 ⁴28,
1454 193 1483 221 6.
1496 191 1561 220 Eu-

927 229 983 267 ripi
1002 229 1128 265 fretum,
1144 234 1199 265 31,
1215 235 1266 259 22.

884 272 992 310 Euripi
1019 273 1178 302 castellum
1194 278 1354 313 oppugnat
1377 276 1565 311 Antiochus,

927 319 980 351 35,
994 319 1044 344 51.

882 359 1018 396 Euripus
1034 360 1071 387 ad
1090 360 1325 396 Cassandream,
1341 364 1394 396 44,
1417 365 1463 389 11.

882 402 1066 435 Euromum,
1083 406 1136 435 33,
1162 407 1213 432 30.
1239 413 1307 442 qnae
1335 407 1365 432 et
1390 404 1562 434 Euromen-

926 445 1004 473 sium
1022 445 1105 478 urbs,
1123 450 1176 479 32,
1193 450 1245 476 33.
1261 456 1366 476 eorum
1384 448 1497 486 oppida
1513 457 1563 477 oc-

924 491 1040 526 cupant
1056 489 1274 527 Mylassenses,
1291 494 1346 528 45,
1357 494 1407 518 25.

882 531 1019 569 Europa,
1037 536 1090 568 27,
1107 536 1158 563 99.

880 574 1027 610 Eurotas,
1046 576 1158 612 amnis,
1177 579 1232 611 34,
1248 580 1300 605 28.
1316 580 1371 613 35,
1386 580 1436 607 29.

881 617 997 652 Eurus,
1016 622 1140 652 ventus,
1161 623 1214 655 25,
1231 623 1281 650 97.

881 661 1047 698 Euryalus,
1062 663 1203 690 tumulus
1219 661 1389 700 Syracusis,
1400 665 1453 698 25,
1469 666 1519 690 25.

880 704 1047 742 Eurydica,
1072 710 1170 733 mater
1186 706 1306 742 Gentii‚
1323 706 1498 743 lllyriorum
1517 715 1562 734 rc-

923 748 981 783 gis,
999 751 1052 782 44,
1067 752 1118 777 30.

880 790 1086 829 Eurylochus,
1099 791 1240 829 princeps
1251 792 1448 830 Magnetum,
1463 791 1569 830 profu·

922 835 965 869 git
977 834 1007 862 in
1027 834 1188 870 AEtoliam,
1199 838 1315 870 85,31.
1329 838 1358 862 e!
1374 838 1426 863 32.
1441 844 1564 863 revoca-

922 881 985 912 tur,
995 877 1109 906 34sibi
1121 878 1288 907 consciscit
1299 881 1442 914 mortem,
1454 880 1563 911 36‚33.

879 921 1093 958 Eurymedon,
1109 921 1209 950 amnis
1233 921 1264 949 in
1293 921 1486 960 Pamphylia,
1509 925 1562 956 33,

923 968 974 991 41.
991 968 1045 996 37.
1063 969 1114 993 23.

879 1006 1076 1043 Eurymenae,
1086 1007 1247 1045 oppidum,
1259 1011 1313 1042 39,
1328 1011 1376 1036 25.

879 1049 1085 1087 Euthymidas
1100 1051 1260 1088 princepsa,
1277 1049 1423 1079 Chalcide
1440 1050 1561 1087 pulsus,

921 1093 1036 1121 frustra
1052 1096 1155 1121 tentat
1171 1093 1300 1130 patriam
1318 1094 1350 1121 in
1374 1097 1561 1131 potestatem

920 1135 1094 1164 AEtolorum
1111 1136 1258 1171 redigere,
1275 1139 1329 1172 35,
1344 1140 1398 1166 37.
1414 1140 1444 1163 ct
1456 1140 1508 1164 38.

879 1178 1017 1207 Examen
1034 1189 1125 1218 apum
1144 1180 1175 1207 in
1200 1179 1321 1215 arbore,
1344 1179 1489 1217 praetorio
1505 1180 1564 1208 im-

919 1222 1072 1259 minente,
1084 1222 1238 1258 considet,
1252 1222 1312 1251 vid.
1331 1222 1518 1259 Prodigium.

878 1263 1041 1294 Execratio
1063 1265 1306 1295 Atheniensium
1323 1266 1355 1295 in
1372 1266 1562 1304 Philippum,

919 1312 974 1344 31,
990 1312 1042 1337 44.

876 1350 1039 1381 Exercitus
1066 1352 1198 1381 Romani
1232 1352 1307 1380 ordo
1345 1355 1376 1380 et
1415 1360 1560 1380 numerus

918 1395 1105 1433 descriptus,
1132 1399 1161 1428 8,
1180 1399 1207 1423 8.
1222 1395 1347 1424 collatio
1372 1404 1441 1423 cum
1466 1396 1559 1424 Alex-

918 1438 1005 1466 andri
1023 1437 1131 1475 Magni
1148 1438 1297 1474 exercitu,
1315 1442 1347 1473 9,
1370 1441 1417 1468 19.

875 1480 1038 1510 Exercitus
1054 1481 1239 1516 consularis,
1256 1485 1286 1514 7,
1308 1485 1353 1511 19.

895 1539 940 1546 —
959 1524 1163 1559 voluntarius,
1188 1528 1219 1559 5,
1233 1529 1261 1554 7.

894 1582 938 1589 —
954 1568 1020 1596 sine
1037 1567 1100 1596 ulla
1116 1567 1289 1596 vacationis
1307 1566 1397 1594 venia
1413 1566 1557 1604 scriptus,

920 1614 951 1646 8,
967 1615 1018 1639 20.

896 1669 938 1674 —-
954 1652 1191 1688 tumultuarius,
1210 1656 1303 1688 8,11.

895 1713 936 1717 -
952 1694 1083 1731 navalis,
1099 1699 1150 1727 99,
1169 1699 1215 1723 11.
1292 1695 1294 1697 ’

895 1756 935 1761 -
953 1740 1103 1774 urbanus,
1120 1738 1194 1767 ibid.
1210 1743 1238 1766 ct
1255 1742 1308 1773 97,
1327 1741 1355 1768 7.

876 1784 1036 1814 Exercitus
1067 1791 1197 1810 numero
1227 1781 1384 1818 copiarum
1422 1781 1558 1816 insignes

916 1827 996 1864 apud
1014 1826 1185 1861 Romanos,
1198 1833 1307 1863 nempe
1318 1825 1420 1853 decem
1435 1825 1557 1862 scriptae

916 1870 1066 1908 legiones,
1085 1872 1117 1903 2,
1132 1872 1183 1897 30.
1202 1872 1233 1901 7,
1251 1871 1300 1896 95.
1317 1867 1427 1895 armati
1452 1872 1557 1898 87200

916 1913 946 1942 in
965 1912 1073 1941 castris
1091 1911 1254 1946 Romanis,
1273 1919 1366 1948 quum
1384 1916 1555 1948 pugnatum

915 1957 952 1985 ad
972 1957 1095 1985 Cannas
1110 1958 1234 1990 est,22,
1253 1957 1303 1982 36.
1321 1953 1383 1982 vul.
1401 1954 1503 1989 Legio.

872 1999 1034 2028 Exercitus
1052 1997 1186 2029 lustrati.
1203 2001 1230 2032 1,
1247 2001 1297 2026 44.
1311 2000 1366 2032 38,
1389 2000 1434 2025 19.
1453 2001 1507 2034 40,
1526 2001 1556 2027 6.

872 2043 1034 2071 Exercitus
1056 2040 1221 2070 itineribus
1247 2045 1279 2069 et.
1307 2040 1481 2069 mutatione
1510 2042 1554 2070 lo-

915 2095 1020 2114 corum
1044 2084 1209 2119 salubrior,
1237 2088 1286 2120 10,
1311 2087 1360 2112 25.
1379 2083 1410 2111 in
1433 2084 1554 2123 oppidis

915 2129 1077 2158 hibernare
1093 2127 1220 2159 vetitus,
1240 2130 1290 2158 26.
1309 2131 1361 2155 21.

872 2172 1073 2201 Exercituum
1090 2170 1269 2207 seditiones,
1282 2174 1313 2205 2,
1328 2173 1380 2198 32.
1391 2173 1443 2199 43.
1458 2175 1488 2199 ct
1504 2175 1553 2201 59.

914 2219 1008 2248 3,50.
1028 2218 1061 2250 4,
1080 2217 1131 2242 50.
1156 2218 1185 2247 7,
1208 2217 1345 2242 38—42.
1372 2217 1425 2249 28,
1449 2217 1500 2243 24.
1525 2220 1554 2242 ct

913 2268 994 2297 seqy.

957 2301 988 2329 in
1016 2299 1162 2328 Exercitu
1186 2298 1367 2334 Annibalis,
1394 2299 1487 2328 misto
1517 2310 1553 2328 ex

915 2344 1088 2373 colluvione
1115 2341 1256 2370 omnium
1285 2342 1441 2380 gentium,
1471 2343 1555 2372 nulla

915 2387 1038 2421 seditio,
1056 2389 1108 2418 28.
1130 2389 1177 2413 19.

871 2430 1004 2465 Exodia‚
1023 2433 1055 2464 7,
1071 2433 1100 2457 2.

870 2473 1016 2512 Expiatio
1029 2474 1184 2507 fanorum,
1199 2470 1259 2498 vid.
1276 2471 1405 2499 Fanum.

871 2517 1089 2555 Exploratores
1106 2515 1264 2543 Romanos
1284 2513 1367 2542 inter
1388 2513 1554 2542 Numidas-

915 2569 973 2598 que
989 2563 1158 2593 certamen,
1182 2560 1234 2589 91,
1249 2559 1299 2585 96.

874 2602 956 2632 Exta
983 2603 1053 2631 laeta
1068 2599 1274 2639 prolationem
1292 2598 1412 2630 finium,
1431 2598 1555 2626 victori-

914 2655 961 2675 am
979 2649 1010 2674 et
1026 2644 1218 2681 triumphum
1236 2642 1437 2680 portendunt,
1452 2643 1506 2673 31,
1524 2644 1552 2669 5.

891 2707 935 2713 —
949 2689 1045 2717 cruda
1060 2688 1093 2716 in
1108 2696 1191 2716 mare
1204 2684 1334 2725 porricit
1358 2683 1473 2721 Scipio,
1498 2687 1551 2720 29,

892 2735 1049 2812 ·—‘²7primo
1066 2776 1177 2801 trunca
1196 2774 1227 2798 et
1241 2768 1357 2806 turpia,
1382 2767 1491 2797 deinde
1507 2769 1553 2798 ni-

915 2819 974 2846 mis
990 2817 1073 2851 laeta,
1091 2819 1144 2849 27,
1164 2816 1214 2841 26.

894 2876 937 2884 -
953 2860 990 2888 ad
1005 2858 1101 2894 Exta,
1121 2853 1271 2885 sacrificio
1287 2856 1473 2893 perpetrato,
1491 2855 1552 2883 duo

952 2905 1039 2948 113κ
