1816 3159
307 88 376 136 xii
812 87 1261 137 PRAEFATIO.

308 234 546 275 memorat
564 228 625 274 ab
651 243 710 274 eo
729 227 951 274 clausum
976 227 1153 274 fuisse:
1193 242 1290 291 quo
1312 237 1464 290 quum
1485 226 1743 290 Augustus

304 321 605 368 magnopere
639 304 943 366 gloriaretur,
978 304 1083 367 ipse
1119 311 1285 352 tamen
1320 320 1424 351 rem
1458 320 1559 352 uno
1595 306 1743 352 verbo

304 381 478 444 tangit,
506 380 779 443 gratulatus
816 387 1007 428 tantum
1044 382 1177 428 aetati
1213 399 1312 430 suae
1343 397 1503 428 raram
1538 382 1742 431 felicita-

304 466 420 519 tem.
491 458 701 513 Rursus,
728 458 808 505 ubi
845 458 908 505 de
942 457 1114 522 spoliis
1150 459 1326 522 opimis
1359 458 1505 507 Cossi
1530 459 1742 516 disserit,

303 535 335 583 l.
355 535 444 582 IV.
466 551 509 582 c.
528 539 607 582 20.
635 541 813 582 testem
837 534 1020 598 allegat
1043 535 1325 599 Augustum
1352 535 1606 594 Caesarem,
1629 546 1742 587 tem-

298 614 492 676 plorum
516 612 740 670 omnium,
757 611 933 676 inquit,
955 614 1263 668 conditorem,
1290 623 1375 662 aut
1389 617 1712 664 restitutorem
1728 635 1744 664 .·

303 689 441 752 quod
479 706 630 752 quam
667 706 792 746 vere,
818 706 969 753 quam
1005 706 1106 737 non
1144 689 1402 738 ambitiose
1438 692 1627 740 dictum
1664 693 1741 749 sit,

303 767 588 814 testimonio
626 774 702 814 est
737 767 823 814 illa
860 767 1016 830 ipsius
1057 768 1272 835 Augusti
1317 769 1575 816 notissima
1620 786 1740 817 vox:

306 859 620 891 marmoream
642 859 689 890 se
713 845 979 907 relinquere
1001 845 1192 900 urbem,
1212 861 1353 907 quam
1377 846 1640 893 lateritiam
1663 862 1743 893 ac-

88 941 174 971 suet.
190 938 270 980 Aug.
303 923 520 985 cepisset.
567 921 679 968 Jam
700 936 813 967 vero
834 920 883 967 in
902 922 1149 968 narranda
1163 921 1344 982 insigni
1359 921 1445 968 illa
1464 922 1528 968 de
1549 922 1743 969 Asdru-

89 984 290 1056 ἷῖξέᾗςγῃ,
304 998 414 1046 bale
429 998 631 1046 victoria
655 1015 805 1062 quam
829 998 997 1046 Livius
1022 1007 1069 1046 et
1089 998 1225 1046 Nero
1246 1006 1567 1061 reportavere,
1592 1015 1740 1063 quam

88 1069 144 1099 δώ
160 1068 262 1099 finem·
304 1075 432 1124 bella
455 1093 564 1124 sese
599 1076 820 1139 scriptori
845 1084 1014 1125 nostro
1051 1078 1274 1124 materies
1300 1076 1538 1124 offerebat
1573 1077 1739 1124 deme-

301 1154 469 1201 rendae
517 1153 670 1201 Liviae
718 1153 932 1215 Augusti
979 1155 1162 1214 uxoris,
1197 1171 1306 1217 quae
1353 1155 1414 1201 ad
1464 1154 1668 1201 alterurn
1713 1171 1741 1201 e

301 1230 567 1279 victoribus
616 1229 854 1292 originem
894 1231 1146 1286 referebat,
1191 1230 1241 1277 in
1288 1229 1487 1277 alterius
1534 1224 1739 1277 domum

301 1309 456 1355 fuerat
491 1308 760 1370 adoptata?
799 1324 946 1370 quam
984 1308 1127 1355 facile
1161 1308 1227 1354 ibi
1263 1324 1372 1355 sese
1401 1308 1591 1368 jactare
1629 1315 1737 1370 pot-

301 1392 405 1432 erat
429 1384 684 1432 adulatio?
731 1384 898 1432 Livius
935 1402 1033 1432 ren]
1059 1385 1261 1448 quidem
1286 1386 1444 1448 ipsam
1469 1391 1657 1440 ornate,
1683 1391 1740 1432 ut

300 1478 389 1523 par
422 1468 539 1517 erat,
565 1461 926 1525 magnificeque
963 1462 1223 1520 describit3
1269 1463 1318 1510 in
1352 1462 1566 1510 victores
1600 1462 1737 1526 ipsos

301 1538 449 1600 plena
473 1555 624 1586 manu
647 1539 823 1586 laudes
849 1539 1098 1587 cumulat:
1141 1540 1204 1587 de
1229 1556 1396 1587 eorum
1421 1539 1645 1603 posteris,
1674 1541 1738 1588 de

301 1616 459 1673 Livia,
485 1616 701 1672 Tiberio,
727 1615 910 1672 Druso,
937 1631 1001 1663 ne
1027 1617 1282 1663 verbulum
1306 1616 1524 1680 quidem.

366 1695 566 1750 Verum,
586 1693 825 1757 quoniam
846 1710 948 1741 non
966 1694 1302 1742 laudationem
1327 1694 1450 1741 Livii
1469 1693 1738 1758 quamdam

300 1787 615 1826 exornamus,
643 1771 731 1817 sed
757 1770 909 1833 ipsius
943 1770 1205 1832 imaginem
1231 1771 1331 1818 suis
1367 1788 1652 1834 expressam
1678 1772 1733 1818 li-

298 1848 573 1896 neamentis
620 1864 862 1895 conamur
902 1849 1147 1910 effingere,
1184 1848 1321 1895 fateri
1367 1848 1591 1910 cogimur
1629 1849 1734 1909 ejus

86 1931 199 1979 Amqre
213 1931 250 2004 inl
300 1926 463 1984 fidem,
483 1943 593 1989 quae
612 1926 846 1973 adversus
866 1926 1069 1988 gratiam
1089 1926 1416 1989 potentiorum
1434 1926 1736 1973 inconcussa

84 1980 285 2048 3353?
299 2003 446 2058 stetit,
473 2019 641 2050 amore
666 2003 832 2066 patriae
858 2004 1116 2068 aliquoties
1142 2004 1291 2052 fuisse
1316 2004 1682 2051 labefactatam.

364 2078 594 2142 Inprimis
625 2078 775 2141 igitur
800 2080 979 2144 ubique
1014 2082 1144 2145 apud
1181 2088 1402 2128 nostrum
1436 2097 1545 2128 sese
1569 2080 1732 2142 prodit

86 2167 235 2198 Nimiam
250 2179 286 2200 eo
296 2154 449 2203 nimia
463 2156 692 2219 quaedam
714 2156 955 2204 Romanae
972 2157 1323 2219 magnitudinis
1341 2157 1616 2214 admiratio,
1636 2175 1730 2206 nec

84 2211 270 2301 ξζζξῐῗῑῗῷῑ-
297 2231 418 2279 satis
456 2239 603 2280 cauta
631 2249 826 2296 semper
848 2240 934 2281 aut
969 2234 1213 2290 consulta,
1240 2252 1349 2298 quae
1373 2242 1421 2282 et
1443 2234 1535 2298 ipsi
1569 2234 1726 2282 inscio

84 2306 135 2369 ἓξ
153 2297 502 2358 adnmra'fortasse
543 2317 592 2356 et
638 2310 937 2373 imprudenti
978 2312 1145 2358 fucum
1183 2311 1369 2361 fecerit.
1453 2311 1629 2375 Itaque
1667 2312 1730 2359 de

296 2385 463 2433 Roma
486 2386 624 2433 tenui
642 2387 806 2434 adhuc
831 2394 1010 2435 etcum
1038 2388 1253 2436 finitimis
1274 2388 1572 2435 colluctante
1595 2403 1729 2450 mag-

293 2462 441 2510 nifice
472 2470 637 2510 tamen
661 2463 910 2510 interdum
947 2464 1177 2528 loquitur.
1249 2467 1368 2528 Spes
1390 2464 1548 2519 unica,
1571 2463 1730 2527 inquit

294 2538 379 2586 lib.
406 2538 505 2586 Ill.
525 2556 635 2602 cap.
653 2543 730 2586 ⁶26.
750 2542 942 2603 imperii
956 2543 1136 2604 populi
1152 2541 1371 2589 Romani
1390 2542 1454 2588 L.
1479 2540 1725 2595 Quintius.

296 2616 592 2680 Emphatice
617 2615 825 2665 dictum.
895 2617 968 2665 At
992 2626 1109 2665 tunc
1124 2619 1315 2682 imperii
1326 2620 1497 2681 populi
1516 2620 1729 2667 Romani

295 2696 415 2742 fines
432 2694 654 2741 nondum
673 2694 735 2741 ad
754 2693 1040 2741 vicesimum
1064 2695 1270 2741 fortasse
1289 2695 1350 2741 ab
1372 2695 1489 2741 urbe
1505 2694 1724 2757 lapidem
1786 2744 1790 2746 ,

86 2771 504 2834 L.1v.c.4.p1·0m0ti
530 2772 734 2818 fuerant.
807 2770 915 2819 Nec
948 2770 1112 2818 multis
1149 2771 1287 2818 annis
1317 2778 1431 2835 post
1454 2770 1722 2819 Canuleius
