1831 3174
523 68 640 106 Llss.
674 67 778 104 XLI.
828 65 947 103 CAl‘.
977 65 1021 101 V.
1456 67 1476 99 5

67 178 283 233 imperant,
317 187 361 219 ut
391 178 599 232 graviores
629 184 750 218 aetate
781 175 930 216 milites
964 174 1081 215 binos
1117 174 1155 213 in
1192 188 1237 213 ea
1272 173 1670 227 jumenta,U.c.574.

66 249 115 275 ex
138 234 290 289 quibus
310 250 433 275 onera
464 234 624 290 dejecta
643 241 774 283 erant,
797 233 1013 288 inponant:
1046 230 1206 286 equites
1229 238 1274 270 ut
1297 229 1479 283 singulos
1491 228 1581 260 ³¹⁸·C·
1600 226 1672 257 178.

66 291 327 347 ejuvenibus
347 291 506 347 pedites
528 306 662 332 secum
687 290 725 330 in
759 305 886 344 equos
917 288 1075 329 tollant.
1136 288 1357 341 Egregianz
1389 288 1479 340 glo-

66 349 165 388 riam
199 348 366 401 legionis
384 348 498 401 fore,
521 350 557 389 si
576 354 724 396 castra,
748 353 850 386 metu
881 347 1193 386 secundanorum
1227 344 1385 391 amissa,
1409 357 1481 383 sna

67 406 210 446 virtute
239 406 466 457 recipiant:
514 412 551 445 et
581 406 704 457 recipi
716 404 851 459 facile
880 418 972 451 esse,
1003 403 1037 442 si
1067 403 1110 442 in
1136 402 1281 454 praeda
1303 400 1484 452 occupati

67 462 226 502 barbari
244 462 371 502 subito
391 463 692 515 obprimantur:
723 462 823 501 sicut
843 460 1032 513 ceperint,
1049 473 1166 512 posse
1195 458 1301 510 capi.
1364 460 1485 498 Sum-

68 534 134 559 ma
160 518 335 559 militum
367 519 577 561 alacritate
607 518 842 560 adhortatio
872 517 1016 558 audita
1045 525 1116 557 est.
1180 516 1339 556 Ferunt
1370 514 1482 555 citati

67 576 195 630 signa,
231 591 304 616 nec
340 576 554 631 signiferos
584 575 729 616 armati
760 581 991 615 morantur:
1038 572 1194 628 priores
1225 580 1361 612 tamen
1392 587 1486 611 con-

67 632 130 672 sul
160 632 385 688 copiaeque,
408 649 503 689 quae
524 649 548 673 a
568 633 669 673 mari
700 632 1020 678 reducebantur,
1043 630 1094 670 ad
1127 629 1280 669 vallum
1312 644 1487 669 accesse-

68 697 175 729 runt.
238 690 286 729 L.
306 689 448 740 Atius,
471 690 664 731 tribunus
684 689 843 745 primus
865 687 1055 728 secundae
1077 685 1262 740 legionis,
1291 700 1370 725 non
1393 685 1486 724 1101·-

69 746 236 787 tabatur
265 747 388 787 modo
419 746 583 795 milites,
615 746 685 787 sed
721 745 895 786 docebat
926 744 1064 794 etiam,
1095 744 1141 784 Si
1174 744 1341 783 victores
1377 742 1486 788 Istra,

67 803 205 856 quibus
236 805 363 844 armis
394 805 584 857 cepissent
604 810 753 854 castra,
775 804 914 843 iisdem
948 807 1071 853 capta
1101 800 1272 840 retinere
1293 800 1336 839 z'n
1358 800 1489 838 animo

66 860 266 909 haberent,
284 862 462 913 primum
488 868 647 902 exutum
674 861 814 900 castris
844 861 987 899 hostem
1009 859 1065 898 ad
1083 872 1191 898 mare
1216 862 1491 910 persecnlnros

55 915 195 969 faisse,
218 918 361 958 deinde
380 919 574 959 stationes
594 924 696 959 certe
710 932 786 970 pro
807 916 912 957 vallo
932 916 1152 955 habituros.
1176 914 1265 955 vino
1281 927 1490 966 somnoque

68 975 285 1016 verisimile
306 990 385 1016 esse
406 991 562 1028 mersos¹
561 975 711 1029 jacere.

140 1033 214 1072 IV.
263 1033 349 1073 Sub
389 1033 477 1073 haec
520 1034 573 1072 A.
599 1031 885 1072 Baeculonium
926 1030 1168 1086 signiferum
1210 1044 1345 1076 suum,
1381 1037 1488 1068 notae

70 1089 327 1130 fortitudinis
356 1085 520 1139 virum,
539 1089 690 1129 inferre
721 1088 885 1144 signum
916 1087 1053 1143 jussit.
1129 1086 1264 1135 ¹⁰Ille,
1297 1086 1329 1126 si
1360 1100 1488 1125 unum

69 1161 110 1186 se
144 1154 430 1201 sequerentur,
452 1162 537 1202 quo
566 1146 738 1186 celerius
765 1145 895 1194 fieret,
917 1145 1149 1185 facturume
1179 1142 1309 1183 dixit:
1354 1141 1492 1183 conni-

68 1218 234 1258 susque,
266 1219 398 1258 quum
429 1211 542 1244 trans
572 1203 729 1243 vallum
760 1201 924 1257 signum
955 1200 1195 1256 trajecisset,
1217 1200 1377 1255 primus
1406 1211 1705 1252 ein-Recuperant
1742 1224 1749 1229 --

68 1259 184 1300 nium
210 1268 375 1316 portam
403 1259 586 1300 intravit.
648 1261 707 1300 Et
733 1267 850 1315 parte
877 1258 957 1298 alia
979 1258 1032 1297 T.
1056 1265 1096 1298 et
1120 1258 1167 1297 C.
1187 1256 1305 1306 AElii,
1332 1255 1489 1297 tribuni
1502 1260 1615 1285 castra.

68 1315 246 1357 militum
277 1316 410 1357 tertiae
441 1316 627 1372 legionis,
649 1331 744 1357 cum
775 1314 966 1371 equitatu
997 1313 1236 1354 adveniunt.
1258 1312 1489 1362 confestim,

66 1380 107 1414 et
143 1389 248 1428 quos
282 1373 400 1414 binos
436 1373 623 1414 oneraria
659 1373 699 1413 in
729 1373 922 1429 jumenta
958 1371 1240 1426 inposuerant,
1273 1369 1416 1418 secuti,
1449 1377 1489 1410 et

66 1430 208 1471 consul
238 1446 333 1471 cum
363 1438 453 1471 toto
482 1430 656 1485 agmine.
728 1431 789 1469 At
822 1430 1028 1469 Istrorum
1058 1427 1195 1482 pauci,
1227 1426 1299 1481 qui
1331 1425 1490 1466 modice

68 1486 197 1527 vinosi
238 1495 368 1537 erant,
409 1502 609 1527 memores
654 1486 827 1526 fuerunt
867 1485 1001 1538 fugae3
1065 1483 1154 1523 aliis
1200 1497 1342 1522 50111110
1382 1497 1492 1522 mors

69 1543 309 1584 continuata
335 1551 413 1584 est:
451 1543 697 1598 integraque
733 1557 807 1581 sua
831 1541 969 1581 omnia
995 1539 1189 1588 Romani,
1211 1547 1489 1594 praeterquam

18 1613 22 1621 “
68 1600 183 1656 quod
212 1599 296 1640 vini
326 1599 491 1655 cibique
521 1600 762 1640 absumtum
792 1606 894 1647 erat,
916 1604 1174 1652 receperunt.
1237 1595 1359 1651 AEgri
1390 1611 1492 1650 quo-

68 1672 150 1712 que
184 1656 348 1706 milites,
380 1656 453 1711 qui
483 1656 525 1696 in
561 1655 703 1697 castris
738 1654 868 1695 relicti
908 1654 1089 1702 fuerant,
1120 1661 1342 1708 postquam
1383 1651 1492 1692 intra

70 1714 225 1754 vallum
256 1729 351 1754 suos
382 1721 611 1762 senserunt,
633 1712 757 1752 armis
787 1710 977 1767 arreptis,
1006 1710 1161 1751 caedem
1192 1709 1403 1763 ingentem
1434 1708 1491 1749 fe.-

69 1778 226 1811 cerunt.
287 1771 401 1811 Ante
430 1768 770 1824 omnes-insignis
799 1783 925 1824 opera
954 1767 1035 1808 fuit
1063 1768 1110 1807 C.
1130 1763 1296 1821 Popillii
1327 1765 1489 1820 equitis.

73 1827 236 1868 Sabello
266 1842 491 1882 cognomen
522 1835 621 1867 erat.
654 1826 702 1875 is,
730 1825 837 1881 pede
868 1823 1005 1865 saucio
1036 1823 1218 1872 relictus,
1250 1822 1370 1878 longe
1400 1822 1493 1877 plu-

72 1883 217 1924 rimosf
250 1884 433 1924 hostium
473 1883 635 1924 oceidit.
716 1882 789 1923 Ad
837 1890 930 1922 octo
970 1880 1098 1921 millia
1148 1880 1355 1920 Istrorum
1395 1887 1492 1919 sunt

71 1956 189 1991 caesa,
211 1948 358 1996 captus
378 1956 513 1990 nemo,
534 1940 635 1995 quia
663 1939 724 1980 ira
743 1948 784 1980 et
805 1937 1036 1993 indignatio
1065 1937 1308 1977 inmemores
1339 1935 1492 1991 praedae

73 1997 180 2039 fecit.
253 1999 347 2037 Rex
378 2005 515 2038 tamen
548 1998 769 2046 Istrorum,
801 1995 1055 2036 temulentus
1086 2008 1137 2034 ex
1167 1992 1369 2041 convivio,
1402 2008 1494 2048 rap-

73 2054 147 2095 tim
167 2070 191 2094 a
212 2054 295 2095 suis
316 2054 359 2094 in
379 2069 535 2110 equum
558 2053 776 2109 inpositus,
798 2051 920 2107 fugit.
982 2052 1051 2091 Ex
1073 2049 1300 2090 victoribus
1325 2049 1493 2089 ducenti

74 2111 246 2167 triginta
275 2119 431 2166 septem
462 2110 612 2151 milites
642 2109 871 2165 perierunt,
899 2108 1040 2163 plures
1070 2106 1111 2147 in
1142 2106 1348 2147 matutina
1377 2106 1493 2161 fuga,

74 2183 199 2223 quam
220 2168 262 2207 in
282 2167 527 2223 recipiendis
547 2166 702 2207 eastris.

131 2226 179 2265 V.
212 2226 339 2265 Forte
368 2225 427 2265 ita
456 2223 607 2273 evenit,
630 2231 677 2263 ut
701 2224 776 2263 Cn.
800 2230 841 2262 et
873 2222 922 2261 L.
944 2220 1128 2270 Gavillii,
1150 2219 1340 2259 llnovelli
1362 2219 1497 2274 Aqui-

74 2281 255 2331 leienses,
286 2296 381 2321 cum
421 2288 653 2322 commeatu
694 2278 917 2328 venientes,
958 2277 1091 2333 ignari
1131 2291 1261 2332 prope
1295 2276 1336 2316 in
1377 2284 1498 2331 capta

75 2346 208 2379 castra
246 2338 299 2378 ab
342 2338 462 2379 Istris
503 2336 742 2377 inciderent.
805 2335 858 2384 Ii,
890 2350 1022 2390 quum
1053 2333 1308 2388 Aquileiam,
1345 2332 1497 2373 relictis
1509 2345 1617 2373 'ren-or
1636 2341 1698 2371 Ro-

77 2393 380 2450 inpedimentis,
421 2394 685 2449 refugissent,
716 2391 854 2433 omnia
894 2401 1049 2433 terrore
1089 2406 1134 2431 ac
1176 2389 1379 2438 tumultu,
1415 2403 1496 2429 non
1509 2397 1580 2418 ¹¹¹oe-

369 2486 551 2523 ejactmwn
567 2483 658 2513 Crev.
789 2476 803 2501 f
815 2482 977 2520 plurimum
995 2479 1094 2510 Gron.
1111 2479 1201 2510 Crev.

122 2581 160 2611 10
184 2581 249 2617 Ille,
273 2583 296 2611 si
317 2593 407 2611 unum
423 2591 450 2610 se
472 2586 659 2620 sequerentur
682 2600 689 2607 .
715 2601 724 2609 .
749 2601 757 2608 .
809 2577 987 2619 jubebatur,
1008 2576 1230 2617 sedjacturum
1245 2575 1366 2615 signum
1381 2574 1412 2603 in
1428 2583 1494 2603 cas-

69 2624 225 2661 ιγἰιιτιιινιινη
265 2624 353 2664 dixit]
406 2623 494 2653 Nihil
535 2622 670 2664 apertius
700 2626 758 2657 est,
813 2626 871 2654 tra,
896 2630 957 2660 quo
980 2619 1111 2649 celerius
1133 2629 1181 2648 res
1205 2622 1412 2659 perageretur,
1443 2625 1494 2645 ac-

79 2675 172 2705 quam
187 2666 248 2707 legi
263 2666 387 2702 debere,
412 2676 473 2696 non
485 2665 658 2707 fczctuwwmz,
682 2674 758 2704 quo-
814 2663 915 2693 censis
944 2661 1081 2703 periculo
1103 2660 1295 2701 ignominiae,
1326 2658 1350 2688 si
1373 2657 1494 2698 signum

81 2707 170 2737 modo
200 2708 330 2750 scriptus
362 2708 482 2743 habuit,
516 2707 570 2738 sed
589 2709 759 2746 jactui-um,
814 2705 1016 2740 amitteretur,
1033 2703 1191 2734 militibus.

80 2760 149 2790 quae
179 2750 325 2781 Gronovii
354 2750 530 2781 emendatio
558 2755 615 2780 est.
672 2749 760 2779 Dicit
861 2748 895 2777 11
930 2747 1045 2777 Novelli
1074 2743 1279 2786 Aquileienses]
1320 2742 1381 2779 Qui
1408 2748 1496 2772 erant

79 2791 171 2832 igitur
185 2792 320 2833 signifer,
344 2794 369 2824 si
392 2793 486 2825 ceteri
502 2803 597 2823 unum
613 2802 646 2822 se
672 2791 760 2832 sequi
816 2801 832 2820 e
848 2790 964 2821 colonis
979 2795 1050 2820 ante
1066 2788 1231 2819 triennium
1246 2784 1426 2825 Aquileiam
1442 2784 1494 2815 de·

80 2834 206 2869 vellent,
231 2846 291 2866 non
314 2836 404 2868 modo
427 2836 585 2867 illaturum
609 2845 653 2870 se,
678 2834 761 2875 quod
817 2832 930 2863 ductis.
974 2834 1074 2874 Supra
1088 2832 1110 2862 l.
1128 2830 1195 2861 XL.
1212 2839 1238 2859 0.
1249 2828 1302 2858 34.

855 2886 926 2918 133
