1816 3159
274 124 361 164 cxiv
752 121 786 158 J.
815 121 902 159 FR.
932 118 1251 159 GRONOVII

277 242 430 292 potem.
453 231 541 274 haec
571 230 735 273 addidit
756 246 807 272 ex
828 230 1080 272 membranis
1109 228 1373 271 bibliothecae
1393 227 1435 268 in
1457 226 1546 268 aede
1578 225 1733 268 ibidem

279 291 460 333 maxima
479 298 521 331 et
551 287 884 344 metropolitana,
907 288 962 328 D.
986 286 1163 328 Martini
1193 285 1417 342 appellata,
1440 292 1606 341 partem
1636 283 1737 325 libri

279 348 393 390 tertii
410 355 451 389 et
468 345 669 401 trigesimi
685 360 710 385 a
725 344 873 400 capitis
886 344 952 387 17.
969 343 1034 384 his
1049 343 1204 384 verbis:
1237 344 1378 384 Aretis
1388 343 1594 397 faucibus
1607 341 1737 382 Acar-

280 407 431 447 naniae
451 406 677 452 colicerens,
702 400 797 453 (etsi
828 401 993 457 legatur
1014 400 1116 441 illic:
1148 402 1202 441 iis
1217 401 1415 454 partibus
1442 399 1675 451 cohaerens)
1698 405 1741 438 et

283 462 400 518 quod
436 461 578 501 deerat
610 458 716 499 libro
745 457 1067 514 quadragesimo
1096 471 1232 512 usque
1260 457 1314 498 ad
1345 456 1481 497 finem.
1542 453 1744 496 Ulrichus

286 520 508 560 Huttenus
547 515 602 557 ad
642 514 869 556 Albertum
923 513 1341 569 Brandeburgensem
1393 511 1659 554 cardinalem
1703 518 1744 552 et

289 575 548 631 Episcopum
570 572 892 628 Moguntinum,
911 572 1114 612 Erasmus
1135 570 1445 612 Roterodamus
1460 569 1515 611 ad
1537 567 1746 610 Misobar-

288 633 411 674 baros
431 638 559 685 atque
590 629 755 670 eosdem
779 628 1043 669 Philomusos
1073 627 1257 683 praefixis
1277 626 1461 683 epistolis
1490 641 1581 667 eam
1601 625 1747 665 hones-

292 696 448 731 tarunt.
502 686 635 728 Nicol.
671 685 928 726 Carbachius
957 693 999 726 et
1028 683 1185 739 Wolfg.
1208 685 1434 739 Augustus
1458 682 1586 739 (quos
1606 681 1749 738 impri-

292 745 453 787 mendis
482 743 565 784 illic
595 742 673 783 loci
701 741 817 783 libris
847 741 1035 783 eamdem
1065 755 1233 796 operam
1264 747 1476 796 praestare,
1498 754 1626 795 quam
1656 746 1752 794 post

294 802 458 843 Aldum
480 799 664 841 Venetiis
694 798 942 854 Egnatium,
974 799 1123 838 Romae
1153 797 1296 838 doctos
1326 796 1546 853 quosdam,
1576 795 1751 837 Basileae

296 862 475 901 Beatum
493 866 533 898 et
551 855 869 906 Amorbachios,
887 855 1137 911 Argentinae
1159 853 1421 895 Gerbellium
1434 852 1492 894 ait
1510 853 1751 906 Huttenus)

295 914 541 971 corrigendo
561 914 841 970 praefuerunt:
894 920 935 954 et
966 911 1066 968 quia
1095 911 1138 952 in
1168 911 1314 952 eodem
1345 910 1556 951 volumine
1587 909 1755 965 Lango-

295 972 479 1015 bardicis
499 970 649 1012 litteris
685 970 839 1025 scripto
874 969 1012 1010 ultimi
1037 983 1208 1024 quoque
1242 976 1400 1024 septem
1434 966 1530 1007 libri
1561 966 1614 1008 de
1645 966 1756 1007 bello

300 1028 574 1072 Macedonico
602 1027 932 1083 reperiebantur,
953 1026 1032 1067 1100
1052 1024 1220 1081 negotio
1240 1024 1340 1081 ipsis
1355 1040 1380 1065 a
1402 1023 1611 1065 Scheffero
1640 1023 1757 1072 dato,

299 1103 369 1129 eos
389 1101 485 1128 eum
507 1084 689 1140 vulgatis
718 1083 998 1124 contulerunt.
1059 1083 1136 1123 Eae
1167 1081 1362 1123 lectiones
1383 1080 1523 1131 variae,
1545 1080 1690 1137 paucis
1713 1079 1757 1120 in

300 1151 545 1185 contextum
575 1140 779 1190 admissis,
800 1148 1031 1196 postremas
1050 1139 1186 1195 operis
1206 1138 1379 1194 paginas
1399 1137 1572 1179 faciunt.
1635 1136 1759 1179 Circa

301 1201 412 1242 idem
443 1207 609 1254 tempus
637 1197 795 1238 Aldina
824 1196 992 1238 minoris
1021 1196 1167 1236 formae
1197 1195 1338 1236 incudi
1369 1202 1508 1250 coepta
1536 1202 1598 1235 est
1628 1193 1758 1235 tradi:

303 1272 446 1299 curam
468 1256 558 1311 ejus
588 1254 736 1295 habuit
768 1253 1014 1294 Franciscus
1045 1252 1274 1302 Asulanus,
1296 1260 1338 1293 et
1358 1250 1671 1308 quamplurima
1689 1266 1763 1307 op-

305 1315 408 1356 tima
437 1321 478 1354 et
508 1311 683 1366 antiqua
711 1319 752 1352 et
782 1310 1066 1366 manuscripta
1093 1308 1346 1365 exemplaria
1372 1324 1395 1349 e
1413 1308 1762 1349 bibliothecarum

307 1369 476 1412 latebris
516 1368 741 1424 collegisse,
777 1375 906 1423 atque
940 1382 992 1408 ex
1027 1366 1220 1407 omnibus
1255 1365 1334 1406 hoc
1369 1365 1538 1406 tandem
1573 1364 1760 1406 lucidum

305 1437 435 1484 atque
464 1426 517 1467 ab
538 1425 650 1466 omni
680 1434 799 1480 parte
829 1424 1039 1480 integrum
1069 1421 1309 1464 conflavisse
1339 1437 1424 1463 sese
1453 1422 1497 1463 in
1517 1421 1763 1478 praefatione

302 1485 414 1527 tertii
445 1483 547 1525 tomi
568 1482 622 1523 ad
644 1483 712 1522 Jo.
737 1480 972 1537 Baptistam
1006 1479 1266 1522 Turrianum
1296 1479 1531 1535 profitetur.
1593 1478 1763 1519 Primus

303 1551 365 1584 est
386 1540 603 1583 absolutus
623 1553 762 1580 mense
785 1538 1007 1580 Decembri
1030 1551 1233 1579 mnxvin.
1251 1537 1356 1578 alter
1372 1551 1510 1577 mense
1532 1535 1764 1577 Februario

304 1612 468 1640 Mnxlx.
491 1597 642 1639 tertius
671 1611 767 1637 cuin
797 1604 1022 1652 augmento
1054 1593 1386 1650 Magontiacensi
1417 1608 1554 1634 mense
1583 1593 1764 1633 Novem-

306 1657 371 1699 bri
399 1668 550 1697 Mnxx:
603 1662 644 1695 et
674 1653 716 1694 in
747 1662 919 1709 septem,
941 1668 1048 1709 quos
1077 1651 1182 1702 dixi,
1214 1651 1329 1692 libris
1360 1650 1575 1692 Asulanus
1604 1649 1764 1705 ubique
1813 1700 1814 1703 Ἴ

307 1714 393 1754 fere
424 1713 544 1754 istius
573 1710 724 1752 codicis
756 1710 925 1766 (utique
954 1709 1044 1750 aliis
1073 1708 1339 1765 praeferendi,
1368 1708 1445 1749 etsi
1475 1706 1676 1748 nonnulla
1704 1705 1764 1746 illi
1813 1733 1814 1745 2

308 1771 471 1820 melius,
494 1777 534 1810 et
556 1767 719 1808 delectu
742 1782 848 1823 opus
877 1766 1026 1821 fuerit)
1048 1765 1244 1807 lectiones
1265 1765 1433 1821 recepit.
1495 1764 1641 1820 Hujus
1670 1778 1766 1804 auc-
1812 1772 1816 1819 J*

310 1827 521 1869 toritatem
552 1833 705 1866 secutae
735 1824 943 1880 vulgares,
965 1838 1062 1879 quae
1092 1838 1202 1864 nunc
1231 1822 1455 1872 habentur,
1478 1829 1694 1876 tantopere
1723 1819 1766 1860 in

309 1900 359 1926 ea
397 1892 516 1940 parte
556 1883 608 1923 ab
650 1880 933 1938 superioribus
973 1880 1241 1921 dissentiunt:
1295 1879 1337 1918 in
1378 1894 1478 1934 quo,
1520 1877 1765 1933 priusquam

311 1942 449 1997 ipsum
482 1938 678 1981 Schefferi
709 1938 1040 1993 experimentum
1071 1951 1189 1977 casus
1218 1935 1259 1976 in
1280 1936 1472 1976 auctione
1501 1934 1683 1990 quadam
1713 1933 1767 1974 ad

313 2013 379 2039 me
399 1996 567 2045 detulit,
589 1995 663 2036 diu
694 1994 842 2035 anxius
872 2003 913 2036 et
944 1994 1145 2035 sollicitus
1174 1992 1368 2048 pependi.
1430 1991 1655 2033 Florentiae
1684 1991 1768 2031 hae-
1811 1992 1812 2019 ἕ

314 2054 432 2096 redes
454 2052 640 2109 Philippi
661 2052 690 2092 J
696 2060 809 2093 untae
831 2065 1009 2092 MDxxn.
1032 2065 1107 2107 per
1128 2049 1287 2090 Aldina
1301 2048 1477 2105 vestigia
1496 2048 1765 2097 incesserunt,

314 2111 540 2169 praeposito
560 2110 685 2150 etiam
715 2109 894 2149 carmine
914 2108 957 2149 in
978 2108 1145 2149 laudem
1174 2106 1365 2147 Asulani.
1428 2105 1633 2147 Successit
1662 2119 1770 2145 anno
1809 2125 1810 2128 =

318 2181 549 2209 Mnxxvnl.
610 2165 811 2207 Eucharii
843 2164 1083 2207 Cervicorni
1115 2163 1315 2213 Coloniae,
1338 2171 1386 2204 ut
1407 2170 1527 2219 puto,
1558 2161 1769 2203 instituta.

319 2225 463 2266 Multa
482 2224 551 2264 ille
566 2223 619 2264 ad
640 2223 834 2264 lectorem
850 2221 1056 2278 gloriatur
1076 2230 1117 2262 et
1138 2220 1319 2276 imputat
1335 2219 1501 2260 fiduciae
1521 2218 1658 2275 plena,
1675 2233 1771 2273 quae

319 2292 457 2324 tamen
477 2282 521 2322 in
542 2280 795 2322 contrarium
817 2279 987 2320 vertisse
1003 2277 1123 2319 valde
1145 2276 1377 2333 suspiceris,
1395 2276 1427 2317 si
1444 2276 1571 2317 verba
1590 2274 1773 2316 conside·
1808 2311 1809 2316 ,

319 2354 395 2380 res.
456 2338 531 2380 Ait
554 2337 659 2379 enim
682 2340 896 2390 integrum
915 2350 1150 2389 sanumque
1169 2337 1236 2375 hie
1254 2335 1410 2384 haberi,
1431 2335 1505 2387 qui
1524 2333 1669 2373 multis
1688 2346 1776 2372 ver-

320 2398 464 2436 borum
483 2396 870 2447 sententiarumque
888 2394 1132 2434 vulneribus
1152 2393 1384 2445 discerptus
1399 2392 1495 2431 olim
1514 2390 1773 2441 elanguerit,-

321 2455 454 2494 lenem
473 2458 512 2493 et
531 2453 730 2502 nitidum,
752 2454 826 2505 qui
845 2465 984 2504 nuper
993 2451 1123 2505 foedis
1142 2450 1379 2502 emplastris
1397 2448 1598 2499 olidisque
1617 2447 1776 2498 malag-

321 2512 446 2550 matis
465 2511 653 2561 margini
675 2510 868 2562 impactis
897 2508 1107 2557 horridus,
1128 2506 1337 2560 deformis,
1359 2509 1398 2544 et
1417 2503 1633 2544 obvolutus
1660 2504 1778 2542 visus

324 2569 391 2608 sit.
452 2566 570 2607 Nam
599 2566 670 2605 ubi
691 2567 806 2605 lectio
816 2566 933 2619 sorte
961 2564 1203 2612 variaverit,
1224 2567 1264 2603 et
1283 2564 1394 2602 inter
1420 2561 1675 2614 exemplaria
1693 2573 1781 2599 non

329 2624 580 2672 convenerit,
601 2636 650 2662 ea
677 2622 873 2675 delegisse
901 2636 957 2671 se,
978 2622 1102 2673 idque
1121 2620 1285 2672 judicio
1313 2618 1525 2658 doctorum
1552 2618 1781 2665 hominum,

334 2693 433 2735 quae
452 2681 635 2720 auctoris
650 2680 857 2731 genuinae
872 2679 1022 2732 phrasi
1040 2678 1243 2717 viciniora
1252 2675 1426 2730 fuerint
1440 2676 1544 2724 visa,
1561 2678 1601 2714 et
1619 2677 1784 2714 senten-

335 2740 495 2779 tiarum
514 2737 808 2788 verborumque
822 2736 1104 2775 commissurae
1117 2734 1254 2785 magis
1268 2732 1448 2786 adfinia:
1478 2745 1532 2771 ne
1546 2731 1698 2771 seilicet
1708 2731 1783 2769 im-

336 2795 540 2835 becilliora
559 2794 733 2846 ingenia
752 2797 792 2833 et
810 2793 945 2832 varice
965 2791 1129 2832 lectioni
1147 2803 1234 2830 non
1255 2790 1431 2830 adsueta
1444 2789 1556 2829 inter
1576 2791 1634 2828 tot
1648 2787 1785 2827 amba-

333 2866 406 2904 ges
413 2852 436 2891 h
442 2852 794 2899 mimimo-entur,
793 2850 870 2903 fra
876 2850 960 2889 uda
966 2862 1036 2889 ren
1042 2853 1194 2900 turque
1202 2844 1784 2898 diclciintelligentiaefructu,
