1831 3194
450 123 563 160 LIB.
595 123 715 160 XLV.
760 122 891 159 CAI‘.
922 123 1070 160 XXIV.
1404 126 1473 167 193

56 232 207 272 Patres
226 232 445 285 conscripti
459 250 471 271 .·
486 276 493 285 ,
495 232 649 285 favisse
669 245 740 272 nos
759 232 863 283 regi,
888 238 924 272 et
948 232 1058 272 illum
1085 231 1243 272 vincere
1264 231 1469 277 maluisse,·
1487 239 1575 271 stc.
1589 239 1663 271 585.

57 290 148 329 idco
178 289 278 330 bello
303 290 595 342 persequendos
624 304 704 328 csse
733 290 911 329 credunt.
972 289 1063 330 Alii
1092 288 1273 336 vestrum,
1307 289 1474 328 voluisse

55 347 211 399 quidem
234 362 304 387 nos
323 348 406 394 hoc,
425 360 503 386 non
525 353 655 386 tamen
678 346 724 385 ob
747 347 791 386 id
805 346 906 385 bello
924 347 1213 400 persequendos
1230 360 1328 386 esse:
1350 359 1474 398 neque

54 404 240 453 moribus,
257 419 380 457 neque
394 404 544 457 legibus
558 405 680 443 ullius
694 404 875 444 civitatis
891 405 950 443 ita
967 410 1238 457 comparatum
1255 417 1348 452 esse,
1365 409 1420 450 ut,
1439 403 1475 442 si

54 462 144 514 quis
165 463 281 502 vellet
302 462 503 501 inimicum
520 462 673 514 perire,
693 461 751 501 1si
770 462 877 501 nihil
881 461 1049 514 jecerit,
1065 475 1140 514 quo
1162 461 1310 512 idfiat,
1325 461 1475 513 capitis

57 519 279 559 damnetur.
340 519 442 570 His,
459 520 530 572 qui
550 533 620 559 nos
630 533 770 572 pmna,
791 532 871 558 non
891 520 1071 569 crimine,
1088 519 1277 568 liberant,
1291 518 1473 570 gratiam

57 577 215 629 quidem
249 575 434 616 habemus
447 594 460 614 :
493 577 573 628 ipsi
599 576 712 616 nobis
742 577 847 616 hanc
882 577 1049 616 dicimus
1082 577 1206 630 legem
1226 598 1239 621 ‚·
1275 577 1311 616 si
1342 589 1474 615 omnes

55 633 256 680 voluimus,
276 635 382 687 quod
400 635 626 688 arguimur,
641 647 721 674 non
738 634 1022 688 distinguimus
1038 635 1277 673 voluntatem
1294 647 1320 672 a
1325 632 1471 685 facto:

55 703 184 731 omncs
197 691 436 743 plectamur.
487 691 533 731 Si
552 692 632 731 alii
646 692 879 745 principum
901 697 1123 731 nostrorum
1149 691 1271 740 vobis,
1286 690 1366 730 alii
1385 691 1475 744 regi

37 748 264 801 faverunt;
299 763 378 788 non
396 749 566 801 postulo,
590 755 633 788 ut
646 755 819 802 propter
840 762 922 797 nos,
944 750 1017 802 qui
1038 749 1222 801 partium
1253 754 1473 789 vestrarum

36 805 213 858 fuimus,
236 807 344 859 regis
347 806 541 860 fizutores
560 807 665 847 salvi
682 807 784 847 sint.-
808 807 911 846 illud
930 807 1132 859 deprecor,
1150 819 1200 845 ne
1218 819 1288 846 nos
1302 811 1474 858 propter

54 862 144 902 illos
156 877 380 915 pereamus.
417 864 506 904 Non
521 865 613 904 estis
626 878 692 905 vos
708 865 792 904 illis
807 864 1047 918 infestiores,
1066 877 1182 916 quam
1199 864 1343 903 civitas
1359 863 1447 915 ipsa
1456 883 1471 908 ‚-

48 917 114 960 ²et
133 921 204 960 hoc
225 922 296 974 qui
314 920 505 970 sciebant,
522 922 708 975 plerique
728 936 859 961 eorum
881 927 953 961 aut
966 921 1252 974 prffcgerunt,
1277 926 1349 961 aut
1369 934 1474 959 mor-

53 982 130 1017 tem
151 978 229 1018 sibi
248 979 535 1019 consciverunt.
565 980 656 1028 alii,
680 979 866 1019 danmati
885 993 910 1017 a
930 978 1054 1027 nobis,
1073 979 1115 1018 in
1126 984 1328 1031 potestate
1343 983 1476 1018 vestra

54 1040 185 1083 erunt,
209 1037 360 1077 Patres
378 1037 605 1089 conscripti.
671 1036 804 1077 Ceteri
822 1036 993 1084 Rhodii,
1010 1037 1111 1076 sicut
1123 1036 1305 1088 gratiam
1323 1036 1475 1074 nullam

55 1094 194 1133 meriti
213 1093 285 1133 hoc
300 1093 414 1142 bello,
438 1094 498 1133 ita
516 1108 564 1133 ne
577 1107 740 1146 poenam
755 1094 911 1147 quidem
928 1107 1069 1133 sumus.
1114 1093 1305 1132 Priorum
1319 1098 1474 1132 nostro-

54 1163 142 1190 rum
163 1150 456 1204 benefactorum
476 1152 652 1191 cumulus
679 1151 763 1199 hoc,
783 1151 888 1204 quod
917 1164 1022 1189 nunc
1049 1156 1239 1190 cessatum
1271 1150 1314 1189 in
1345 1149 1476 1205 officio

53 1213 125 1256 est,
143 1208 317 1261 expleat.
380 1209 479 1250 Cum
500 1208 628 1249 tribus
648 1208 807 1262 regibus
822 1208 1004 1261 gessistis
1025 1207 1129 1248 bella
1142 1221 1222 1260 per
1243 1206 1313 1247 hos
1333 1220 1474 1246 annos.

54 1278 106 1305 ne
117 1266 213 1318 plus
230 1265 331 1305 obsit
352 1265 478 1313 nobis,
497 1266 604 1319 quod
621 1280 700 1306 uno
714 1265 815 1306 bello
830 1265 1077 1314 cessavimus,
1091 1263 1232 1318 ‘'fquam
1251 1265 1357 1318 quod
1377 1264 1475 1304 duo-

52 1321 125 1363 bus
137 1322 251 1363 bellis
257 1336 336 1375 pro
349 1323 746 1376 vobispugnavimu&
769 1323 1021 1375 Philippum,
1041 1323 1289 1368 Antiochum,
1305 1323 1476 1372 Persea,

57 1384 261 1434 tamquam
282 1385 363 1421 tres
377 1381 611 1431 sententias,
628 1382 781 1433 ponite.
814 1381 905 1420 dua.²
926 1394 997 1420 nos
1015 1379 1224 1420 absolvunt
1239 1397 1251 1418 :
1282 1377 1385 1418 4una
1402 1379 1476 1418 du-

54 1436 125 1477 bia
146 1443 218 1488 est,
240 1443 284 1478 ut
298 1438 470 1492 gravior
489 1439 555 1479 sit.
615 1438 714 1478 ⁵Illz‘
743 1439 791 1478 de
820 1437 933 1477 nobis
961 1437 998 1477 sz‘
1011 1436 1266 1491 judicarent,
1290 1435 1478 1476 damnati

55 1508 233 1535 essemus.
255 1509 322 1536 vos
339 1494 542 1548 judicate,
566 1496 716 1536 Patres
745 1495 978 1547 conscripti,
994 1496 1047 1534 sit
1077 1494 1246 1534 Rhodus
1265 1494 1305 1532 in
1337 1493 1474 1543 terris,

54 1565 111 1591 an
124 1552 325 1606 funditus
354 1553 550 1593 deleatur.
610 1552 708 1592 Non
732 1553 835 1592 enim
855 1552 904 1592 de
930 1551 1031 1592 bello
1052 1551 1302 1600 deliberatis,
1325 1551 1476 1590 Patres

55 1610 291 1661 conscripti,
322 1611 428 1663 quod
456 1610 610 1663 iifferre
636 1611 822 1662 potestis,
848 1623 991 1663 gerere
1021 1623 1099 1648 non
1128 1609 1328 1662 potestis5
1359 1621 1475 1661 quum

56 1680 169 1707 nemo
190 1666 441 1707 Rhodiorum
457 1681 573 1707 arma
594 1668 782 1707 adversus
802 1680 868 1707 vos
888 1667 1044 1707 laturus
1058 1667 1124 1706 sit.
1188 1665 1476 1718 Sipersevera-

54 1723 155 1764 bitis
176 1725 219 1764 in
241 1724 321 1773 ira,
344 1730 493 1778 tempus
513 1739 538 1764 a
560 1724 670 1766 vobis
692 1731 884 1777 petemus,
910 1739 986 1777 quo
1015 1724 1335 1777 hancsunestam
1365 1723 1478 1775 lega-

57 1783 205 1823 tionem
227 1782 380 1822 domum
396 1782 616 1836 reseramus
629 1798 642 1821 .·
663 1783 798 1822 onmia
819 1781 949 1821 libera
968 1782 1123 1834 capita,
1142 1780 1341 1833 quidquid
1363 1778 1478 1819 Rho-

58 1840 216 1880 diorum
237 1840 425 1887 virorum,
430 1837 681 1890 feminarum
697 1846 767 1888 est,
785 1853 868 1878 cum
889 1839 998 1878 omni
1010 1839 1186 1891 pecunia
1204 1843 1341 1877 nostra
1359 1850 1480 1877 naves

58 1896 356 1937 conscendemus
370 1918 384 1943 ;
418 1910 479 1945 ac,
502 1898 654 1937 relictis
676 1895 896 1950 penatibus
908 1896 1085 1949 publicis
1098 1895 1368 1948 privatisque,
1391 1894 1478 1934 Ro-

63 1968 167 1995 mam
197 1954 420 1995 veniemus.-
452 1961 505 2005 et,
537 1956 646 1994 omni
675 1968 775 1994 auro
805 1960 843 1993 ct
872 1960 1054 2007 argento,
1086 1953 1284 2006 quidquid
1308 1950 1477 2003 publici,

61 2012 261 2065 quidquid
274 2012 436 2063 privati
455 2018 524 2061 est,
548 2013 591 2052 in
611 2012 784 2060 comitio,
811 2011 855 2051 in
876 2011 1067 2052 vestibulo
1086 2010 1210 2050 curiae
1237 2015 1390 2057 vestroe,
1413 2022 1478 2048 cu-

60 2069 224 2117 mulato,
246 2081 417 2120 corpora
437 2075 578 2110 nostra
607 2068 891 2123 conjugumque
919 2083 968 2108 ac
996 2067 1209 2108 liberorum
1230 2072 1372 2107 vestra»
1382 2072 1479 2119 pot-

62 2127 187 2167 estati
208 2126 496 2178 permittemus,
528 2126 594 2166 hic
616 2127 796 2179 passuri,
827 2126 1095 2180 quodcumque
1118 2124 1360 2179 patiendum
1387 2124 1478 2163 erit.

57 2184 204 2238 procul
238 2182 288 2223 ab
319 2184 444 2224 oculis
477 2184 622 2224 nostris
656 2183 750 2224 urbs
784 2189 922 2223 nostra
951 2183 1193 2235 diripiatur,
1226 2181 1480 2221 incendatur.

109 2297 125 2327 1
151 2296 183 2327 Si
206 2295 283 2326 nihil
300 2295 426 2338 jecerit]
460 2297 559 2328 Vetus
595 2297 753 2338 exemplar
795 2296 885 2327 iamsi
919 2294 1059 2330 severior,
1093 2294 1196 2325 durior
1228 2294 1278 2331 sit,
1309 2295 1398 2324 dubia
1431 2300 1482 2325 est.

64 2339 185 2375 habuit,
201 2344 278 2370 teste
293 2340 460 2376 Gronovio,
475 2347 511 2371 ut
532 2343 557 2371 si
580 2341 654 2370 nihil
667 2341 752 2382 fece·
797 2340 829 2370 Si
844 2339 922 2380 quis,
938 2339 1092 2379 inquiunt,
1107 2337 1240 2378 benigne
1264 2337 1302 2367 de
1325 2336 1412 2367 nobis
1430 2335 1482 2376 ju-

66 2384 118 2412 rit.
176 2382 368 2413 Deleverunt
404 2383 438 2414 ιτδ
459 2390 494 2413 ut
517 2383 659 2418 editores,
684 2389 752 2413 tan·
798 2382 901 2413 dicare
924 2382 1027 2416 vellet,
1052 2382 1145 2412 etiam
1168 2381 1200 2410 in
1228 2379 1309 2410 bello
1335 2379 1483 2409 adversus

65 2435 160 2466 quam
204 2435 436 2466 supervacuum.
491 2427 536 2457 At
581 2426 754 2457 Gronovius
798 2426 910 2456 Persea
935 2435 990 2455 nos
1015 2425 1120 2465 aliqua
1147 2423 1178 2453 in
1206 2428 1293 2464 parte
1320 2422 1484 2452 socialibus

68 2468 163 2498 etiam
184 2468 341 2508 scripsisse
357 2469 478 2499 Livium
499 2469 606 2504 credit,
631 2476 664 2499 ut
687 2471 710 2499 is
732 2471 755 2499 si
798 2468 905 2499 officiis
927 2478 988 2498 non
1011 2467 1144 2498 defuisse
1166 2465 1364 2500 existimaret,
1387 2475 1484 2506 quum

67 2510 271 2552 nihilfecerit.
307 2511 383 2542 Vid.
398 2512 524 2554 supral.
538 2513 648 2543 XXII.
660 2522 687 2542 c.
705 2513 756 2542 11.
799 2517 934 2542 nostram
959 2510 1110 2541 Romanis
1134 2519 1259 2550 operam
1282 2507 1370 2538 initio
1392 2508 1484 2548 hujus

67 2558 100 2583 et
114 2553 136 2583 l.
152 2554 308 2585 XXXVI.
321 2564 348 2585 c.
361 2555 394 2585 3.
799 2554 873 2585 belli
888 2554 1017 2596 polliciti
1031 2553 1189 2584 fuerimus,
1234 2551 1295 2582 Sed
1310 2551 1335 2580 si
1350 2552 1485 2581 severius

112 2595 133 2625 2
157 2596 197 2626 Et
219 2597 268 2627 hoc
289 2599 339 2637 qui
358 2599 498 2640 sciebant]
523 2597 614 2639 Legit
636 2597 757 2629 Perizo-
801 2607 836 2628 ac
872 2596 995 2637 gravius
1024 2607 1087 2627 rem
1115 2596 1265 2626 aestimare
1290 2593 1381 2631 velit·,
1409 2592 1486 2622 nihil

71 2636 151 2673 nius,
168 2645 195 2668 et
209 2640 258 2669 hoc
273 2641 341 2679 quia
355 2641 490 2671 sciebant.
801 2640 934 2681 amplius
959 2640 1059 2670 facere
1087 2638 1209 2680 poterit,
1247 2646 1339 2678 quam
1375 2641 1409 2665 ut
1424 2677 1429 2682 1
1447 2635 1486 2664 de

114 2681 134 2711 3
170 2681 265 2715 Quam
297 2684 387 2724 quod]
431 2684 513 2725 Lege
549 2695 634 2724 quam
666 2684 758 2723 prosit
800 2689 906 2714 nostra
940 2693 1013 2723 erga
1051 2683 1211 2712 Romanos
1254 2680 1314 2709 fide
1358 2677 1487 2707 dubitet.

146 2745 155 2753 ·
802 2726 910 2756 Dubia
931 2725 988 2756 erit
1008 2725 1075 2767 ejus
1099 2724 1272 2754 sententia:
1304 2731 1364 2750 non
1387 2720 1487 2749 absol·

119 2766 139 2795 4
174 2765 242 2796 Una
274 2769 363 2797 dubia
393 2775 445 2804 est,
481 2775 515 2799 ut
549 2771 669 2810 gravior
703 2769 756 2809 sit]
802 2774 851 2799 vet
866 2779 920 2799 nos
933 2768 1068 2809 quidem,
1084 2767 1137 2797 sed
1152 2777 1206 2796 nec
1222 2762 1391 2794 damnabit-

74 2808 168 2839 Hunc
190 2808 292 2839 locum
313 2810 417 2841 mendi
439 2811 540 2852 arguit
563 2811 756 2843 Gronovius:
844 2813 864 2842 5
888 2811 982 2851 Ulli]
1009 2811 1183 2851 Philippus,
1200 2805 1382 2840 Antiochus,
1398 2809 1489 2845 atque

71 2851 128 2882 sed
154 2851 315 2883 immerito.
373 2853 440 2884 Una
473 2854 634 2889 sententia,
658 2853 759 2895 inqui·
802 2853 895 2885 etiam
911 2855 1051 2885 Perseus.

76 2900 133 2925 unt
156 2894 284 2929 Rhodii,
307 2902 341 2925 ut
368 2897 486 2936 gravior
510 2898 559 2931 sit,
581 2896 613 2926 id
635 2902 691 2931 est,
715 2903 759 2926 et-

136 2950 231 2978 VOL.
256 2951 312 2977 lv.
886 2951 912 2977 O

1489 283 1524 313 ἢ..
1537 283 1573 314 C.
1594 283 1662 313 167.
