1826 3149
349 72 395 104 42
876 66 1022 103 TITI
1073 65 1244 102 LIVII

134 184 175 215 U.
188 185 224 215 C.
238 184 311 214 57¹9.
345 176 486 216 rantia
503 177 647 228 populi
667 176 858 223 Romani,
882 189 930 215 ue
951 175 1038 228 quis
1059 189 1242 228 umquam
1263 188 1303 214 se
1321 178 1463 225 postea
1485 173 1628 212 dedere
1647 171 1769 211 aude-

135 227 175 258 A.
186 227 221 257 C.
243 226 310 256 173.
344 238 418 280 ret,
446 234 620 284 pessimo
660 235 835 284 eoeemplo
874 233 1049 272 venisse.-
1099 239 1138 272 et
1170 233 1383 271 distractos
1419 231 1572 282 passim
1611 228 1644 252 ⁹⁴²
1642 227 1769 282 justis

345 291 541 342 quondam
562 290 737 329 hostibus
755 290 897 341 populi
912 289 1093 328 Romani
1107 290 1270 340 pacatis
1290 288 1452 327 servire.
1516 287 1624 333 Quas
1639 285 1686 324 ob
1707 298 1769 324 res

133 356 258 387 Redimi
281 357 331 398 ju-
337 347 501 398 placere
532 348 703 394 senatui,
726 346 790 386 M.
806 346 1028 397 Popillium
1061 347 1252 385 consulem
1276 345 1461 398 Ligures,
1481 344 1617 395 pretio
1649 348 1769 382 emto-

132 400 253 430 bentur.

128 759 270 789 Consulis

126 807 285 832 contuma-

126 843 187 875 cia.

121 1777 271 1809 Comitia.

343 403 454 446 ribus
481 405 653 451 reddito,
677 404 776 454 ipsis
809 403 1019 442 restituere
1051 403 1095 441 in
1129 402 1349 441 libertatem
1357 417 1374 448 ,-
1419 401 1599 454 bouaque
1626 404 1669 438 ut
1702 399 1766 446 iis,

342 461 541 513 quidquid
577 460 658 512 (jus
690 460 925 512 recuperari
956 459 1098 511 possit,
1131 460 1355 498 reddantur
1389 472 1544 497 curare.
1602 455 1768 496 2⁵Arma

336 518 470 568 primo
491 531 641 570 quoque
660 522 834 568 tempore
855 517 956 568 fieri
977 517 1019 555 in
1040 530 1088 555 ea
1114 522 1247 569 gente.
1269 516 1461 555 consulem
1490 515 1539 554 de
1551 513 1768 566 provincia

338 575 538 623 decedere,
575 587 690 626 quum
725 574 879 612 deditos
920 574 962 612 in
997 574 1123 613 sedem
1159 587 1267 612 suam
1308 572 1484 625 Ligures
1518 571 1769 611 restituisset.

343 631 507 670 Claram
547 631 757 670 victoriam
790 629 1025 670 2θυὶνιειεήιίο
1056 629 1342 684 obpugnantes,
1377 642 1455 668 non
1490 628 1688 668 scevieudo
1724 627 1767 666 in

339 688 535 742 adflictos,
548 688 669 739 fieri.

399 744 483 784 IX.
518 743 689 793 Consul,
722 758 806 798 qua
837 743 990 784 ferocia
1023 743 1147 783 animi
1183 759 1283 784 usus
1318 751 1405 784 erat
1441 743 1482 782 in
1519 740 1765 797 Liguribus,

339 800 525 840 eamdem
546 800 600 840 ad
627 815 708 840 non
739 799 970 854 parendum
1005 800 1165 841 senatui
1197 799 1357 840 habuit.
1420 798 1677 854 Legionibus
1697 811 1767 836 ex-

339 856 494 911 templo
516 856 632 896 Pisas
653 856 693 896 in
725 855 994 896 hibernacula
1024 856 1170 905 missis,
1192 856 1323 897 iratus
1357 855 1568 904 Patribus,
1591 854 1767 895 infestus

337 912 371 939 2⁷
384 913 568 968 praetori,
611 913 788 953 Romam
829 912 975 953 rediit:
1028 921 1259 967 senatuque
1298 912 1507 967 extemplo
1545 911 1599 951 ad
1633 909 1767 950 aedem

339 969 523 1010 Bellonae
558 977 718 1019 vocato,
760 968 903 1009 multis
938 968 1074 1009 verbis
1114 968 1301 1009 invectus
1341 976 1401 1008 est
1436 968 1477 1008 in
1517 975 1763 1023 praetorem:

336 1028 419 1080 qui,
443 1041 558 1080 quum
590 1026 637 1066 ob
669 1040 749 1066 rem
782 1027 908 1065 belloe
939 1025 1034 1065 bene
1058 1032 1226 1079 gestam,
1260 1026 1322 1064 uti
1354 1026 1454 1065 Diis
1488 1023 1768 1064 inmortalibus

335 1085 458 1124 honos
478 1084 704 1131 haberetur,
727 1082 880 1136 referre
900 1084 956 1122 ad
979 1089 1157 1122 senatum
1192 1082 1400 1130 debuisset,
1421 1083 1609 1122 adversus
1625 1096 1665 1121 se
1684 1094 1766 1133 pro

334 1141 512 1181 hostibus
531 1141 908 1181 senatusconsultum
927 1140 1111 1193 fecisset,
1135 1153 1211 1192 quo
1241 1140 1449 1179 victoriam
1482 1153 1591 1178 suam
1613 1139 1669 1177 ad
1689 1137 1766 1177 Li-

329 1212 450 1251 gures
481 1197 736 1251 transferret,
760 1198 929 1249 dedique
960 1198 1012 1236 iis
1031 1210 1163 1249 prope
1194 1197 1385 1236 consulem
1412 1202 1571 1247 praetor
1588 1194 1766 1248 juberet.

331 1256 480 1308 Itaque
499 1256 661 1294 multam
683 1255 721 1293 ei
740 1268 781 1294 se
801 1255 954 1294 dicere.-
997 1268 1023 1292 a
1044 1253 1241 1293 Patribus
1268 1254 1489 1305 postulare,
1512 1258 1555 1292 ut
1585 1258 1766 1292 senatus-

332 1314 548 1352 consultum
590 1313 633 1351 in
672 1326 712 1351 se
744 1311 907 1364 factum
947 1312 1040 1350 tolli
1068 1309 1287 1363 juberent:
1343 1310 1764 1362 supplicationemque,

332 1368 365 1392 23
375 1383 492 1422 qicam
525 1369 706 1408 absentes
727 1383 775 1407 ex
794 1369 940 1415 literis,
963 1369 1011 1407 de
1031 1367 1126 1406 bene
1152 1373 1267 1420 gesta
1295 1367 1501 1419 republica
1535 1367 1674 1414 missis,
1698 1367 1766 1406 de-

332 1440 492 1465 cernere
525 1425 745 1472 debuerint,
761 1431 982 1477 prcesentes
1012 1425 1175 1463 honoris
1198 1425 1375 1464 Deorum
1400 1425 1576 1476 primum
1609 1438 1763 1472 caussa,

333 1484 479 1523 deiude
510 1489 548 1522 et
568 1484 633 1523 sui
663 1483 802 1534 aliquo
823 1482 983 1521 taudem
1005 1487 1196 1533 respectu,
1219 1482 1488 1520 decernerent.
1550 1479 1691 1520 Nihilo
1712 1480 1766 1520 le-

333 1539 532 1589 nioribus,
554 1554 680 1593 quam
713 1539 873 1587 absens,
896 1545 1132 1578 senatorum
1166 1537 1325 1592 aliquot
1357 1536 1613 1578 orationibus
1634 1535 1762 1577 incre-

331 1596 460 1651 pitus,
482 1603 632 1636 neutra
663 1595 885 1650 impetrata
904 1609 963 1643 re,
984 1594 1026 1633 in
1047 1593 1300 1649 provinciam
1331 1593 1438 1634 redit
1447 1597 1465 1632 f.
1526 1592 1650 1633 Alter
1670 1608 1764 1634 con-

333 1652 397 1693 sul
420 1651 676 1700 Postumius,
699 1659 915 1691 consumta
947 1658 1091 1690 aestate
1124 1649 1165 1689 in
1196 1649 1535 1705 recognoscendis
1566 1648 1690 1703 agris,
1712 1664 1763 1690 ne

332 1709 420 1750 visa
439 1708 609 1763 quidem
640 1707 853 1762 provincia
888 1722 976 1757 sua,
999 1705 1258 1747 comitiorum
1291 1721 1434 1746 caussa
1462 1707 1639 1746 Romam
1671 1706 1762 1746 red-

332 1765 392 1806 iit.
427 1765 460 1788 2⁹
473 1765 659 1805 consules
695 1766 742 1805 C.
767 1763 992 1819 Popillium
1029 1763 1262 1812 Laenatem,
1297 1764 1344 1803 P.
1364 1762 1525 1802 AElium
1560 1761 1762 1817 Ligurem

333 1821 497 1863 creavit.
575 1823 782 1861 Praetores
817 1820 995 1861 exindeg
1034 1819 1133 1860 facti
1171 1821 1217 1860 C.
1243 1819 1429 1860 Licinius
1471 1820 1659 1869 Crassus,
1697 1819 1760 1859 M.

451 1935 465 1952 Ε
482 1932 552 1961 bello
566 1941 626 1960 rem
642 1931 709 1960 benc
725 1930 822 1961 Gron.
841 1929 931 1960 CreV.
1061 1925 1075 1949 f
1090 1930 1175 1959 rediit
1192 1929 1282 1960 Eaed.
1409 1931 1425 1956 ἕ
1443 1929 1546 1959 deinde
1562 1927 1650 1958 Eaed.

1075 2045 1118 2076 sie
1144 2046 1310 2087 loquuntur
1340 2043 1453 2075 Latini.
1498 2044 1564 2075 Cic.
1591 2043 1623 2074 in
1653 2044 1762 2080 Bruto,

373 2049 415 2078 24
437 2048 530 2078 Justis
552 2070 560 2078 .
583 2069 591 2077 .
617 2071 625 2078 .
650 2047 785 2087 hostibus]
815 2046 878 2083 Qui
904 2056 975 2077 vere
1002 2052 1033 2076 et

1075 2098 1107 2119 n.
1132 2089 1181 2118 ll.
1216 2089 1268 2119 Vos
1296 2099 1360 2118 vero
1389 2094 1415 2118 et
1429 2094 1600 2127 proesentem
1621 2097 1664 2117 me
1689 2097 1764 2116 cura

331 2092 424 2132 plane
450 2091 554 2121 hostes
582 2090 720 2120 fuerant:
758 2089 819 2125 vel,
845 2089 1031 2130 quibuscum

326 2134 445 2175 justum
460 2133 607 2175 piumque
622 2133 739 2162 bellum
754 2137 874 2173 gestum
896 2137 987 2162 esset.
1075 2132 1185 2167 levans,
1222 2138 1249 2161 et
1279 2132 1387 2161 absenti
1424 2142 1532 2172 magna
1571 2130 1672 2160 solatia
1712 2131 1762 2160 de-

373 2177 415 2207 25
447 2178 538 2206 Arma
565 2178 657 2216 primo
682 2186 790 2215 quoque
819 2181 941 2214 tempore
967 2175 1028 2215 fie-

331 2219 374 2259 ri]
421 2218 554 2249 Addidit
598 2218 741 2259 Sigonius
781 2228 889 2248 vocem
925 2219 1029 2256 primo.

333 2262 479 2292 Ceterum
500 2261 570 2292 ideo
595 2261 686 2302 jubet
710 2266 835 2291 senatus
857 2270 943 2290 arma
965 2260 1029 2290 fieri

331 2304 363 2334 in
380 2315 416 2334 ea
431 2309 533 2344 gente,
549 2309 583 2334 ut
609 2303 764 2334 rescindat
786 2302 818 2332 id
841 2302 923 2343 quod
947 2302 1028 2333 fece-

333 2352 380 2377 rat
396 2347 515 2382 consul,
532 2346 584 2387 qui
601 2357 686 2377 arma
708 2345 934 2376 Statiellatibus
956 2345 1030 2375 ade-

333 2395 441 2425 merat,
467 2400 503 2421 ac
533 2399 613 2420 nova
643 2388 785 2419 fabricari
808 2387 914 2429 procul
937 2387 1031 2418 dubio

331 2437 482 2462 vetuerat.

374 2475 416 2504 26
443 2475 587 2504 Vincenda
607 2473 818 2514 oppugmmtes]
842 2473 941 2503 Recte
959 2472 1031 2502 Cle-

331 2517 412 2548 ricus
424 2530 430 2547 :
455 2518 593 2546 vincendo
605 2522 779 2556 pugnantes.

389 2560 429 2590 27
469 2558 607 2598 Praetori]
648 2559 821 2599 Legebatur
853 2558 1030 2596 primoribus.

333 2601 520 2634 Emendavit
535 2600 688 2642 Sigonius.

383 2646 423 2675 28
459 2645 553 2679 Quam
582 2643 721 2682 absentes]
754 2641 928 2673 Gronovius
963 2652 1029 2671 mu-

332 2694 395 2718 tat:
431 2699 516 2727 quam
544 2688 652 2716 absenti
679 2687 739 2715 sibi.
796 2684 856 2714 Sed
882 2684 1032 2714 debuerat

332 2741 404 2770 ergo
440 2730 589 2770 corrigere
623 2734 654 2759 et
683 2728 717 2759 τὸ
752 2733 914 2767 praesentes
949 2726 1030 2767 quod

333 2772 479 2812 sequitur.
532 2774 612 2802 Sane
643 2777 706 2802 tam
737 2771 843 2801 aberat
865 2774 990 2800 senatus
1013 2779 1031 2798 a,

334 2814 477 2856 Popillio,
495 2826 587 2856 quam
606 2813 757 2856 Popillius
772 2813 810 2844 ab
827 2817 946 2843 senatu.
992 2812 1031 2842 Et

1073 2175 1166 2205 «listis.

1115 2218 1156 2247 29
1192 2217 1329 2248 Consules
1360 2217 1394 2247 C.
1411 2216 1571 2255 Popillium
1599 2215 1762 2250 Loenatem,

1074 2259 1112 2290 Ρ.
1129 2260 1243 2289 AElium
1269 2260 1411 2300 Ligurem
1442 2258 1565 2298 creavit]
1601 2257 1643 2287 Hi
1671 2256 1763 2287 ambo

1071 2301 1161 2342 primi
1203 2302 1241 2332 de
1286 2302 1378 2343 plebe
1423 2300 1565 2331 consules
1602 2299 1694 2330 fuisse
1730 2298 1763 2329 in

1076 2344 1175 2375 Fastis
1200 2343 1384 2386 Capitolinis
1410 2349 1571 2374 notantur:
1611 2347 1704 2383 atque
1730 2340 1763 2372 id

1075 2387 1201 2417 miratur
1231 2398 1250 2417 a
1287 2386 1375 2417 Livio
1414 2385 1653 2428 praetermissum
1695 2394 1761 2414 esse

1076 2429 1213 2470 Pighius.
1259 2429 1320 2459 Sed
1335 2429 1367 2459 hi
1397 2428 1521 2469 quidem
1552 2428 1643 2458 ambo
1671 2425 1763 2468 primi

1074 2472 1113 2502 de
1130 2472 1220 2513 plebe
1250 2471 1391 2502 consules
1416 2470 1629 2511 magistratum
1659 2478 1763 2510 gesse-

1074 2520 1157 2550 runt,
1183 2520 1214 2544 at
1236 2525 1297 2544 non
1318 2513 1408 2555 primi
1432 2513 1527 2543 creati
1542 2517 1624 2543 sunt.
1667 2511 1761 2541 Anno

1075 2556 1157 2586 enim
1173 2562 1281 2597 quarto
1304 2555 1430 2586 secundi
1447 2554 1559 2585 Punici
1580 2553 1654 2585 belli
1670 2554 1760 2584 Mar-

1073 2600 1171 2629 vellus
1186 2598 1364 2640 Sempronio
1389 2598 1533 2629 Graccho
1562 2597 1683 2637 collega
1704 2596 1760 2626 da-

1074 2647 1123 2672 tus
1139 2642 1257 2671 fuerat:
1290 2641 1343 2671 sed
1361 2640 1435 2670 vitio
1456 2645 1578 2670 creatus
1596 2639 1759 2680 magistra-

1074 2689 1140 2713 tum
1156 2683 1322 2714 abdicavit.
1367 2683 1472 2723 Atque
1484 2683 1537 2713 illo
1552 2683 1619 2713 loco
1628 2682 1758 2723 diligen-

1075 2733 1120 2756 ter
1136 2731 1315 2757 annotatum
1331 2736 1349 2755 a
1372 2725 1459 2755 Livio
1475 2731 1531 2760 est,
1548 2731 1611 2755 tum
1627 2725 1759 2766 primum

1075 2769 1151 2799 duos
1167 2769 1307 2799 consules
1322 2767 1459 2809 plebeios
1472 2769 1568 2800 factos
1583 2777 1660 2800 esse.
1683 2765 1759 2798 Vid.

1074 2822 1166 2853 supra
1182 2812 1203 2843 l.
1220 2811 1349 2842 XXIII.
1374 2821 1398 2841 c.
1417 2812 1468 2842 31.
