1831 3194
483 115 599 153 LIB.
630 110 761 149 XLII.
803 110 877 146 CA
895 108 934 144 P.
967 104 1112 143 XLIV.
1450 106 1491 142 71

79 230 226 278 ,talibus
245 230 293 269 de
308 227 469 272 caussis,
488 237 576 278 quae
592 223 661 263 via·
676 219 838 274 querela
855 223 892 258 et
908 213 1228 268 expostulatione
1244 211 1379 265 dignae
1392 215 1496 258 sunl,
1515 216 1553 246 υ.
1565 216 1602 247 c.
1615 216 1689 244 581.

81 302 198 328 arma
218 286 380 338 capitis,
401 288 439 322 et
461 281 619 334 regibus
638 278 756 319 sociis
777 275 880 316 bella
903 273 1077 327 infertis.
1512 259 1550 288 A.
1565 258 1600 288 C.
1619 258 1689 287 171.

85 389 87 391 ,
140 343 322 385 XLIII.
356 341 461 380 Haec
491 336 643 379 dicenti
676 343 766 376 tum
798 331 996 373 adsensus
1024 326 1211 369 Marcius
1241 332 1386 365 auctor
1416 322 1498 363 fuit

80 400 272 455 mittendi
311 400 488 439 Romam
522 392 663 450 legati,
694 404 826 447 quum
860 385 1111 443 experienda
1144 381 1282 423 omnia
1316 380 1370 421 ad
1403 379 1500 420 ulti-

81 474 212 507 mum,
235 472 308 497 nec
328 449 766 510 pi·aeter1nitte11duln‘¹
789 460 902 503 spem
932 443 1058 484 ullam
1090 439 1325 482 censuisset.
1387 436 1500 476 Reli-

82 531 169 571 qua
189 511 436 554 consultatio
457 516 560 558 erat,
582 520 763 571 quonam
785 502 909 544 modo
931 508 1071 541 tutum
1103 498 1182 539 iter
1212 494 1358 550 legatis
1380 500 1496 534 esset.

82 573 136 613 ad
171 571 214 612 id
245 584 375 625 quum
408 580 634 608 necessaria
665 561 812 618 petitio
845 557 1105 599 induciarum
1127 554 1354 601 videretur,
1376 565 1499 605 cupe-

82 637 229 683 retque
262 625 462 673 Marcius,
485 637 621 677 neque
654 618 768 660 aliud
801 613 1021 670 conloquio
1053 612 1238 668 petisset,
1260 615 1431 665 gravate
1459 614 1500 646 et

82 685 115 739 ¹.⁰
128 684 170 726 in
205 698 397 739 magnam
433 679 609 737 gratiam
650 673 830 733 petentis
865 670 1075 712 concessit.
1119 667 1221 708 nihil
1262 665 1371 707 enim
1405 663 1666 704 satislmluciae.

83 749 277 799 paratum
299 740 353 781 ad
382 738 539 780 bellum
561 735 603 776 in
633 730 854 790 praesentia
880 727 1091 770 habebant
1114 723 1308 772 Romani,
1330 736 1413 763 non
1434 736 1504 760 ex-

84 798 275 847 ercitum,
311 812 394 837 non
427 795 601 836 ducem:
639 804 772 847 quum
809 788 986 828 Perseus
1024 783 1085 835 (ni
1127 797 1219 837 spes
1252 794 1359 820 vana
1392 777 1505 834 pacis

85 857 334 905 obcaecasset
356 851 542 905 consilia)
565 848 704 890 omnia
723 851 960 903 praeparata
986 849 1114 896 atque
1146 839 1351 879 instructa
1380 835 1506 875 habe-

87 922 165 963 ret,
188 921 228 954 et
258 927 332 952 suo
362 909 541 951 maxime
572 915 757 960 tempore
779 910 906 956 atque
939 898 1072 939 alieno
1102 895 1295 937 hostibus
1326 892 1506 948 incipere

86 970 245 1011 bellum
273 975 423 1024 posset.
484 965 556 1005 Ab
583 964 661 1003 hoc
683 957 918 1014 conloquio,
940 955 1022 995 fide
1043 952 1305 994 induciarum
1326 950 1508 1004 interpo-

90 1027 182 1077 sita,
205 1026 236 1050 ⁴¹
251 1024 376 1081 legati
399 1019 577 1064 Romani
608 1019 650 1059 in
673 1016 879 1059 Boeotiam
905 1010 1131 1067 comparati
1154 1016 1263 1049 sunt.
1327 1006 1394 1047 Ibi
1419 1006 1507 1061 jam
1523 1011 1653 1043 Boeotiae

89 1092 228 1125 motus
268 1088 449 1137 coeperat
489 1094 591 1127 esse,
632 1070 941 1116 discedentibus
981 1084 1006 1109 a
1045 1067 1239 1108 societate
1279 1061 1509 1103 communis
1522 1062 1630 1086 motus.

89 1141 248 1191 concilii
272 1141 517 1180 Boeotorum
547 1130 799 1189 quibusdam
828 1125 1010 1184 populiS,
1032 1139 1083 1165 ex
1105 1138 1190 1179 quo
1220 1119 1509 1161 renunciatum

91 1206 194 1248 erat,
217 1194 476 1252 respondisse
507 1192 681 1247 legatOS,
707 1186 1014 1242 adpariturum,
1037 1181 1192 1237 quibus
1222 1176 1389 1234 populis
1419 1190 1513 1231 pro-

91 1255 180 1312 prie
202 1254 437 1295 societatem
460 1264 555 1291 cum
576 1262 672 1303 rege
695 1243 819 1300 jungi
841 1238 1130 1296 displicuisset.
1194 1234 1324 1277 Primi
1346 1249 1371 1274 a
1393 1233 1514 1273 Chae-

94 1327 220 1354 ronea
248 1310 391 1367 legati,
413 1306 563 1349 deinde
593 1320 618 1345 a
649 1301 824 1351 Thebis,
846 1298 889 1339 in
922 1297 1012 1352 ipso
1045 1295 1191 1336 itinere
1221 1292 1515 1339 obcurrerunt,

94 1370 361 1424 adfirmantes
382 1380 465 1407 non
494 1359 731 1405 interfuisse
753 1373 809 1408 se,
832 1371 918 1412 quo
939 1353 1111 1394 societas
1132 1366 1180 1392 ea
1200 1350 1367 1390 decreta
1396 1354 1517 1395 esset,

95 1426 291 1477 concilio:
339 1423 447 1480 quis,
489 1418 630 1476 legati,
666 1415 783 1457 nullo
823 1413 865 1454 in
906 1409 1129 1467 praesentia
1168 1421 1363 1462 responso
1403 1404 1518 1452 dato,

99 1483 342 1525 Chalcidem
364 1496 405 1521 se
427 1478 544 1534 sequi
561 1477 790 1532 jusserunt.
844 1467 1004 1510 Thebis
1026 1480 1178 1521 magna
1198 1460 1408 1503 contentio
1429 1467 1522 1500 orta

98 1549 187 1590 erat
209 1556 260 1581 ex
291 1539 372 1580 alio
397 1533 632 1576 certamine.
696 1526 886 1570 Comitiis
915 1521 1121 1580 praetoriis
1144 1522 1389 1561 Boeotorum
1410 1517 1523 1556 victa

97 1614 208 1654 pars,
231 1595 427 1653 injuriam
448 1603 715 1648 persequens,
733 1592 876 1626 coacta
895 1578 1166 1622 multitudine
1189 1577 1403 1617 decretum
1424 1572 1522 1613 feeit

102 1654 276 1703 Thebis,
299 1668 349 1693 ne
373 1647 633 1690 Boeotarchae
656 1642 832 1684 urbibus
852 1638 1147 1693 reciperentur.
1187 1632 1367 1674 Exsules
1390 1630 1524 1670 Thes-

99 1712 189 1768 pias
215 1707 397 1751 universi
427 1708 741 1746 concesserunt:
775 1697 871 1738 inde
895 1692 1069 1750 (recepti
1102 1691 1210 1732 enim
1243 1689 1327 1729 sine
1358 1694 1525 1728 cuncta-

102 1769 213 1811 tione
235 1768 372 1819 erant)
398 1763 584 1811 Thebas,
602 1761 690 1816 jam
721 1753 894 1797 mutatis
924 1750 1085 1800 animis,
1107 1745 1289 1789 revocati
1311 1745 1525 1786 decretum

102 1826 278 1875 faciunt,
300 1831 349 1864 ut
375 1818 611 1867 duodecim,
635 1815 708 1871 qui
738 1810 892 1870 privati
914 1817 1070 1849 coetum
1092 1814 1133 1846 et
1155 1802 1374 1845 concilium
1395 1801 1528 1841 habu-

102 1883 244 1933 issent,
266 1879 410 1922 exsilio
430 1876 724 1918 multarentur.
786 1869 934 1910 Novus
955 1863 1105 1906 deinde
1126 1869 1282 1918 praetor
1306 1856 1529 1910 (Ismenias

103 1941 138 1982 is
168 1947 271 1989 erat,
293 1937 356 1978 vir
386 1933 536 1977 nobilis
566 1947 613 1973 ac
644 1929 812 1985 potens)
845 1921 1033 1979 capitalis
1067 1934 1203 1976 poenae
1236 1917 1426 1958 absentes
1461 1930 1529 1954 eos

105 1998 272 2039 decreto
307 1994 491 2035 damnat.
555 1985 799 2030 Chalcidem
832 1982 1056 2037 fugerant:
1098 1976 1195 2017 inde
1228 1973 1281 2014 ad
1318 1974 1530 2013 Romanos

106 2053 318 2095 Larissam
353 2047 544 2106 profecti,
576 2045 609 2070 ¹³²
623 2056 811 2085 caussam
847 2052 943 2079 cum
975 2037 1127 2076 Perseo
1158 2029 1365 2073 societatis
1395 2029 1437 2069 in
1470 2028 1532 2068 Is-

107 2110 285 2153 meniam
325 2105 600 2148 contulerant.
660 2099 693 2124 ⁴³³
707 2101 777 2140 Ex
819 2092 1082 2138 contentione
1127 2097 1267 2131 ortum
1309 2094 1529 2127 certamen.

108 2167 330 2222 utriusque
351 2172 490 2206 tamen
522 2159 653 2217 partis
688 2154 816 2211 legati
846 2152 901 2193 ad
923 2151 1135 2191 Romanos
1156 2151 1379 2192 venerunt,
1401 2149 1442 2182 et
1465 2157 1534 2181 ex-

111 2225 220 2266 sules
241 2229 585 2274 accusatoresque
608 2212 817 2261 Ismeniae,
840 2217 881 2251 et
906 2205 1107 2248 Ismenias
1127 2204 1226 2260 ipse.

170 2280 340 2323 XLIV.
375 2274 617 2319 Chalcidem
659 2280 706 2312 ut
748 2275 920 2309 ventum
970 2270 1047 2311 est,
1089 2261 1263 2302 aliarum
1304 2255 1535 2297 civitatium

558 2373 574 2397 q
588 2364 866 2408 p1·1tter7nittenclc17n
883 2360 980 2391 Gron.
997 2358 1091 2388 Crev.

158 2460 277 2491 40*1n
317 2468 453 2499 magnam
495 2456 623 2496 gratiam
667 2448 805 2490 petentis]
851 2447 927 2476 foret
953 2442 1068 2474 oratio:
1099 2451 1216 2471 causum
1244 2440 1326 2468 initae
1348 2448 1412 2467 cum
1438 2435 1541 2465 Perseo

120 2506 171 2536 Ita
184 2509 219 2535 ut
241 2513 304 2538 rex,
321 2501 374 2542 qui
397 2499 525 2542 petebat
547 2495 702 2529 inducias,
719 2502 805 2532 mag·
851 2488 1000 2520 societatis.

118 2558 189 2578 nam
216 2545 347 2587 gratiam
373 2554 434 2585 pro«
453 2542 491 2572 iis
517 2538 671 2571 concessis
694 2536 807 2567 debere
896 2532 936 2561 43
962 2530 1007 2559 Ex
1040 2528 1218 2557 contentione
1249 2531 1344 2554 ortum
1377 2520 1537 2559 certamen]

120 2589 287 2620 videretur.
854 2575 933 2605 Haec
966 2571 1027 2602 alio
1060 2569 1239 2600 charactere
1270 2565 1392 2597 edenda
1420 2562 1540 2594 curavi-

164 2632 201 2662 41
229 2631 333 2672 Legati
360 2628 485 2659 Romani
512 2628 543 2656 in
568 2625 707 2655 Birotium
732 2632 806 2652 com-
851 2628 931 2653 mus,
948 2620 1098 2655 tanquam
1113 2612 1198 2642 dicta
1213 2611 1252 2641 ab
1273 2609 1430 2641 exsulibus
1445 2607 1540 2635 Boeo-

118 2676 218 2715 parati
245 2674 328 2714 siim]
369 2670 491 2702 Vitium
525 2678 591 2699 esse
626 2666 747 2696 videtur
777 2663 809 2693 'm
853 2661 902 2691 tis.
948 2657 976 2688 Ii
1006 2666 1117 2697 nempe
1148 2653 1324 2695 significant
1349 2662 1387 2681 ex
1414 2653 1540 2679 conten-

123 2718 217 2748 verbo
267 2716 433 2756 conquir-ati.
493 2711 585 2752 Legit
637 2706 811 2740 Gronovius
854 2703 937 2734 tione
963 2711 1034 2741 quae
1058 2699 1158 2729 suerat
1181 2697 1261 2727 inter
1285 2696 1367 2736 ipsos
1389 2698 1420 2723 et
1442 2692 1541 2721 Isme-

122 2760 260 2790 conrersi.
855 2746 939 2776 niam
962 2743 1000 2773 de
1026 2741 1173 2772 societate
1201 2750 1271 2769 cum
1296 2738 1419 2770 Perseo,
1442 2739 1542 2764 ortum

170 2803 210 2832 42
236 2801 358 2830 Causam
403 2811 467 2830 cum
514 2797 616 2826 Perseo
658 2792 812 2832 societatis}
856 2794 1025 2820 certamen,
1041 2784 1124 2825 quod
1140 2794 1176 2813 eo
1199 2784 1351 2821 eruperat,
1368 2783 1401 2808 ut
1423 2776 1496 2819 ipsis
1511 2775 1542 2806 in

130 2844 261 2875 Videtur
283 2842 333 2873 hic
350 2841 500 2873 excidisse
525 2838 651 2879 aliquod
675 2837 812 2867 verbum.
857 2830 984 2863 exilium
1001 2827 1085 2859 abire
1101 2835 1225 2856 necesse
1247 2824 1332 2853 foret.

129 2888 219 2931 quale
241 2891 317 2917 esset
346 2886 433 2916 inisse.
479 2883 528 2913 Sic
552 2882 633 2912 enim
659 2877 813 2911 rotundior

935 2924 1004 2956 fi
