1831 3194
440 125 559 164 LIB.
590 123 733 162 Xle.
778 123 909 162 CAP.
939 122 1086 161 XXVI.
1409 128 1480 162 145

60 235 229 278 talenta.
261 235 302 276 in
324 245 504 292 utroque
524 250 607 276 non
638 235 762 276 fidem
791 234 916 275 modo
938 250 994 284 se,
1017 232 1088 274 sed
1109 231 1274 273 obsides
1295 246 1478 287 quoque,
1494 247 1535 278 U.
1552 246 1673 277 (2584

61 293 162 334 dare
191 301 385 350 paratum
415 309 517 343 esse,
547 292 806 334 ostendebat.
870 293 1047 333 Perseus
1077 290 1131 332 ad
1161 304 1247 330 rem
1289 288 1481 330 inchoan-
1494 290 1535 321 Α·
1550 291 1588 321 C·
1604 291 1674 320 ¹⁰²³·

59 350 156 390 dam
179 350 483 414 promtissimus
504 358 607 399 erat,
629 344 803 404 cogente
825 358 955 399 metu,
978 356 1020 389 et
1047 347 1100 389 de
1129 345 1346 387 obsidibus
1380 347 1482 387 acci-

61 407 223 462 piendis
263 407 348 448 sine
387 407 585 448 dilatione
625 407 792 460 agebat,
833 413 1181 461 conveneratque,
1224 412 1272 445 ut
1325 403 1483 459 accepti

63 466 231 506 Cretam
262 463 540 506 mitterentur.
601 464 690 504 Ubi
720 464 774 505 ad
803 463 993 519 pecuniae
1024 461 1275 503 mentionem
1310 469 1482 502 ventum

60 530 166 572 erat,
199 521 255 563 ibi
288 521 537 563 haesitabat:
573 520 608 545 3⁵
620 529 662 563 et
695 521 844 576 utique
878 520 1051 561 alteram
1085 519 1126 559 in
1167 518 1271 560 tanti
1307 518 1485 558 nominis

62 578 231 634 regibus
260 586 427 635 turpem
458 594 505 619 ac
535 578 761 629 sordidam,
789 586 832 619 et
862 577 994 627 danti,
1016 585 1057 617 et
1088 575 1220 631 magis
1250 575 1483 631 accipienti,

62 635 292 677 mercedem
314 651 412 676 esse.
475 636 666 677 Malebat
686 635 728 676 in
751 650 865 692 spem
888 635 1093 675 Romanae
1121 633 1234 689 pacis
1261 648 1343 673 non
1368 648 1486 673 recu-

64 707 152 733 sare
191 692 420 749 inpensam,
449 693 522 734 sed
560 708 651 734 eam
687 692 906 749 pecuniam
946 692 1132 748 perfecta
1171 705 1215 731 re
1255 690 1482 737 daturu1n;

61 749 222 791 interea
262 750 544 791 Samothracae
579 750 622 792 in
662 749 819 806 templo
859 748 1162 805 depositurum.
1236 748 1303 789 Ea
1350 746 1487 788 insula

60 820 195 861 quum
226 806 357 863 ipsius
386 807 555 849 ditionis
585 815 706 857 esset,
728 807 869 848 videre
900 807 1112 848 Eumenes
1142 804 1244 845 nihil
1274 804 1485 855 interesse,

61 862 154 905 56ειη
186 864 314 906 Pellae
335 864 513 921 pecunia
532 873 639 906 esset
656 881 664 905 :
698 864 742 905 id
762 879 899 919 agere,
922 872 970 905 ut
991 871 1153 919 partem
1174 861 1358 917 aliquam
1379 876 1486 917 prae-

62 929 220 962 sentem
240 921 380 963 ferret.
443 922 527 972 Ita,
548 921 835 978 nequidquam
857 921 965 962 inter
996 935 1037 962 se
1052 918 1235 977 captati,
1257 918 1359 960 nihil
1381 933 1486 975 prae-

63 986 128 1019 ter
147 978 360 1020 infamiam
380 994 559 1020 movere.

124 1036 302 1077 XXVI.
335 1037 424 1077 Nec
455 1036 546 1077 haec
580 1045 746 1078 tantum
781 1037 933 1078 Perseo
967 1050 1042 1091 per
1077 1033 1294 1076 avaritiam
1330 1022 1391 1076 est
1422 1033 1486 1075 di·
1500 1044 1604 1076 Persei
1617 1054 1690 1077 ava-

64 1091 190 1134 missa
228 1108 308 1143 res,
337 1092 512 1149 ³⁷quu1n
545 1093 765 1150 pecuniam
806 1101 943 1134 tutam
975 1101 1017 1134 et
1048 1107 1193 1148 pacem
1224 1091 1378 1132 habere
1412 1107 1487 1147 per
1499 1088 1579 1120 sitia.

64 1150 315 1201 Eumenem,
331 1165 430 1206 quae
450 1150 517 1191 vel
537 1158 656 1207 parte
677 1149 794 1206 regni
814 1149 1058 1191 redimenda
1077 1157 1198 1199 esset,
1220 1163 1267 1189 ac
1294 1157 1488 1205 receptus

94 1206 306 1248 rotrahere
335 1207 549 1249 inimicum
578 1208 767 1249 mercede
797 1214 1011 1258 onustum,
1033 1215 1075 1248 et
1105 1206 1244 1247 hostes
1273 1205 1423 1247 merito
1449 1206 1487 1247 ei

62 1222 280 1305 {omanos
301 1273 440 1321 posset
460 1265 623 1306 facere:
658 1265 730 1306 sed
751 1264 876 1306 etiam
902 1263 1090 1305 ⁵⁸Gentii
1117 1263 1227 1319 regis
1251 1271 1398 1320 parata
1425 1278 1488 1304 so-

65 1320 207 1372 cietas,
228 1330 270 1363 et
291 1330 383 1364 tum
416 1321 652 1372 Gallorum,
673 1322 901 1363 effusorum
930 1337 1005 1378 per
1037 1320 1272 1378 Illyricum,
1302 1319 1489 1376 ⁵⁹ingens

64 1383 243 1434 agmenq
271 1379 462 1421 oblatum
495 1379 672 1421 avaritia
700 1379 917 1420 dimissum
947 1387 1021 1420 est.
1083 1378 1316 1419 Veniebant
1345 1377 1487 1418 decem
1503 1388 1669 1420 Gallorum

65 1435 197 1477 millia
215 1435 423 1492 equitum,
444 1452 521 1493 par
541 1451 740 1477 numerus
770 1436 1017 1492 ⁴⁰peditum,
1034 1443 1076 1476 et
1097 1434 1283 1490 ipsorum
1309 1435 1490 1490 jungen-
1502 1431 1620 1462 auxilia
1634 1441 1680 1461 re-

65 1492 171 1534 tium
194 1508 364 1534 cursum
385 1493 518 1549 equis,
540 1502 581 1534 et
602 1493 644 1533 in
665 1493 796 1534 vicem
817 1492 1107 1549 prolapsorum
1123 1491 1314 1546 equitum
1336 1506 1490 1532 vacuos
1502 1480 1602 1506 cusat.

66 1549 323 1606 capientium
356 1550 410 1591 ad
436 1565 622 1606 pugnam
652 1565 793 1605 equos.
855 1549 915 1590 Hi
940 1548 1051 1605 pacti
1078 1557 1210 1598 erant,
1233 1564 1359 1604 eques
1381 1548 1491 1588 flde-

69 1622 145 1649 nos
171 1615 399 1662 praesentes
424 1623 586 1657 aureos,
613 1607 739 1662 pedes
763 1606 929 1662 quinos,
951 1606 1062 1647 mille
1084 1605 1173 1646 dux
1194 1621 1350 1646 eorum.
1413 1606 1491 1646 Ve-

72 1663 285 1706 nientibus
305 1663 370 1705 his
387 1665 565 1706 Perseus
585 1664 638 1707 ab
660 1661 824 1721 Enipeo
840 1678 891 1705 ex
916 1662 1061 1705 castris
1084 1662 1298 1719 profectus
1324 1662 1490 1704 obviam

519 1776 536 1802 q
549 1785 654 1816 agmen
666 1771 789 1805 uncinis
803 1773 935 1805 includit
950 1776 1040 1806 Crev.

113 1873 156 1905 35
180 1873 221 1904 Ec
243 1875 345 1914 atique
367 1873 508 1916 alteram]
547 1875 589 1905 Et
613 1884 651 1905 ex
681 1874 759 1905 dua-

70 1916 130 1947 bus
151 1916 215 1947 illis
242 1918 345 1953 rebus,
383 1917 474 1948 unius
508 1917 635 1959 quidem
664 1923 760 1954 certe,

72 1969 185 2002 nempe
214 1970 253 1991 ne
280 1960 365 1991 bello
392 1960 555 1992 interesset
590 1961 760 1998 Eumenes,

71 2002 249 2034 mercedem
262 2009 383 2045 turpem
398 2014 435 2034 ac
450 2003 606 2035 sordidam
620 2014 698 2035 esse.

115 2046 158 2076 36
186 2047 234 2077 An
251 2047 358 2087 Pelloe]
389 2048 502 2078 Nonne
529 2047 642 2078 melius
655 2047 762 2078 videa-

72 2091 146 2119 tur?
162 2091 201 2119 ibi
212 2101 252 2120 an
268 2090 371 2121 Pelloe.

117 2133 156 2162 37
185 2132 285 2167 Quum
310 2134 465 2172 pecuniam
492 2132 603 2174 tutam]
647 2132 763 2163 Emen-

73 2174 129 2206 dat
158 2175 354 2207 Gronovius:
378 2187 468 2216 quum
492 2178 619 2215 pecunia
647 2177 766 2206 tantula

73 2224 128 2248 aut
156 2229 255 2258 pacem
283 2219 386 2249 habe-re
411 2230 464 2258 per
504 2219 673 2255 Eumenem,
703 2229 765 2259 quae

73 2262 118 2291 vel
151 2268 237 2301 parte
272 2263 357 2303 regni
391 2264 560 2292 redimenda
600 2268 679 2299 esset,
713 2268 767 2291 aut

75 2305 210 2345 deceptus
234 2305 404 2344 protrahere
431 2306 583 2336 inimicam
605 2327 614 2337 .
638 2326 647 2335 .
671 2327 680 2336 .
700 2315 764 2343 pos-

79 2354 131 2378 set.
177 2347 353 2378 Protrahere
368 2347 510 2389 intellige
523 2350 667 2379 indicare.
713 2347 765 2378 Sic

74 2389 166 2427 infra,
182 2390 204 2422 l.
220 2391 323 2422 XLV.
339 2401 366 2422 c.
381 2393 412 2422 5.
438 2391 562 2422 Suberat
584 2397 610 2422 et
635 2391 686 2420 ille
706 2401 765 2421 me-

75 2439 133 2469 tus,
162 2444 198 2464 ne
226 2435 384 2464 damnatus
411 2441 558 2465 auctorem
586 2444 615 2465 se
642 2432 767 2475 nefandi

65 2476 216 2518 facinoris
226 2477 419 2516 protraheret.

120 2520 161 2550 38
185 2519 288 2551 Gentii
308 2521 385 2562 regis
403 2526 511 2559 parata
532 2520 662 2561 societas]
704 2517 767 2549 Hic

77 2560 315 2603 intelligendum
329 2567 376 2594 est
400 2561 463 2594 ἀπὸ
487 2563 526 2593 er?
550 2563 627 2594 κοινέ
641 2564 769 2592 avaritia

79 2605 196 2634 dimissa
218 2611 271 2636 est.
314 2605 436 2636 Rursus
471 2615 500 2638 c.
527 2616 593 2647 seq.
637 2606 769 2636 Perseus

79 2645 192 2676 dicitur
206 2645 356 2679 Gentium
371 2659 475 2689 regem
490 2647 547 2679 sibi
572 2647 766 2679 alienavisse.

84 2684 178 2726 Quod
214 2690 340 2730 quidem
368 2701 430 2722 non
459 2696 545 2723 caret
573 2691 769 2722 difficultate.

84 2731 222 2762 Bellavit
247 2733 340 2769 enim,
367 2739 398 2764 et
421 2734 548 2776 quidem
573 2744 687 2775 magno
713 2744 770 2764 suo

81 2774 175 2809 malo,
190 2774 324 2805 Gentius
335 2775 482 2807 adversus
493 2777 665 2808 Romanos.
707 2776 770 2807 Sed

82 2816 228 2848 nimirum
252 2817 370 2848 bellum
408 2819 486 2850 illud
514 2819 619 2861 gessit,
647 2830 710 2850 non
737 2818 770 2850 in

84 2860 217 2901 gratiam
244 2860 362 2896 Persei,
390 2871 452 2892 non
484 2867 635 2904 tanquam
663 2862 770 2893 Persei

83 2902 184 2934 socius
214 2908 307 2944 atque
337 2903 465 2939 amicus,
494 2904 548 2935 sed
576 2905 649 2945 quia
683 2904 772 2935 aliter

137 2959 239 2986 ‘voL.
264 2960 321 2986 IV.

803 1873 905 1905 facere
942 1884 1004 1906 non
1040 1875 1152 1917 potuit,
1180 1879 1344 1916 postquam
1374 1873 1494 1914 legatos

804 1918 1018 1949 Romanorum
1033 1918 1066 1949 in
1080 1918 1205 1949 vincula
1222 1916 1408 1958 conjecerat.

847 1962 888 1991 39
913 1961 1020 2003 Ingens
1043 1973 1148 2003 agmen
1170 1961 1313 2001 oblatum]
1346 1961 1417 1991 Vox
1440 1971 1493 2001 ag-

805 2015 871 2034 men
884 2004 1000 2035 inserta
1014 2010 1072 2041 est,
1087 2004 1263 2047 postulante
1278 2014 1384 2034 sensu.

849 2048 891 2077 40
915 2047 1053 2078 Peditum
1075 2069 1084 2077 .
1108 2070 1115 2077 .
1141 2070 1149 2079 .
1163 2049 1360 2089 jungentium
1379 2057 1497 2076 cursam

807 2090 900 2131 equis]
938 2090 1045 2121 Caesar
1072 2090 1094 2121 l.
1125 2091 1153 2122 Ι.
1181 2089 1220 2120 de
1250 2089 1340 2120 Bello
1371 2088 1497 2120 Gallico

807 2143 872 2163 rem
886 2133 984 2164 fusius
999 2133 1146 2176 explicat.
1192 2133 1243 2163 De
1261 2132 1428 2164 Germanis
1450 2132 1496 2162 lo-

808 2175 934 2217 quitur:
984 2176 1124 2216 Equitum
1167 2177 1263 2206 millia
1305 2184 1390 2205 erant
1425 2186 1496 2205 sex:

809 2220 925 2249 totidem
957 2230 1077 2250 numero
1109 2220 1218 2259 pedites
1260 2219 1427 2248 velocissimi
1468 2223 1497 2247 et

798 2260 969 2303 fortissimi,
996 2274 1063 2302 quos
1097 2274 1129 2292 ex
1164 2262 1241 2291 omni
1272 2263 1354 2301 copia
1386 2261 1498 2302 singuli

807 2305 936 2346 singulos
971 2315 1030 2335 suoe
1065 2306 1168 2335 salutis
1197 2315 1287 2335 causa
1316 2305 1497 2345 delegerant.

811 2347 887 2377 Cum
913 2348 956 2377 his
986 2350 1018 2378 in
1043 2349 1151 2388 praeliis
1175 2353 1352 2378 versantur:
1388 2348 1427 2377 ad
1450 2347 1498 2376 hos

808 2401 836 2420 se
860 2392 966 2431 equites
993 2393 1161 2430 recipiunt:
1191 2391 1231 2426 hi,
1270 2392 1294 2420 si
1329 2391 1399 2430 quid
1434 2396 1497 2420 erat

809 2435 925 2469 durius,
956 2435 1192 2470 concurrebant;
1229 2434 1335 2473 siqui,
1362 2434 1498 2474 graviore

809 2477 931 2507 vulnere
956 2483 1081 2517 accepto,
1117 2488 1188 2517 equo
1223 2477 1402 2510 deciderant,
1438 2477 1498 2505 cir-

810 2520 1023 2551 mmsis-cebant.
1068 2520 1100 2550 Si
1127 2532 1182 2560 qao
1208 2525 1271 2549 erat
1295 2520 1409 2559 longius
1431 2529 1497 2558 pro-

811 2563 973 2598 deundum,
1016 2569 1068 2593 aut
1119 2563 1240 2593 celerius
1288 2563 1498 2600 recipiendum,

812 2611 897 2635 tanta
932 2612 996 2635 erat
1032 2606 1137 2636 horum
1171 2606 1372 2636 emere-itatione
1397 2603 1499 2633 celeri-

811 2654 865 2683 tas,
892 2654 926 2678 ut
945 2649 1030 2687 jubis
1053 2659 1192 2690 equmum
1216 2648 1356 2678 sublevati
1382 2656 1500 2676 cursum

811 2692 1010 2731 adoequatent.

857 2734 895 2764 41
923 2734 1020 2764 Denos
1037 2755 1045 2763 .
1068 2756 1078 2765 .
1103 2756 1111 2764 .
1134 2733 1251 2774 aureos]
1279 2731 1377 2761 Binas
1391 2728 1500 2760 uncias

813 2782 965 2807 nostrates
986 2787 1057 2807 cum
1079 2776 1219 2807 dimidia.
1267 2774 1386 2808 Qniuos.
1431 2772 1501 2802 Sin-

813 2820 903 2860 gulas
924 2820 1035 2851 uncias
1056 2830 1127 2849 cum
1151 2822 1262 2858 quarta
1280 2815 1380 2846 unciae
1404 2821 1502 2856 parte.

815 2862 911 2935 inlIe.
968 2863 1095 2893 Mai-cas
1121 2864 1271 2891 nostrates
1301 2860 1352 2889 31.
1396 2857 1505 2889 uncias

898 2961 921 2986 L
