1816 3159
48 1713 80 1742 Si
96 1712 172 1751 quid
188 1713 220 1741 in

47 1764 227 1785 aerumnoso

47 1798 100 1826 illo
116 1799 221 1826 labore

47 1849 104 1869 nos
119 1841 213 1879 fugit,

48 1892 212 1920 ignoscen-

47 1926 136 1954 dum.

46 2560 111 2590 Cur
126 2559 206 2589 nulli

46 2603 145 2632 additi
161 2602 226 2632 sint
262 2616 271 2625 ·

45 2645 198 2680 asterisci,

45 2688 101 2726 qui
110 2687 248 2717 remitte-

47 2734 118 2760 rent
126 2730 165 2758 ad
175 2738 249 2760 auc·

46 2777 153 2801 torum
171 2780 225 2802 no-

48 2815 148 2845 mina.
210 2808 212 2818 '

271 78 369 128 xcii
770 75 1229 126 PRAEFATIO.

272 227 320 266 et
342 233 550 281 quoerere
584 234 681 264 non
697 225 951 280 pateretur
984 220 1078 266 otii
1101 218 1258 265 nostri
1279 216 1430 264 ratio·
1504 214 1620 263 Hoc
1647 221 1720 263 ta-

273 311 387 343 men
426 294 603 356 Augiae
643 293 891 341 stabulum
935 294 1248 356 purgandum
1274 290 1492 355 aggressi
1517 308 1687 339 sumus
1709 310 1719 338 ε

270 371 516 434 ingratum
544 387 691 437 supra
714 387 863 433 quam
891 370 988 417 dici
1016 370 1172 433 possit
1195 371 1432 429 laborem,
1457 376 1506 417 et
1531 369 1720 417 fastidii

271 448 633 513 plenissimum,
678 455 726 495 et
772 448 837 494 ad
879 447 1129 511 operarios
1176 447 1477 511 bajulosque
1503 446 1721 509 relegan-

273 526 409 573 dum.
467 525 604 579 Quot
623 525 690 572 ibi
710 526 820 573 fixae
838 525 981 573 nobis
1001 524 1196 573 cruces!
1234 532 1353 589 quot
1372 524 1610 572 molestiae
1630 524 1716 572 de-

270 603 526 650 vorandae!
566 603 796 651 Fecimus
815 609 998 660 tamen,
1014 610 1257 667 quantum
1277 602 1415 651 licuit
1438 619 1526 666 per
1549 601 1720 649 imma-

271 697 386 729 nem
433 680 501 728 rei
549 680 916 728 difficultatem:
966 697 1062 728 nec
1099 680 1252 727 otium
1297 687 1542 735 nostrum,
1577 679 1715 743 quod

269 758 463 806 nullum
490 766 579 815 est,
603 759 688 806 sed
717 759 872 806 bonas
892 775 1024 822 saepe
1043 765 1093 805 et
1116 758 1200 805 diu
1226 758 1371 804 horas
1392 756 1715 804 contrivimus

269 835 319 882 in
362 852 461 884 uno
503 843 589 884 aut
626 836 782 885 altero
825 837 1026 884 verbulo
1050 835 1326 883 undeunde
1350 834 1716 896 investigando,

268 913 318 960 in
334 915 596 974 captandis
615 914 829 962 obscura
846 914 1121 961 admodum
1143 911 1450 959 divinatione
1470 912 1543 958 vel
1565 911 1718 974 scrip-

268 999 428 1040 torum
465 991 766 1047 nominibus,
806 991 881 1038 vel
926 991 1159 1038 librorum
1210 988 1442 1049 numeris,
1480 988 1714 1036 miseran-

267 1070 388 1117 dum
426 1070 475 1116 in
503 1070 708 1117 modum
737 1069 1052 1124 deformatis,
1079 1066 1344 1115 truncatis:
1383 1066 1607 1113 mutilata
1632 1065 1716 1112 ab·

266 1147 517 1202 solvimus,
539 1147 812 1209 depravata
838 1145 1158 1200 correximus,
1187 1144 1358 1191 luxata
1382 1150 1431 1190 et
1456 1142 1586 1190 male
1611 1142 1714 1190 col-

264 1225 431 1272 locata
451 1240 476 1270 e
495 1222 635 1270 tertia
651 1222 900 1269 interdum
927 1229 1043 1268 ante
1068 1228 1243 1284 postve
1267 1220 1447 1284 pagina
1472 1220 1522 1267 in
1547 1220 1716 1268 locum

265 1318 406 1350 suum
446 1300 802 1355 revocavimus,
844 1299 1076 1363 quaedam
1115 1298 1258 1346 etiam
1302 1298 1504 1351 omnino
1530 1297 1714 1344 omissa

266 1379 569 1434 addidimus,
613 1386 668 1425 ut
708 1377 904 1441 ubique,
946 1377 986 1424 si
1024 1376 1127 1424 fieri
1169 1382 1356 1439 posset,
1382 1392 1470 1422 sua
1495 1374 1639 1421 rebus
1662 1373 1715 1420 in

262 1462 503 1505 contextu
528 1454 690 1518 operis
716 1453 1000 1501 memoratis
1026 1459 1280 1501 constaret
1305 1452 1602 1500 auctoritas:
1629 1452 1710 1499 cui

262 1533 579 1582 adstruendae
608 1531 647 1579 si
671 1531 874 1595 quando
901 1529 1165 1593 scriptores
1192 1528 1530 1577 Freinshemio
1550 1530 1715 1591 junio-

260 1627 336 1658 res
360 1609 527 1658 idonei
550 1617 704 1665 erant,
729 1624 817 1656 eos
843 1608 995 1656 citare
1019 1614 1172 1656 testes
1197 1624 1298 1655 non
1323 1608 1460 1656 veriti
1485 1624 1673 1656 sumus.

327 1689 477 1743 Quod
503 1688 552 1735 in
577 1687 824 1749 ejusmodi
848 1686 1054 1749 negotio
1080 1702 1181 1734 non
1206 1685 1372 1733 omnia
1397 1686 1459 1733 ad
1494 1702 1602 1733 eam
1629 1685 1713 1732 ab-

261 1765 561 1814 solutionem
587 1766 825 1829 perducta
846 1772 974 1821 sunt,
1001 1772 1055 1811 ut
1079 1763 1200 1812 nihil
1228 1764 1430 1811 omnino
1457 1764 1707 1811 desidera-

261 1842 300 1891 ri
323 1850 488 1906 queat,
508 1842 649 1890 facile
674 1840 985 1890 condonabit
1009 1858 1181 1905 aequus
1207 1841 1379 1888 lector.
1451 1840 1511 1887 In
1536 1839 1704 1887 melio-

259 1936 360 1967 rem
396 1927 526 1968 certe
561 1920 945 1983 nitidioremque
985 1919 1139 1966 multo
1181 1919 1393 1967 formam
1438 1919 1701 1966 redactum

260 2014 371 2045 esse
409 1997 553 2044 facile
590 1996 699 2060 ipso
736 1996 915 2044 intuitu
941 1996 1301 2060 deprehendet,
1330 1995 1557 2060 quisquis
1582 1995 1708 2044 hanc

257 2073 527 2122 editionem
562 2089 676 2121 cum
716 2072 994 2134 Dujatiana
1036 2071 1318 2122 contulerit.
1393 2071 1528 2126 Quin
1565 2079 1614 2120 et
1648 2089 1708 2120 ea

258 2168 369 2215 quae
393 2150 571 2215 requiri
595 2159 820 2214 possunt,
847 2167 948 2198 non
970 2150 1040 2198 ita
1063 2150 1235 2208 multa,
1254 2157 1302 2198 et
1325 2166 1476 2214 parva
1494 2150 1709 2213 plerum-

257 2245 354 2292 que
372 2235 514 2276 sunt:
554 2229 954 2293 confidimusque
974 2229 1105 2277 hanc
1115 2230 1222 2291 jam
1247 2227 1529 2285 utilitatem,
1554 2245 1705 2292 quam

257 2306 503 2370 spectavit
539 2305 923 2361 Freinshemius,
963 2322 1026 2354 ex
1049 2305 1157 2367 ejus
1181 2321 1329 2369 opere
1352 2306 1707 2368 percommode

258 2383 372 2447 capi
397 2400 559 2447 posse,
584 2390 638 2432 ut
660 2400 775 2432 cum
803 2382 1091 2446 cognitione
1114 2399 1278 2430 rerum
1303 2382 1436 2430 adsit
1463 2382 1704 2445 expedita

258 2461 322 2509 ad
347 2462 508 2509 fontes
531 2461 809 2510 recurrendi
835 2461 1062 2509 facultas.

324 2538 485 2586 Erunt
520 2539 729 2586 fortasse
769 2538 947 2603 quibus
972 2538 1243 2603 placuisset
1265 2536 1484 2600 insigniri
1506 2536 1699 2585 insertis

259 2634 311 2665 in
346 2616 506 2680 ipsum
547 2616 707 2680 operis
745 2632 925 2680 corpus
968 2615 1231 2671 asteriscis,
1258 2615 1333 2662 vel
1370 2613 1602 2671 numeris,
1627 2615 1703 2661 vel

259 2693 447 2753 litteris,
465 2694 604 2742 locos
629 2709 714 2741 eos
741 2693 805 2740 ad
831 2711 957 2757 quos
982 2693 1243 2740 referenda
1267 2698 1382 2739 sunt
1407 2692 1702 2754 scriptorum

258 2770 309 2820 in
328 2772 546 2835 margine
572 2772 897 2834 allegatorum
924 2771 1141 2820 nomina.
1214 2770 1405 2823 Quibus
1431 2770 1470 2818 si
1494 2770 1589 2818 hoc
1609 2769 1703 2832 pri-
