1805 3174
594 81 1051 132 PRAEFATIO.
1479 85 1539 132 vii

99 223 232 271 mine
275 222 651 278 commendatae,
695 221 893 284 egregio
935 219 1211 268 vestiuntur
1245 221 1539 283 optimorum

97 301 573 364 lectissimorumque
607 300 874 363 splendore
898 300 1172 347 verborum.
1220 299 1333 345 Jam
1353 316 1439 362 pro
1465 318 1538 347 ar-

97 386 449 440 gumentorum
475 378 724 435 varietate,
750 379 901 425 modo
939 377 1129 424 exultat
1154 376 1395 423 audacius
1433 393 1538 423 ora-

96 455 179 510 tio,
206 463 253 503 et
277 457 463 519 grande
500 456 684 520 aliquid
713 473 770 503 ac
793 455 1001 503 sublime
1038 461 1198 514 sonat,
1222 455 1372 501 modo
1407 472 1539 502 sum-

96 533 319 581 missiore
339 535 560 598 quodam
588 541 636 581 et
658 533 958 581 modestiore
982 550 1144 588 cursu,
1166 549 1358 595 semper
1376 538 1541 580 tamen

95 627 208 658 cum
242 612 458 675 quadam
497 611 754 674 dignitate,
783 612 949 658 fertur.
1022 610 1159 657 Nihil
1197 626 1311 657 vero
1349 609 1541 657 mirabi-

94 687 202 744 lius,
223 705 372 752 quam
393 690 648 753 quomodo
669 688 898 737 versatile
918 687 1097 751 pariter
1117 689 1181 735 ad
1200 687 1364 735 omnia
1387 687 1539 750 scrip-

95 765 216 812 toris
242 766 511 828 ingenium,
537 782 704 814 eorum
730 765 946 813 omnium
971 781 1096 828 quos
1122 765 1382 828 loquentes
1407 764 1539 822 facit,

93 860 268 891 senum
287 861 344 892 ac
362 844 619 906 juvenum,
639 844 935 908 privatorum
955 843 1414 905 magistratuumve,
1437 841 1541 889 Ro-

93 937 353 969 manorum
380 929 429 969 et
452 919 684 977 hostium,
713 938 902 981 sensus,
923 920 1130 976 animos,
1157 919 1352 966 habitus
1375 917 1445 965 ita
1468 917 1541 965 in-

94 999 215 1060 duit,
240 1005 294 1047 ut
317 998 388 1046 illi
413 999 505 1062 ipsi
529 1015 632 1046 non
655 999 832 1046 melius
864 998 1015 1045 modo
1041 1004 1125 1044 aut
1148 998 1423 1051 venustius,
1451 994 1538 1042 sed

91 1093 155 1123 ne
202 1075 366 1138 aptius
413 1076 616 1139 quidem
662 1075 1025 1137 decentiusque
1064 1074 1229 1120 dicere
1268 1071 1536 1134 potuerint.

92 1152 269 1216 Itaque
305 1153 500 1213 jamdiu
543 1153 677 1200 docti
715 1169 886 1200 omnes
926 1167 1105 1214 magno
1146 1166 1396 1198 consensu
1441 1149 1540 1195 iere

90 1230 143 1279 in
169 1229 463 1285 Quintiliani
500 1230 812 1286 sententiam,
838 1229 923 1292 qui
960 1228 1155 1276 Livium
1186 1244 1297 1275 esse
1326 1225 1539 1288 judicat,

89 1325 233 1371 quum
247 1309 299 1355 in
315 1310 561 1356 narrando
579 1310 716 1357 miroe
718 1308 1052 1372 jucunditatis
1063 1306 1411 1367 clarissimique
1427 1321 1536 1352 can-
1552 1318 1620 1352 Lib.
1631 1321 1673 1353 x.
1685 1332 1711 1353 c.
1725 1323 1751 1352 1.

90 1386 238 1440 doris,
264 1393 364 1432 tum
388 1387 441 1432 in
470 1385 778 1433 concionibus
802 1401 949 1449 supra
972 1399 1114 1446 quam
1135 1383 1355 1430 enarrari
1376 1391 1539 1445 potest

90 1463 397 1526 eloquentem.

156 1538 237 1587 Ex
262 1538 359 1585 illis
384 1546 550 1586 tamen
587 1538 891 1587 orationibus
924 1537 1111 1586 crimen
1144 1537 1197 1585 in
1219 1554 1330 1585 eum
1368 1538 1531 1597 oritur,
1546 1554 1749 1586 Liviocrimi-

1545 1598 1576 1628 ni
1586 1598 1668 1629 datae
1681 1609 1748 1629 ora-

90 1622 329 1680 tanquam
352 1616 403 1663 in
419 1616 476 1665 iis
501 1623 551 1664 et
567 1618 716 1664 fidem
743 1616 956 1664 historiae
980 1615 1267 1678 neglexerit,
1288 1621 1335 1662 et
1361 1631 1643 1671 exces-ffiones
1658 1647 1689 1672 et

91 1694 206 1742 serit
228 1694 451 1743 modum.
523 1693 636 1744 Nec
654 1695 841 1742 levibus
867 1711 986 1742 sane
1003 1693 1289 1741 auctoribus
1309 1693 1415 1740 haec
1440 1692 1531 1740 cri·
1544 1683 1724 1716 ⁰⁰n⁰i⁰¹²⁶⁵·

90 1771 294 1820 minatio
329 1771 515 1827 nititur,
542 1789 571 1819 a
596 1770 842 1834 Pompeio
878 1770 1043 1833 Trogo
1074 1769 1189 1817 olim
1228 1769 1457 1830 conjecta
1477 1769 1692 1834 insust1n21.

89 1849 299 1908 Livium,
326 1854 376 1896 et
400 1848 549 1895 hodie
577 1864 776 1911 quoque
803 1864 832 1894 a
856 1846 1156 1894 doctissimis
1191 1829 1732 1908 ingeniosissi-{{f(l³111'

90 1927 284 1991 misque
317 1925 431 1973 viris
467 1932 717 1981 renovata,
743 1931 808 1981 et,
833 1925 969 1988 quod
995 1923 1156 1985 majus
1192 1929 1283 1979 est,
1310 1923 1528 1970 unanimi

90 2005 189 2052 fere
222 2002 565 2051 historicorum
603 2003 748 2064 hujus
784 2002 873 2049 aevi
908 2018 1156 2050 consensu
1191 2001 1528 2064 comprobata,
1543 2016 1714 2068 ananiel

89 2082 175 2147 qui
200 2097 370 2128 omnes
387 2081 448 2128 ab
474 2080 721 2142 ejusmodi
746 2079 1089 2135 concionibus,
1109 2078 1376 2142 praesertim
1404 2095 1529 2141 quas
1541 2060 1726 2134 Ξῗὲἒῐζῖζ,

91 2165 275 2207 vocant
322 2158 550 2215 directas,
588 2157 864 2206 inserendis
909 2157 961 2206 in
1006 2156 1335 2204 narrationem
1389 2171 1528 2203 suam

90 2236 384 2285 abstinuere.

157 2314 339 2377 Neque
362 2329 454 2375 ego
489 2318 745 2376 receptum
779 2312 931 2361 hodie
953 2327 1136 2360 morem
1172 2310 1530 2373 reprehendere

91 2391 264 2447 ausim,
288 2407 440 2455 quem
476 2390 683 2438 fortasse
707 2390 856 2438 etiam
879 2389 1126 2438 historicae
1161 2387 1387 2450 gravitati
1411 2403 1529 2435 con-

90 2468 441 2516 venientiorem
467 2484 577 2516 esse
601 2483 702 2515 non
725 2469 904 2515 frustra
920 2468 1155 2529 jactatur.
1224 2465 1464 2513 Attamen
1488 2463 1529 2510 si

92 2551 320 2592 auctores
344 2544 395 2592 in
427 2553 686 2608 utramque
714 2551 917 2607 partem,
943 2544 983 2591 si
1007 2542 1251 2590 rationum
1276 2546 1528 2589 momenta

92 2621 352 2684 diligenter
382 2621 765 2685 perpendantur,
789 2620 878 2669 erit
913 2636 1033 2668 sane
1058 2635 1146 2667 cur
1179 2617 1371 2665 Livium
1406 2632 1526 2678 prae-

92 2715 297 2764 propere
322 2699 557 2746 damnare
581 2714 850 2746 vereamur.

159 2776 209 2825 Si
231 2775 468 2839 gravitate
492 2783 747 2825 auctorum
785 2775 1221 2838 exemplorumque
1245 2786 1319 2817 res
1347 2767 1524 2830 dijudi-

770 2865 793 2893 A
819 2859 845 2892 4·
