1831 3194
482 105 602 144 LIB.
632 105 777 142 XLIV.
815 105 934 142 CAP.
966 104 1081 142 XIII.
1396 108 1467 143 133

52 212 190 255 valida
221 212 388 255 defendi
408 229 532 255 manu
565 213 963 264 animadverterunt,
986 211 1102 253 irrito
1130 212 1293 265 incepto
1315 211 1463 253 Deme·
1478 222 1516 252 U.
1531 219 1655 252 ⁶:583.

50 269 225 312 triadem
257 279 417 325 petunt.
480 270 547 311 Ibi
568 286 699 326 quum
722 270 1104 326 adpropinquantes
1136 269 1295 323 repleta
1314 263 1654 310 1noeniaA·C·¹⁶⁹·

49 328 218 369 armatis
240 328 450 377 vidissent,
473 327 730 382 praetervecti
753 328 806 370 ad
830 327 972 368 Iolcon
993 325 1163 366 classem
1182 324 1462 380 adpulerunt3

49 383 160 431 inde,
183 400 283 439 agro
304 391 479 435 vastato,
503 384 811 425 Demetriadem
834 399 1002 440 quoque
1023 382 1270 438 adgressuri.

109 441 250 482 XIII.
284 442 400 482 Inter
430 441 518 482 haec
549 449 589 482 et
620 441 777 491 consul,
800 456 851 482 ne
882 440 1017 496 segnis
1047 439 1207 481 sederet
1238 446 1403 481 tantum
1423 437 1465 479 in

49 511 150 552 agro
183 497 355 548 hostico,
389 498 451 538 M.
471 498 697 553 Popillium
728 513 822 538 cum
853 497 1038 553 quinque
1072 496 1256 537 millibus
1285 495 1464 536 militum

47 553 101 593 ad
125 554 365 595 Meliboeam
398 555 544 596 urbem
579 554 904 611 obpugnandam
938 553 1081 595 mittit.
1143 553 1231 595 Sita
1259 552 1381 594 estin
1404 567 1466 592 ra-

50 609 212 651 dicibus
243 612 359 652 Ossae
388 612 555 662 montis,
586 627 671 667 qua
700 620 819 666 parte
848 611 889 651 in
922 610 1182 651 Thessaliam
1214 609 1362 665 vergit,
1393 623 1465 663 op-

49 675 228 719 portune
263 667 464 709 inminens
500 684 624 723 super
659 667 982 710 Demetriadem.
1058 667 1224 708 Primus
1259 666 1465 708 adventus

48 722 230 765 hostium
265 725 441 778 perculit
475 725 628 767 incolas
662 725 763 766 loci:
808 723 1002 766 conlectis
1037 723 1185 764 deinde
1220 739 1270 764 ex
1302 723 1464 778 necopi-

46 788 143 820 nato
164 795 316 835 pavore
346 782 507 832 animis,
529 782 769 824 discurrunt
802 781 949 822 armati
970 780 1024 821 ad
1056 788 1197 834 portas
1216 796 1263 820 ac
1296 780 1464 830 moenia,

45 851 131 891 qua
160 839 340 892 suspecti
370 839 511 880 aditus
539 847 680 880 erant:
728 853 927 893 spemque
962 836 1171 890 extemplo
1213 836 1464 888 inciderunt,

44 893 135 947 capi
157 895 292 948 primo
312 895 457 949 inpetu
478 911 609 950 posse.
671 895 844 937 Obsidio
865 894 995 950 igitur
1015 894 1256 948 parabatur,
1278 902 1320 935 et
1340 908 1467 948 opera

46 951 408 1007 obpugnationum
448 953 536 993 fieri
570 961 718 1005 coepta.
784 953 976 1001 Perseus,
1007 966 1140 1007 quum
1180 950 1378 1000 audisset,
1415 950 1466 991 si-

46 1008 134 1048 mul
168 1009 412 1050 Meliboeam
444 1025 469 1050 a
501 1009 679 1050 consulis
713 1007 899 1049 exercitu
933 1007 1181 1062 obpugnari,
1212 1006 1335 1047 simul
1366 1006 1467 1047 clas-

46 1080 131 1105 sem
164 1065 267 1106 Iolci
310 1074 432 1116 stare,
469 1074 516 1107 ut
559 1065 654 1106 inde
685 1063 996 1106 Demetriadem
1032 1063 1346 1119 adgrederetur,
1379 1064 1467 1103 Eu-

46 1121 292 1174 phranorem
326 1123 549 1178 quemdam
571 1137 622 1163 ex
643 1121 822 1163 ducibus
854 1135 949 1161 cum
981 1120 1152 1161 delectis
1183 1120 1350 1160 duobus
1376 1119 1467 1160 mil-

46 1178 155 1218 libus
190 1178 432 1220 Meliboeam
453 1179 595 1220 mittit.
627 1179 760 1219 eidem
792 1178 1058 1231 imperatum,
1080 1184 1143 1227 ut,
1167 1175 1199 1216 si
1220 1192 1245 1216 a
1266 1176 1468 1217 Meliboea

47 1235 321 1277 submovisset
363 1238 588 1285 Romanos,
631 1234 941 1277 Demetriadem
978 1233 1091 1288 prius
1125 1232 1290 1274 occulto
1322 1232 1467 1274 itinere

46 1291 234 1343 intraret,
257 1308 383 1348 quam
411 1294 464 1334 ab
488 1293 603 1334 Iolco
623 1293 676 1333 ad
698 1293 844 1333 urbem
869 1299 1005 1332 castra
1039 1298 1251 1331 moverent
1275 1290 1466 1331 Romani.

49 1350 108 1390 Et
137 1349 190 1390 ab
220 1350 581 1406 obpugnatoribus
612 1349 841 1399 Meliboeae,
864 1363 996 1404 quum
1026 1347 1069 1388 in
1099 1346 1381 1401 superioribus
1410 1347 1469 1387 lo-

46 1405 104 1447 cis
142 1415 311 1461 repente
351 1406 625 1461 adparuisset,
666 1421 761 1447 cum
813 1404 1088 1459 trepidatione
1141 1403 1276 1444 multa
1325 1403 1469 1444 relicta

48 1477 175 1516 opera
195 1471 307 1514 sunt,
328 1463 519 1519 ignisque
539 1463 728 1519 injectus.
760 1462 820 1503 ita
848 1477 873 1502 a
893 1461 1095 1501 Meliboea
1126 1460 1360 1500 abscessum
1391 1468 1465 1501 est.

50 1520 321 1573 Euphranor,
343 1520 479 1561 soluta
509 1519 633 1560 unius
660 1518 777 1559 urbis
810 1517 1037 1567 obsidione,
1061 1515 1371 1557 Demetriadem
1398 1532 1467 1558 ex-

50 1576 205 1631 templo
226 1576 354 1618 ducit.
376 1592 450 1618 nec
471 1584 562 1618 tum
595 1575 746 1616 moenia
777 1575 916 1623 modo,
938 1573 1010 1614 sed
1042 1589 1163 1629 agros
1190 1572 1315 1613 etiam
1334 1572 1468 1614 740011-

50 1633 232 1674 fiderunt
263 1649 304 1674 se
333 1649 358 1674 a
386 1633 728 1689 populationibus
758 1631 866 1673 tueri
896 1645 1037 1685 posse:
1084 1638 1125 1670 et
1156 1629 1394 1682 eruptiones
1426 1630 1468 1672 in

51 1705 178 1746 vagos
198 1690 466 1744 populatores
494 1705 577 1730 non
607 1689 692 1730 sine
719 1687 962 1729 vulneribus
992 1686 1175 1728 hostium
1205 1686 1328 1727 factae
1358 1696 1466 1728 sunt.

52 1747 332 1788 Circumvecti
365 1755 503 1788 tamen
535 1745 688 1787 moenia
719 1753 816 1787 sunt
848 1752 1004 1799 praetor
1024 1752 1065 1784 et
1085 1758 1174 1792 rex,
1197 1743 1323 1784 situm
1354 1743 1470 1785 urbis

51 1804 392 1858 contemplantes,
424 1803 457 1844 si
487 1818 571 1858 qua
599 1810 718 1856 parte
747 1810 910 1843 tentare
943 1808 1017 1842 aut
1050 1814 1173 1854 opere
1203 1808 1276 1841 aut
1306 1799 1347 1839 vi
1379 1815 1470 1854 pos-

52 1869 153 1903 sent.
216 1862 347 1902 Fama
375 1860 471 1909 suit,
504 1875 577 1914 per
605 1858 904 1915 ⁷⁵Cydanteme
937 1859 1176 1898 Cretensem
1207 1864 1247 1897 et
1277 1856 1471 1898 Antima-

52 1918 192 1969 chum,
215 1917 286 1973 qui
323 1917 581 1959 Demetriadi
613 1924 806 1972 praeerat,
828 1922 1025 1957 tractatas
1045 1913 1152 1955 inter
1174 1914 1408 1953 Eumenem
1428 1922 1470 1956 et

54 1976 206 2016 Persea
239 1974 494 2015 conditiones
535 1973 739 2015 amicitiae.
771 1973 824 2012 ab
860 1970 1128 2012 Demetriade
1168 1978 1277 2010 certe
1313 1970 1472 2011 absces-

55 2047 147 2073 sum
177 2040 250 2073 est.
312 2032 524 2071 Eumenes
553 2031 607 2072 ad
628 2029 837 2071 consulem
858 2028 1051 2083 navigat:
1083 2026 1335 2082 gratulatus,
1358 2028 1472 2081 qnod

55 2102 250 2143 prospere
272 2086 565 2129 Macedoniam
591 2087 799 2136 intrasset,
822 2086 1076 2140 Pergamum
1096 2084 1138 2124 in
1159 2098 1335 2138 regnum
1356 2083 1443 2125 abit
1451 2083 1471 2124 f.

55 2145 244 2186 Marcius
272 2144 451 2201 Figulus
482 2152 651 2198 praetor,
673 2150 791 2196 parte
823 2141 961 2182 classis
987 2140 1030 2181 in
1049 2140 1224 2181 hiberna
1258 2139 1473 2181 Sciathum

55 2203 191 2252 missa,
223 2217 319 2242 cum
364 2201 533 2256 reliquis
577 2200 754 2242 navibus
782 2198 980 2239 ⁷⁶Oreum
1024 2196 1200 2238 Boeotiae
1230 2196 1351 2250 petit,
1382 2212 1472 2238 eam

54 2260 201 2301 urbem
235 2258 490 2313 aptissimam
519 2266 650 2308 ratus,
675 2256 784 2297 unde
813 2254 1077 2302 exercitibus,
1100 2253 1172 2308 qui
1204 2253 1245 2294 in
1275 2254 1473 2294 Macedo-

55 2317 137 2368 nia,
173 2315 328 2371 quique
370 2315 412 2356 in
444 2314 662 2356 Thessalia
701 2320 832 2362 erant,
868 2311 979 2352 mitti
1009 2318 1262 2351 commeatus
1291 2319 1470 2363 possent.

58 2374 123 2414 De
145 2374 334 2414 Eumene
354 2387 451 2428 rege
472 2372 593 2427 longe
614 2370 777 2411 diversa
806 2368 991 2410 tradunt.
1055 2367 1098 2408 Si
1120 2366 1284 2407 Valerio
1305 2367 1472 2408 Antiati

55 2430 212 2481 credas,
233 2445 308 2473 nec
328 2428 454 2470 classe
475 2428 670 2485 adjutum
691 2427 744 2468 ab
765 2441 812 2467 eo
834 2433 1056 2480 praetorem
1077 2439 1177 2474 esse,
1200 2438 1330 2479 quum
1363 2438 1473 2479 saepe

421 2553 436 2570 e
454 2549 566 2589 Cydam
580 2549 668 2579 Crev.
796 2544 811 2567 f
824 2547 895 2577 abiit
911 2546 1008 2577 Gron.
1025 2544 1114 2576 Crev.

114 2647 401 2689 74‘Confidermzt]
455 2648 594 2678 Observa
638 2657 746 2689 parum
791 2645 920 2677 Euboeae
948 2644 1066 2678 insulae,
1095 2653 1157 2674 non
1193 2643 1335 2674 Boeotiae.
1393 2643 1475 2683 Iaege

60 2689 184 2722 omnino
218 2691 365 2722 usitatum
398 2691 533 2726 verbum,
560 2701 614 2732 pro
649 2702 700 2721 con
725 2692 748 2720 si
789 2698 861 2729 ergo
889 2688 995 2718 Oreum
1022 2686 1145 2717 Euboeae.
1190 2687 1302 2726 Neque
1325 2684 1406 2715 enim
1431 2684 1475 2714 vi-

61 2739 142 2764 sunt·
790 2731 867 2762 tium
892 2736 938 2762 est
962 2730 994 2760 in
1019 2729 1141 2760 nomine
1166 2729 1259 2763 urbis,
1282 2737 1376 2767 quum
1398 2726 1477 2761 infra

107 2776 148 2806 75
180 2775 306 2818 Cydam]
348 2776 398 2807 Sic
433 2774 585 2818 Sigonius.
644 2775 747 2806 Antea
790 2785 818 2805 c.
841 2774 893 2804 30.
938 2773 1087 2804 Octavius
1120 2777 1239 2812 praetor,
1269 2769 1320 2810 qui
1357 2769 1478 2804 Marcio

66 2820 239 2855 Czsdantem.
792 2815 948 2851 successit,
973 2815 1092 2846 dicatur
1121 2815 1178 2844 isse
1209 2813 1315 2843 Oreum
1337 2814 1376 2842 ad
1405 2813 1478 2843 clas-

90 2855 149 2892 '76
175 2861 281 2891 Oreum
304 2861 439 2902 Boeozioe]
472 2862 588 2893 Oreum
610 2860 681 2891 urbs
704 2864 750 2891 est
793 2871 859 2892 sem.

871 2914 901 2941 K
920 2906 943 2940 3
