1826 3149
141 180 184 212 U.
198 181 233 211 C.
247 181 320 212 581.

139 224 182 255 A.
194 223 233 254 C.
251 225 321 255 171.

141 291 293 324 Delectus

139 333 289 367 intentior

139 387 226 409 cura.

139 694 193 724 23.
209 699 316 725 centu-

138 735 238 767 riones
252 737 338 768 citati
351 735 501 777 larunt,

138 793 157 813 a
172 781 301 811 tribunis

136 823 204 855 mil.
220 824 325 865 adpel-

137 867 204 897 lant
219 868 315 897 tribu-

137 919 192 940 nos
203 911 247 952 pl.

354 60 403 100 62
881 66 915 104 Τ
928 68 945 105 Ι
957 67 990 106 Τ
1003 69 1021 106 Ι
1063 70 1097 107 L
1112 71 1127 107 I
1142 69 1205 107 VI
1221 69 1238 107 I

355 169 517 212 Licinio
567 172 829 224 Macedonia,
872 177 920 216 C.
958 178 1099 219 Cassio
1142 178 1267 220 Italia
1308 180 1488 221 obvenit.
1563 181 1770 239 Legiones

354 227 449 269 inde
480 228 613 270 sortiti
644 238 752 270 sunt.
785 231 919 286 prima
939 241 979 274 et
1001 235 1124 276 tertia
1152 235 1195 277 in
1218 236 1505 278 Macedoniam
1537 240 1773 295 trajicerem

353 292 438 334 tur,
465 286 646 327 secunda
675 294 715 326 et
746 296 898 341 quarta
928 299 975 331 ut
1008 291 1049 331 in
1083 293 1207 333 Italia
1240 304 1510 335 remanerent.
1571 296 1770 338 Delectus

353 342 541 383 consules
572 343 707 383 multo
746 343 1023 397 intentiorem,
1058 363 1183 403 quam
1224 350 1337 400 alias,
1371 366 1511 391 curam
1547 352 1767 394 habebant.

354 397 542 439 Licinius
571 407 729 439 veteres
769 415 938 456 quoque
973 404 1177 447 scribebat
1216 406 1366 447 milites
1401 408 1766 465 centurionesque:

353 462 394 494 et
415 454 537 496 multi
557 455 773 497 voluntate
800 458 966 500 nomina
993 460 1163 512 dabant,
1186 462 1286 518 quia
1309 463 1535 519 locupletes
1557 466 1769 516 videbant,

352 510 426 565 qui
461 511 597 566 priore
632 512 903 555 Macedonico
938 516 1061 567 bello,
1092 527 1165 559 aut
1201 519 1400 561 adversus
1435 522 1693 563 Antiochum
1728 524 1769 564 in

353 567 471 617 Asia,
494 567 699 623 stipendia
724 569 918 612 fecerant.
981 574 1121 624 Quum
1144 575 1300 617 tribuni
1331 577 1510 618 militum
1537 578 1770 621 6centurio-

348 637 439 673 nes,
461 624 533 664 sed
562 625 743 680 primum
764 642 989 684 quemque,
1010 630 1200 682 citarent,
1222 640 1305 674 tres
1326 642 1367 674 et
1389 634 1536 690 viginti
1565 636 1769 677 centurio-

352 694 437 729 nes,
461 679 533 735 qui
563 681 718 736 primos
743 683 848 738 pilos
869 685 1092 737 duxerant,
1114 688 1229 730 citati
1260 690 1449 731 tribunos
1478 692 1610 746 plebis
1630 693 1770 748 adpel-

563 738 663 779 Duo
693 755 743 779 ex
774 741 960 797 collegio,
985 744 1047 783 M.
1072 745 1249 787 Fulvius
1271 747 1461 788 Nobilior
1492 757 1533 789 et
1558 751 1620 789 M.
1645 750 1770 791 Clau-

351 792 444 833 dius
467 794 710 845 Marcellus,
726 796 779 836 ad
800 798 987 839 consules
1007 801 1269 856 rejiciebant:
1302 804 1319 830 7
1332 805 1484 845 Eorum
1503 808 1769 860 cognitionem

349 863 430 889 esse
451 850 603 900 debere,
627 853 767 905 quibus
795 855 978 903 delectus,
1002 858 1218 911 quibusque
1236 860 1376 901 bellum
1406 864 1638 903 mandatum
1659 872 1768 905 esset.

350 906 489 956 ceteri,
520 912 749 962 cognituros
778 925 830 959 se,
855 913 903 951 de
933 927 1010 965 quo
1041 916 1244 967 adpellatz'
1272 925 1411 967 essent,
1438 919 1626 967 aiebant3
1661 928 1711 970 et,
1735 924 1771 962 si

350 962 651 1017 injuria‘fieret,
674 968 871 1008 auxilium
891 970 1041 1011 civibus
1060 973 1227 1014 laturos.

408 1021 650 1063 XXXIII.
684 1024 756 1064 Ad
778 1025 972 1066 subsellia
1001 1028 1265 1071 tribunorum
1296 1047 1360 1072 res
1387 1033 1600 1088 agebatur.
1633 1051 1681 1075 eo
1704 1037 1765 1076 M.

350 1077 555 1133 Popillius
582 1080 823 1130 consularis,
845 1082 1086 1135 advocatus,
1108 1087 1382 1139 centuriones,
1404 1098 1445 1130 et
1476 1092 1617 1132 consul
1649 1108 1768 1134 venc-

348 1142 459 1174 runt.
523 1136 731 1177 Consuleg
752 1137 848 1178 inde
877 1140 1120 1194 postulanti,
1144 1151 1190 1184 ut
1219 1144 1260 1184 in
1286 1146 1478 1187 concione
1504 1162 1551 1187 ea
1580 1163 1643 1188 res
1674 1165 1768 1204 age-

347 1198 479 1241 retur,
500 1192 683 1247 populus
712 1193 754 1234 in
776 1196 1011 1237 concionem
1042 1199 1278 1242 advocatus.
1342 1203 1425 1243 Pro
1457 1205 1769 1247 centurionibus

350 1247 413 1286 M.
458 1248 676 1304 Popillius,
713 1251 787 1306 qui
827 1251 992 1294 biennio
1032 1263 1128 1297 ante
1167 1258 1310 1298 consul
1350 1259 1502 1310 fuerat,
1543 1260 1602 1302 ita
1641 1264 1768 1304 verba

346 1301 469 1344 fecit:
518 1305 733 1348 Militares
761 1308 937 1350 homines
968 1318 1007 1351 et
1033 1311 1266 1365 ⁸stipendia
1287 1314 1421 1369 justa,
1450 1324 1488 1357 et
1517 1332 1700 1371 corpora,
1729 1327 1769 1361 et

346 1366 480 1409 cetate,
510 1368 550 1402 et
581 1365 757 1405 assiduis
790 1366 1008 1418 laboribus,
1036 1369 1215 1422 conjecta
1246 1372 1419 1413 hahere:
1450 1375 1558 1414 nihil
1586 1390 1771 1418 recusare

346 1422 493 1466 tamen,
517 1433 592 1472 quo
614 1422 744 1462 minus
763 1436 923 1474 operam
946 1425 1206 1478 ‘'rez'puhlz'cae
1236 1429 1344 1470 dent.
1375 1431 1422 1470 id
1450 1438 1604 1472 tcmtum
1627 1435 1768 1487 depre-

344 1475 446 1522 cari,
469 1489 519 1515 ne
548 1477 764 1531 inferiores
796 1481 849 1520 iis
880 1483 1054 1530 ordines,
1081 1498 1197 1537 quam
1229 1500 1336 1539 quos,
1364 1501 1478 1541 quum
1512 1491 1766 1542 militassent,

343 1530 587 1582 habuissent,
633 1536 976 1579 adtribuereniur.
1039 1541 1086 1581 P.
1125 1541 1313 1583 Licinius
1352 1545 1493 1586 consul
1535 1545 1568 1569 ¹⁰
1583 1556 1766 1590 senatus-

343 1588 559 1630 consultah
578 1591 741 1632 recitari
757 1593 907 1648 jussit:
939 1596 1137 1650 primum,
1160 1599 1274 1653 quod
1299 1600 1455 1641 bellum
1477 1611 1643 1645 senatus
1665 1606 1764 1646 Per-

343 1658 411 1684 seo
426 1645 641 1699 jussisset:
664 1648 829 1699 deinde,
852 1652 966 1705 quod
988 1651 1019 1676 Π
1032 1661 1191 1694 veteres
1212 1657 1471 1698 centuriones
1488 1674 1613 1714 quam
1634 1661 1764 1716 pluri-

340 1714 457 1741 mum
479 1701 533 1742 ad
563 1702 605 1743 id
635 1704 793 1746 bellum
815 1707 936 1748 scribi
958 1709 1196 1761 censuisset,
1218 1726 1292 1752 nec
1313 1713 1402 1763 ulli,
1425 1715 1498 1770 qui
1529 1731 1610 1757 non
1631 1719 1765 1775 major

341 1756 458 1797 annis
488 1759 795 1816 quinquaginta
824 1772 944 1813 esset,
971 1766 1225 1808 vacationem
1255 1769 1413 1811 militiae
1444 1787 1541 1813 esse.
1603 1775 1763 1831 Depre-

341 1821 459 1854 catus
479 1823 540 1856 est
561 1816 725 1868 deinde,
748 1834 797 1858 ne
818 1834 917 1861 novo
947 1822 1060 1872 bello,
1084 1831 1166 1864 tam
1190 1828 1423 1880 propinquo
1442 1829 1595 1879 Italiae,
1620 1833 1763 1872 adver*

341 1883 407 1910 sus
431 1886 560 1925 regem
588 1876 923 1926 potentissimum,
946 1886 1017 1920 aut
1047 1881 1229 1922 tribunos
1262 1885 1445 1933 militum,
1470 1887 1657 1928 delectum
1687 1890 1763 1930 lta-

585 1963 602 1988 ἓ
621 1961 740 1993 consuli
756 1965 854 1996 Gron.
870 1966 963 1997 Crev.
1094 1969 1110 1993 h
1125 1973 1406 2003 senatusconsultum
1423 1974 1510 2004 Eaed.

383 2042 403 2072 6
428 2044 626 2082 Centuriones,
666 2050 714 2077 sed
757 2051 884 2088 primum
930 2064 1028 2092 quem-
1071 2054 1214 2086 videntur
1264 2058 1465 2099 exponenda:
1529 2065 1757 2094 senatusconsul-

339 2086 408 2126 que]
441 2087 561 2118 Vocula
584 2091 631 2119 sed
656 2091 780 2122 omnino
803 2093 856 2123 ,hic
880 2105 1027 2137 superva-

339 2137 398 2158 cua
413 2134 479 2167 est;
503 2141 539 2161 ac
563 2131 684 2163 videtur
708 2134 795 2165 nobis
818 2137 945 2178 prodere
970 2139 1026 2169 ali-

338 2170 420 2210 quod
459 2172 516 2202 hoc
559 2173 626 2205 loco
664 2177 820 2208 mendum.
882 2180 1027 2212 Libenter

338 2212 532 2253 legeremus:
580 2217 778 2256 Centurimzes,
806 2225 1028 2255 vetusmsimum

337 2266 484 2296 quemque·

381 2299 428 2327 7*
441 2299 551 2330 Eorum
588 2305 776 2343 cognitionem
817 2317 873 2337 esse
910 2310 1024 2350 debere]

337 2339 388 2370 De
411 2343 574 2383 postulatis
602 2347 816 2378 centurionum
841 2359 1025 2390 cognoscere

335 2387 367 2412 et
381 2388 516 2415 statuere
532 2385 644 2418 debere
660 2399 712 2419 eos
728 2390 840 2430 quibus
857 2414 866 2422 .
883 2414 890 2422 .
909 2415 918 2424 .

378 2426 585 2466 8⁴⁸Stz'pendia
608 2432 711 2471 justa]
750 2433 875 2464 Justum
907 2446 943 2467 ac
978 2437 1023 2468 le-

333 2466 475 2508 gitimum
492 2470 714 2511 stipendiorum
729 2485 903 2507 numerum.

375 2511 397 2541 9
420 2511 613 2554 Reipublicae]
641 2517 710 2546 Hoc
731 2517 861 2549 debetur
884 2519 1021 2561 Sigonio,

333 2562 430 2593 quum
457 2554 541 2596 prius
570 2556 722 2597 legeretur
750 2564 854 2599 populo
881 2562 1021 2595 Romano.

334 2595 458 2638 Nempe
474 2597 527 2628 ille
550 2605 640 2640 putat
654 2602 834 2642 trajectione
850 2604 1021 2637 litterarum

332 2645 497 2679 peccatum
521 2651 587 2672 esse
613 2653 629 2673 a
652 2643 794 2681 librariis,
811 2647 864 2687 qui
890 2648 1021 2690 scripse-

332 2680 394 2711 rint
410 2682 450 2712 P.
466 2682 506 2714 R.
521 2694 575 2725 pro
592 2685 630 2714 R.
649 2686 687 2717 P.

379 2724 418 2753 10
440 2725 724 2759 senatusconsultum
760 2732 878 2761 recitari
909 2735 1019 2772 jussit:

331 2767 469 2803 primum,
499 2771 573 2808 quod
602 2772 706 2802 bellum
733 2779 847 2803 senatus
871 2797 879 2805 .
904 2797 912 2805 .
938 2798 946 2805 .
969 2778 1019 2806 de—

332 2808 411 2843 inde,
441 2812 530 2852 quod]
564 2813 642 2844 Haec
672 2814 697 2845 si
727 2815 846 2856 integra
869 2823 950 2854 sunt,
974 2818 1018 2850 sic

1072 2103 1134 2128 tum
1156 2101 1276 2129 recitari
1292 2102 1395 2139 jussit,
1413 2102 1500 2144 cujus
1522 2103 1580 2134 hoc
1604 2111 1670 2136 erat
1694 2108 1758 2145 pri-

1070 2151 1149 2171 mum
1179 2148 1284 2184 caput,
1308 2145 1381 2183 quod
1410 2146 1515 2175 bellum
1543 2154 1657 2178 senatus
1683 2149 1757 2179 Per-

1069 2193 1112 2212 seo
1146 2186 1296 2222 jussisset:
1345 2186 1475 2219 alterum
1520 2190 1623 2220 deinde
1666 2190 1756 2229 illud,

1071 2228 1156 2265 quod,
1177 2233 1237 2258 etc.
1283 2228 1344 2259 Sed
1366 2230 1465 2271 magis
1486 2231 1641 2272 placeret:
1666 2233 1757 2265 Sena-

1072 2271 1251 2300 tusconsuslta
1297 2273 1419 2301 recitari
1452 2275 1566 2312 jussit:
1614 2278 1757 2315 primum,

1069 2322 1123 2350 quo
1163 2319 1280 2343 senatus
1324 2314 1428 2345 bellum
1466 2316 1570 2347 Perseo
1607 2321 1757 2357 jussisset:

1069 2355 1183 2391 deinde,
1212 2367 1267 2395 quo
1290 2378 1298 2386 .
1324 2379 1333 2387 .
1357 2379 1366 2388 .
1388 2379 1396 2387 .
1425 2361 1586 2391 censuisset.
1631 2361 1757 2394 Deinde

1068 2395 1163 2427 etiam
1198 2398 1361 2430 mallemus
1394 2401 1499 2430 bellum
1533 2413 1599 2432 cum
1636 2404 1755 2436 Perseo:

1068 2438 1142 2480 quia
1165 2439 1209 2470 ita
1235 2441 1356 2471 locutus
1378 2448 1425 2472 est
1448 2443 1566 2480 Livius,
1589 2446 1611 2475 1.
1628 2446 1751 2478 XXXI.

1067 2490 1096 2511 e.
1111 2482 1142 2512 8.
1159 2488 1190 2512 et
1204 2482 1224 2512 1.
1240 2484 1399 2515 XXXVI.
1416 2495 1444 2516 c.
1460 2487 1492 2517 2.
1536 2487 1682 2529 Denique
1698 2500 1753 2521 no-

1065 2523 1113 2553 bis
1149 2531 1326 2566 suspectum
1362 2532 1409 2557 est
1445 2529 1572 2560 verbum
1604 2533 1754 2570 jussisset.-

1065 2566 1139 2605 quia
1159 2569 1265 2606 jubere
1289 2569 1395 2611 populi
1424 2576 1482 2607 est,
1507 2578 1631 2604 senatus
1654 2576 1752 2606 decer-

1064 2619 1143 2644 nere,
1166 2621 1290 2642 censere.
1333 2612 1430 2649 Infra,
1454 2624 1484 2644 c.
1505 2615 1558 2645 36.
1581 2627 1670 2655 quum
1682 2620 1751 2657 jam

1064 2651 1169 2681 bellum
1197 2655 1260 2694 regi
1289 2665 1386 2684 eorum
1408 2676 1416 2684 .
1440 2678 1448 2685 .
1474 2678 1483 2687 .
1505 2664 1532 2687 et
1556 2665 1672 2691 senatus
1700 2663 1749 2692 de-

1064 2700 1176 2730 cresset,
1191 2702 1218 2725 et
1229 2697 1353 2735 populus
1357 2700 1500 2737 jussisset.

1109 2737 1143 2766 ll
1174 2737 1284 2769 Veteres
1317 2743 1497 2772 centuriones
1532 2755 1618 2783 quam
1649 2746 1750 2784 pluri-

1062 2779 1157 2819 mum]
1180 2780 1264 2822 Lege
1293 2792 1363 2813 eum
1387 2784 1543 2816 Gronovio
1569 2798 1654 2827 quam
1681 2789 1749 2826 plu-

1062 2831 1157 2853 ''⁵2m080
