1816 3159
295 77 385 126 xlii
789 77 1245 127 PRAEFATlo.

297 227 342 266 et
368 216 614 265 ffIatthoeo
649 216 877 267 Vieturio
902 218 1045 281 hnjus
1068 219 1202 267 urbis
1218 225 1433 283 proetore
1455 222 1743 268 constantis-

296 297 416 343 simo
449 297 783 355 intercedente,
809 313 869 344 ex
893 296 1209 345 historiarum
1234 298 1460 361 parentis
1502 295 1566 345 T.
1600 297 1743 345 Livii

297 374 496 430 ossibus,
516 392 621 437 qua>
650 374 737 422 hoe
762 375 945 422 tumulo
962 376 1249 432 conduntur,
1269 375 1519 423 brachium
1540 375 1723 424 Patavi
1730 382 1748 401 ὃ

297 454 423 500 cives
440 454 491 499 in
506 469 675 500 munus
689 469 952 501 concessere
975 470 1100 500 anno
1129 452 1320 502 Christi
1343 454 1596 501 millesimo
1631 469 1747 515 qua·

299 532 680 595 dringentesimo
699 533 1097 597 quinquagesimo
1107 533 1287 596 primo,
1311 531 1477 580 XIV.
1499 531 1751 580 Kalendas

301 607 619 670 Septembres.
692 607 769 655 Ea
803 615 910 655 tum
945 615 1049 656 erat
1085 608 1359 672 principum
1395 626 1597 673 quoque
1628 608 1752 655 viro-

299 701 406 731 rum
433 701 491 732 ac
528 701 697 747 regum
722 684 773 732 in
808 684 997 733 litteras
1035 702 1304 750 earumque
1340 686 1586 734 antistites
1623 701 1751 748 pene

301 762 532 825 religiosa
568 761 846 809 veneratio:
897 779 925 809 a
961 779 1061 826 qua
1095 769 1290 810 tantum
1328 762 1752 825 degeneravimuS,

302 846 358 887 ut
380 839 495 887 talia
521 839 673 887 hodie
698 839 930 902 exempla
949 839 1337 887 memorantibus
1358 839 1501 887 venia
1520 855 1647 902 opus
1672 838 1752 886 sit.

306 917 568 972 Nimirum,
593 924 832 979 quantum
860 916 1083 980 pecuniae
1116 917 1499 981 divitiarumque
1523 916 1680 980 pretio
1707 923 1757 964 et

307 994 624 1042 admirationi
649 994 878 1052 accessit,
908 1003 1099 1043 tantum
1127 997 1191 1043 de
1215 1013 1339 1044 verae
1365 995 1529 1044 laudis
1555 1000 1605 1043 et
1630 995 1753 1043 doc-

306 1072 443 1119 trinae
468 1073 657 1120 honore
683 1074 932 1121 decedere
959 1091 1164 1122 necesse
1193 1082 1286 1122 est.

375 1150 628 1213 Expensis
653 1150 710 1197 iis
737 1151 968 1199 omnibus
988 1171 1099 1216 quae
1126 1154 1190 1200 ad
1212 1152 1409 1200 Livium
1431 1153 1592 1215 ipsum
1619 1167 1760 1214 spec-

309 1234 432 1283 tant,
461 1229 568 1290 jam
607 1229 671 1276 ad
708 1229 815 1289 ejus
853 1229 1070 1277 editores
1107 1230 1502 1294 interpretesque
1540 1237 1758 1276 transea—

310 1322 436 1353 mus.

733 1396 748 1413 ²
766 1395 906 1434 Melius
924 1398 1121 1441 videretur,
1142 1396 1338 1433 Patavini.

623 1824 905 1877 CAPUT
947 1824 1456 1878 SECUNDUM.

351 1975 437 2016 DE
469 1974 625 2016 L1V11
662 1974 1056 2017 EDITORIBUS
1083 1975 1166 2017 ET
1197 1974 1725 2018 INTERPRETIBUS.

102 2164 203 2196 Arne.
220 2164 250 2193 1.
318 2134 644 2197 DlGNUM
670 2163 792 2194 sane
816 2154 922 2194 erat
944 2145 1070 2194 Livii
1096 2163 1239 2210 opus,
1265 2146 1345 2195 cui
1372 2146 1690 2204 illustrando,
1718 2152 1768 2194 et

102 2209 156 2237 DF,
173 2218 216 2237 ns
234 2217 293 2239 QUI

102 2251 132 2280 J.
152 2251 251 2280 Fam.

103 2293 243 2323 Gnoso-

103 2346 192 2366 leM
209 2346 269 2365 AN-

103 2388 290 2408 TECESSERE

102 2421 140 2452 T.
158 2422 250 2450 len

104 2474 261 2494 nomom-

106 2518 176 2537 nus.

318 2230 512 2278 mendis
537 2247 649 2294 quae
676 2246 761 2294 per
782 2229 1025 2278 incuriam
1060 2229 1456 2294 imperitiamque
1481 2230 1766 2294 praeceden-

318 2310 437 2357 tium
463 2308 748 2357 seculorum
782 2308 834 2355 in
869 2308 994 2357 illud
1030 2308 1328 2371 irrepserant
1360 2308 1639 2364 liberando,
1667 2314 1769 2355 stu-

321 2388 457 2435 dium
481 2395 530 2436 et
554 2403 756 2451 operam
792 2386 1143 2449 impenderent
1167 2385 1254 2433 viri
1277 2385 1406 2433 inter
1429 2385 1672 2433 litteratos
1695 2384 1769 2432 in-

319 2466 463 2529 genio
481 2473 529 2512 et
548 2465 779 2512 doctrina
798 2464 1073 2514 clarissimi.
1126 2463 1239 2512 Hoc
1258 2463 1426 2527 itaque
1444 2478 1640 2510 summa
1654 2478 1767 2511 cum

320 2560 409 2591 sua
433 2542 602 2597 laude,
620 2550 668 2590 et
693 2559 875 2605 magno
902 2543 1184 2606 reipublicae
1204 2541 1448 2591 litterariae
1466 2542 1601 2590 bono
1620 2541 1768 2605 pluri-

320 2620 386 2667 mi
412 2619 699 2684 praestitere,
721 2637 932 2683 quorum
950 2621 1171 2681 nomina,
1191 2620 1376 2684 etquid
1397 2619 1608 2684 quisque
1629 2619 1770 2667 Livio

320 2697 601 2754 contulerit,
625 2704 676 2745 et
710 2714 809 2761 quo
836 2715 968 2745 anno
1006 2715 1151 2745 suum
1176 2698 1399 2745 laborem
1434 2698 1620 2762 publici
1645 2697 1771 2759 juris

320 2776 506 2838 feccrit,
523 2782 748 2826 recenset
770 2776 819 2827 J.
841 2776 882 2824 F
887 2776 976 2824 rid.
998 2776 1284 2825 Gronovius
1304 2776 1354 2824 in
1375 2776 1667 2840 praefatione
1682 2791 1772 2823 sua
