1831 3174
142 220 180 250 U.
192 220 228 249 (t.
243 219 315 250 576.

138 263 177 293 A.
192 264 229 294 C.
245 262 315 292 176.

133 1125 314 1156 Provinciae.

352 101 397 139 16
892 99 1026 136 TITI
1068 98 1229 136 LIVII

351 208 586 258 scriberent,
609 216 648 248 et
679 216 887 248 trecenosz
912 207 1096 262 equites;
1129 216 1169 248 et
1200 208 1305 248 dena
1334 206 1460 247 millia
1489 206 1676 262 peditum
1707 222 1768 249 so·

349 265 421 305 ciis
451 264 688 320 nominique
723 264 889 313 Latino,
912 272 952 304 et
983 272 1198 305 sexcenos³
1216 265 1463 319 imperarent
1494 263 1664 319 equites.
1698 264 1765 304 Ti.

351 321 529 362 Claudio
549 329 818 377 prorogatum
839 328 900 361 est
925 320 1143 376 imperium
1174 321 1215 361 in
1245 320 1287 361 id
1309 329 1487 377 tempus,
1509 335 1593 376 quo
1612 319 1655 361 in
1674 334 1769 377 pro-

348 378 523 418 vinciam
545 378 686 418 consul
708 377 895 418 venisset.

406 436 504 475 XV.
537 435 651 475 Dum
682 435 733 474 de
763 434 826 474 his
856 434 979 475 rebus
1009 434 1050 474 in
1082 443 1225 476 senatu
1255 434 1408 490 agitur,
1436 436 1511 476 Cn.
1537 433 1766 484 Cornelius,

349 500 542 533 evocatus
563 507 586 532 a
607 491 777 541 viatore,
800 506 932 546 quum
961 491 1117 547 templo
1146 506 1334 547 egressus
1363 499 1482 541 esset,
1504 490 1645 546 paullo
1668 498 1768 570 lpost

348 548 470 589 redii't
500 548 670 588 confuso
702 547 836 597 vultu,
859 556 899 588 et
929 548 1120 603 exposuit
1150 548 1346 589 Patribus
1375 546 1629 603 conscriptis,
1649 546 1665 570 6
1697 547 1770 587 bo-

346 605 407 645 vis
443 604 674 653 sescenaris,
711 619 834 659 quem
868 604 1159 654 immolavisset,
1190 604 1223 628 ⁶²
1229 606 1350 660 jecur
1379 604 1611 645 defluxisse.
1653 603 1696 644 id
1727 618 1768 644 se

345 661 572 701 victimario
602 660 813 702 nuncianti
843 676 991 716 parum
1022 662 1270 711 credentem,
1292 661 1427 716 ipsum
1457 676 1607 716 aquam
1639 660 1769 701 effun-

346 718 388 758 di
418 734 468 758 ex
498 718 593 767 olla,
624 717 696 758 ubi
729 726 824 758 exta
859 726 1150 773 coquerentur,
1176 717 1370 774 jussisse:
1414 726 1454 759 et
1484 717 1634 758 vidisse
1663 725 1769 758 cete-

346 790 432 814 ram
468 774 671 830 integram
706 783 866 829 partem
901 784 1109 824 extorum,
1138 776 1259 830 jecur
1288 790 1407 815 omne
1441 773 1768 815 inenarrabiliter

346 832 596 872 absumtum.
660 831 837 872 Tel-ritis
867 847 914 871 eo
947 831 1138 887 prodigio
1170 831 1381 880 Patribus,
1412 840 1453 872 et
1488 831 1591 872 alter
1626 829 1768 871 consul

346 903 486 928 curam
511 888 685 944 adjecit:
718 887 791 943 qui
822 903 877 937 se,
900 888 1014 943 quod
1044 896 1170 943 caput
1195 887 1370 943 jocinori
1400 887 1613 937 defuisset,
1634 886 1769 928 tribus

345 945 483 985 bubus
513 944 724 1000 perlitasse
754 944 932 999 negavit.
996 945 1171 985 Senatus
1205 944 1431 1000 majoribus
1459 944 1604 984 hostiis
1634 958 1769 999 usque

344 1001 397 1042 ad
427 1001 656 1042 litationem
687 1000 902 1042 sacrificari
927 1001 1065 1057 jussit.
1127 1000 1285 1042 Ceteris
1316 1000 1408 1042 Diis
1441 1000 1682 1056 perlitatum
1711 1000 1770 1040 fe-

344 1066 469 1105 runt3
522 1057 655 1098 Saluti
697 1057 909 1098 Petillium
958 1057 1170 1113 perlitasse
1211 1066 1375 1113 negant.
1438 1057 1544 1098 Inde
1582 1056 1769 1097 consules

345 1123 626 1170 praetoresque
665 1114 895 1170 provincias
935 1114 1080 1155 sortiti.
1139 1113 1173 1137 ⁶⁵
1187 1114 1294 1155 Pisae
1340 1115 1415 1155 Cn.
1454 1113 1660 1164 Cornelio,
1697 1113 1770 1154 Li-

346 1186 470 1226 gures
492 1171 657 1212 Petillio
686 1172 955 1212 obvenerunt.
1017 1172 1236 1221 Praetores,
1259 1172 1310 1211 L.
1334 1170 1527 1226 Papirius
1558 1171 1681 1211 Maso
1700 1185 1770 1210 ur-

347 1228 510 1278 banam,
558 1229 619 1267 M.
662 1228 852 1269 Aburius
899 1228 1006 1269 inter
1054 1228 1306 1283 peregrinos,
1351 1227 1484 1269 sortiti
1533 1235 1641 1268 sunt.
1703 1227 1766 1267 M.

350 1284 565 1325 Cornelius
612 1284 747 1340 Scipio
788 1285 1090 1340 Maluginensis
1131 1285 1377 1340 Hispaniam
1419 1283 1673 1334 ulteriorem,
1716 1283 1767 1323 L.

347 1341 561 1396 Aquillius
593 1341 740 1382 Gallus
773 1341 950 1382 Siciliam
985 1341 1144 1383 habuit.
1206 1342 1304 1383 Duo
1335 1341 1544 1398 deprecati
1579 1348 1690 1391 sunt,
1718 1355 1770 1381 ne

346 1397 388 1438 in
420 1398 649 1453 provincias
678 1398 808 1439 irent:
847 1399 909 1438 M.
934 1399 1136 1454 Popillius
1165 1398 1207 1438 in
1240 1399 1482 1439 Sardiniam.
1546 1397 1771 1439 Gracchum

345 1469 430 1494 eam
444 1455 700 1507 provinciam
714 1469 882 1507 pacare,
904 1454 937 1478 ⁶⁴²
950 1462 989 1495 et
1015 1456 1063 1495 T.
1086 1455 1297 1495 AEbutium
1311 1462 1528 1508 prcetorem
1548 1454 1770 1509 adjutorem

342 1512 393 1550 ab
422 1518 564 1552 senatu
594 1512 729 1551 datum
760 1526 849 1552 esse.
908 1512 1159 1565 Interrumpi
1187 1519 1359 1553 tenorem
1390 1527 1535 1561 rerum,
1559 1514 1602 1552 in
1632 1511 1773 1566 quibus

334 1569 582 1622 peragendis
611 1569 863 1609 continuatio
893 1569 982 1621 ipsa
1009 1569 1280 1624 efficacissima
1310 1576 1419 1618 esset,
1442 1570 1604 1610 minime
1632 1583 1772 1610 conve-

341 1626 443 1665 nire.
503 1626 619 1665 Inter
638 1626 898 1665 traditionem
920 1627 1084 1679 imperii
1107 1627 1399 1679 novitatemque
1417 1627 1659 1675 successoris,
1681 1639 1770 1680 quae

341 1683 546 1722 noscendis
566 1683 700 1735 prius,
723 1697 840 1735 quam
870 1683 1050 1736 agendis,
1074 1683 1187 1722 rebus
1215 1683 1426 1723 imbuenda
1455 1685 1522 1732 sit,
1544 1697 1649 1736 scepe
1673 1683 1771 1723 bene

335 1740 526 1793 gerendoe
554 1740 617 1779 rei
645 1740 868 1780 occasiones
894 1741 1147 1780 intercidere.
1207 1740 1390 1781 Probata
1412 1740 1578 1795 Popillii
1599 1755 1769 1780 excusap

343 1795 400 1836 tio
431 1804 503 1836 est.
565 1797 612 1836 P.
638 1796 822 1837 Licinius
850 1797 1022 1837 Crassus
1053 1796 1258 1837 sacrificiis
1288 1812 1328 1837 se
1359 1797 1535 1852 inpediri
1555 1794 1768 1837 ⁴sollemni-

342 1852 421 1893 bus
460 1853 698 1902 excusabat,
734 1868 785 1893 ne
819 1852 861 1893 in
899 1853 1152 1909 provinciam
1192 1853 1281 1894 iret.
1343 1853 1520 1895 Citerior
1562 1853 1768 1909 Hispania

341 1909 576 1949 obvenerat.
639 1911 835 1950 Ceterum
865 1918 938 1951 aut
968 1910 1026 1950 ire
1050 1911 1208 1966 jussus,
1229 1918 1301 1951 aut
1326 1911 1470 1974 jurare
1504 1925 1581 1966 pro
1608 1910 1767 1951 concio-

342 1980 407 2015 ne,
434 1965 617 2006 sollemni
649 1966 844 2007 sacrificio
874 1982 915 2007 se
944 1967 1165 2023 prohiberi.
1196 1967 1240 2007 id
1270 1967 1342 2008 ubl
1373 1967 1414 2007 in
1446 1969 1493 2008 P.
1517 1966 1679 2008 Licinio
1708 1967 1768 2008 ita

343 2030 548 2062 statutum
578 2030 653 2072 est,
676 2031 716 2063 et
746 2023 798 2064 ab
824 2039 864 2064 se
894 2024 957 2065 uti
982 2024 1279 2079 jusjurandum
1309 2024 1555 2080 acciperent,
1578 2025 1641 2064 M.
1667 2025 1768 2065 Cor-

342 2078 474 2119 nelius
513 2079 755 2134 postulavit,
786 2095 837 2120 ne
870 2080 911 2120 in
950 2080 1195 2136 Hispaniam
1228 2080 1464 2122 ulteriorem
1503 2081 1593 2123 iret.
1655 2081 1767 2122 Prae-

342 2143 450 2175 tores
471 2136 592 2176 ambo
612 2136 654 2176 in
675 2136 817 2177 eadem
838 2137 965 2178 verba
984 2137 1326 2193 ⁶⁵jurejurarunt.
1387 2137 1421 2162 66
1435 2139 1497 2179 M.
1518 2137 1704 2179 Titinius
1724 2145 1765 2179 et

638 2248 656 2265 Ζ
671 2251 807 2275 trecentos
823 2245 920 2276 Gron.
933 2246 1024 2277 Crev-

342 2350 515 2385 seriberent5
564 2352 652 2390 quina
697 2352 790 2381 millia
833 2353 864 2381 in
902 2353 1032 2393 singulas

342 2398 368 2421 et
414 2393 535 2422 ducenos
576 2395 695 2432 pedites,
745 2400 870 2424 trecenos
918 2396 1032 2434 equites.

344 2433 418 2464 Vid.
434 2445 536 2475 supraq
553 2446 581 2466 c.
595 2436 626 2466 9.
644 2442 674 2466 et
689 2436 710 2466 l.
726 2437 795 2467 XL.
812 2447 838 2466 c.
856 2437 907 2467 18.

386 2477 423 2506 61
457 2477 542 2507 Bovis
589 2480 755 2519 sescenaris]
803 2479 904 2521 Hujus
948 2479 1032 2510 vocis

343 2519 468 2550 omnino
511 2520 668 2561 ignoratur
710 2532 828 2552 sensus
887 2522 1031 2563 Suspica-

343 2567 392 2591 tur
408 2562 578 2594 Gutherius
593 2564 643 2594 vel
665 2574 735 2594 eam
749 2564 881 2595 derivari
904 2575 922 2595 a
936 2576 1031 2600 scena,

343 2615 437 2644 quam
464 2606 573 2636 Festus
598 2606 689 2637 docet
714 2617 779 2637 esse
806 2613 860 2637 aut
887 2607 1031 2643 securim,

344 2654 397 2677 aut
423 2647 583 2679 dolabi-am
608 2649 827 2690 pontificalem,
850 2649 893 2680 ita
921 2655 955 2680 ut
976 2661 1030 2680 ses-

343 2692 453 2721 cenaris
474 2691 529 2722 bos
551 2692 652 2722 dictus
673 2692 723 2727 sit,
741 2694 794 2723 bos
816 2702 852 2722 eo
867 2692 957 2723 cultri
977 2703 1030 2733 ge-

344 2742 414 2763 nere
452 2733 643 2765 immolatus:
679 2737 728 2765 vel
763 2734 928 2775 legendum
965 2745 1031 2766 esse

341 2778 496 2815 sagarum-is,
513 2776 544 2807 id
560 2783 617 2813 est,
631 2777 764 2818 saginati

386 2818 425 2847 6¹2
450 2819 540 2848 Jecur
567 2821 731 2861 deffuaisse]
764 2819 942 2850 Peiizzonius
970 2820 1029 2861 legi

338 2860 425 2899 jubet
472 2862 632 2901 diffinisse.
698 2864 831 2903 Danere
867 2863 949 2892 enim
985 2870 1030 2894 est

1196 2249 1210 2266 ³
1226 2252 1365 2277 sewentos
1379 2245 1469 2277 Eaed.

1075 2351 1189 2382 delabi.
1235 2352 1278 2382 At
1311 2351 1361 2382 hic
1394 2351 1482 2393 jecur
1513 2350 1765 2392 eolliquefactum

1076 2401 1153 2431 erat,
1179 2400 1221 2430 et,
1250 2400 1285 2424 ut
1313 2405 1382 2425 mox
1412 2394 1535 2430 dicitur,
1559 2395 1763 2424 inenarrabili-

1075 2444 1119 2467 ter
1133 2440 1323 2477 absumptum.

1117 2481 1157 2510 63
1182 2480 1259 2510 Pisae
1290 2481 1346 2510 Cn.
1375 2480 1520 2515 Cornelio,
1551 2479 1677 2520 Ligures
1706 2478 1763 2508 Pe-

1075 2523 1164 2563 tinio]
1197 2523 1258 2553 Vel
1287 2522 1409 2563 utrique
1438 2521 1616 2553 addendum
1643 2531 1764 2563 praeno-

1076 2576 1148 2596 men
1183 2565 1315 2600 videtur,
1353 2565 1403 2596 vel
1439 2564 1562 2606 utrique
1600 2563 1764 2594 detrahen-

1076 2608 1162 2639 dum.

1117 2651 1158 2680 64
1183 2650 1220 2679 Et
1260 2650 1294 2680 T.
1325 2650 1492 2690 AEbntium]
1530 2649 1634 2679 Recte
1666 2648 1765 2690 suspi-

1075 2699 1162 2723 catur
1185 2693 1358 2724 Gronovius
1378 2703 1433 2734 pro
1455 2698 1482 2722 et
1510 2691 1676 2732 legendum
1699 2701 1765 2722 esse

1075 2747 1111 2766 ez.

1118 2779 1159 2809 65
1196 2778 1428 2819 Ιιινξίιινανἰιηΐ]
1476 2777 1615 2808 Verbum
1662 2787 1764 2808 rarum

1075 2821 1253 2855 admodum,
1282 2827 1313 2850 et
1342 2820 1429 2861 cujus
1465 2820 1548 2850 haud
1585 2819 1669 2850 aliud
1705 2819 1764 2848 for-

1074 2870 1154 2894 tasse
1185 2866 1359 2905 exemplum
1397 2868 1503 2893 exstet.
1549 2863 1598 2893 Ac
1632 2860 1764 2893 dubitari
