1805 3174
564 88 1021 139 PRAEFATIO.
1428 87 1508 134 xlv

66 232 312 294 deceptus
338 248 438 279 una
461 231 676 279 litterula
711 247 796 293 per
818 229 1056 278 incuriam
1082 242 1338 290 operarum
1365 243 1513 288 prave

63 309 339 366 immutata,
360 310 675 373 desperatum
701 324 812 355 esse
838 305 1140 371 pronuntiat,
1160 311 1208 352 et
1229 303 1373 350 variis
1394 320 1512 351 con-

59 385 269 446 jecturis
307 393 457 434 vexat
495 392 544 433 et
580 385 815 433 sollicitat
858 400 969 431 eum
1014 383 1140 430 Livii
1187 382 1369 441 locum,
1413 398 1513 444 quo

64 462 231 509 nullus
268 463 445 511 clarior
478 462 595 526 fingi
632 469 811 525 potest.
884 460 935 508 Is
971 460 1112 507 locus
1149 460 1387 522 reperitur
1428 459 1511 507 lib.

65 539 330 589 XXXIII.
367 558 478 606 cap.
509 546 588 591 48.
622 547 671 589 et
696 558 724 588 a
750 540 949 588 Clerico
988 556 1050 586 ex
1087 538 1333 585 veteribus
1368 537 1514 584 editis

64 619 360 666 emendatus
399 627 490 668 cst.
566 620 666 667 Sed
694 618 743 665 id
771 617 972 681 quidem
1008 633 1207 679 perraro
1242 615 1513 678 contingit3

64 703 214 759 atque
238 697 373 744 haud
400 698 506 745 scio
532 714 595 745 an
620 697 735 744 huic
761 712 823 743 ex
849 695 1078 742 omnibus
1104 695 1162 742 iis
1187 694 1270 758 qui
1294 710 1515 758 unquam

62 773 113 821 in
136 774 280 822 simili
304 791 452 839 opere
478 776 655 824 versati
681 783 810 831 sunt.
837 773 1098 822 rarissime.

128 852 202 900 At
231 854 545 914 conjecturas
581 854 878 902 audaciores
914 853 965 900 in
1003 852 1110 913 ejus
1145 850 1275 898 notis
1312 849 1676 913 saepius·ni11sde111

64 928 175 977 cule
200 930 581 992 animadvertas,
600 931 782 995 quibus
807 930 942 977 haud
963 929 1108 977 facile
1132 930 1257 977 fides
1282 909 1730 994 habendassssssflffifflffi

63 1006 144 1054 sit.
215 1007 335 1071 Ipse
359 1010 563 1073 quidem
588 1009 766 1058 sedulo
791 1009 936 1070 cavit,
960 1025 1022 1056 ne
1042 1008 1275 1071 cuiquam
1302 1024 1363 1054 ex
1389 1024 1448 1054 ea
1466 1000 1636 1054 reem&

63 1086 300 1149 prudenti
324 1094 613 1152 attentoque
638 1087 810 1135 lectori
835 1087 968 1133 fraus
996 1087 1148 1132 fieret.
1221 1084 1361 1138 Quas
1386 1084 1515 1131 enim

64 1165 366 1213 certissimas
402 1183 513 1214 esse
537 1165 915 1213 emendationes
953 1162 1112 1218 duxit,
1137 1178 1221 1208 eas
1246 1161 1296 1208 in
1321 1167 1514 1208 textum

65 1242 296 1301 admisit3
333 1259 443 1306 quae
468 1260 586 1291 sane
617 1242 687 1290 ita
712 1241 1017 1305 plerumque,
1044 1240 1144 1287 imo
1169 1239 1269 1286 fere
1304 1255 1513 1302 semper,

65 1335 238 1368 severa
262 1320 445 1369 trutina
468 1320 762 1369 examinatae
782 1327 831 1367 et
852 1318 1081 1381 religiose
1099 1333 1358 1380 perpensae
1384 1323 1514 1372 sunt,

65 1406 121 1445 ut
144 1399 281 1446 nulla
305 1400 368 1446 de
391 1399 449 1446 iis
485 1398 643 1462 possit
668 1397 915 1446 dubitatio
952 1412 1227 1460 superesse.
1302 1394 1362 1441 In
1386 1394 1516 1441 notis

65 1476 275 1524 indulsit
311 1477 470 1541 magis
502 1477 716 1540 ingenio,
744 1483 794 1523 et
822 1474 1023 1523 liberius
1061 1473 1378 1535 conjecturas
1404 1471 1519 1518 sivit

65 1571 352 1603 excurrere:
389 1555 460 1603 ita
494 1562 661 1604 tamen
696 1562 752 1603 ut
776 1554 931 1602 multa
954 1553 1005 1600 in
1029 1552 1085 1600 iis
1121 1567 1224 1599 non
1257 1548 1518 1611 ingeniosa

66 1633 245 1690 solum,
271 1635 359 1681 sed
385 1651 534 1697 quam
569 1633 794 1697 proxime
820 1633 884 1680 ad
911 1631 1164 1679 veritatem
1200 1627 1515 1681 accedentia,

66 1717 115 1757 et
139 1711 286 1773 plane
312 1712 460 1759 etiam
486 1712 740 1761 verissima
762 1711 1087 1775 reperiantur.

132 1788 265 1836 Illud
303 1790 503 1852 plurimi
538 1807 658 1837 sane
691 1788 829 1836 laudi
863 1788 907 1835 ei
934 1789 1053 1835 dare
1089 1786 1288 1834 minime
1324 1785 1516 1834 dubita-

66 1867 205 1928 bunt,
220 1869 355 1931 quod
379 1884 592 1932 operosa
609 1867 864 1930 diligentia
880 1866 1036 1914 MSS.
1055 1881 1259 1913 suorum
1273 1863 1515 1912 lectiones
1530 1876 1620 1928 Nofa
1633 1875 1725 1906 variis

40 1998 47 2004 s
66 1945 116 1992 in
139 1952 286 1993 notas
307 1963 463 2010 usque
480 1952 531 1994 et
547 1964 704 2010 usque
723 1952 988 2008 congerat:,
1027 1950 1078 1991 et
1092 1944 1241 1990 fidem
1263 1941 1406 2006 quasi
1425 1919 1729 2009 subiiffiissssees}

68 2021 275 2070 testibus
299 2023 490 2085 agentis
515 2029 769 2086 gratanter
803 2021 1150 2084 accipiendam
1176 2036 1285 2067 esse
1317 2005 1711 2067 arbitra-sermm&

68 2099 267 2147 buntur.
337 2101 502 2149 Erunt
519 2103 731 2150 fortasse
749 2101 928 2165 quibus
945 2099 1158 2146 molesta
1174 2098 1260 2145 illa
1275 2096 1516 2145 sedulitas

67 2183 118 2223 et
141 2177 404 2227 fastidiosa
428 2180 666 2228 videatur.
736 2179 871 2233 Quid
898 2177 1168 2225 sentiamus
1193 2176 1304 2239 ipsi,
1331 2174 1518 2238 aperire

69 2271 277 2304 necesse
301 2257 593 2305 habebimus
617 2257 668 2304 in
692 2256 837 2304 tertia
861 2255 1008 2316 hujus
1033 2252 1338 2317 praefationis
1364 2259 1515 2315 parte,

69 2333 156 2380 ubi
193 2334 256 2382 de
291 2334 567 2399 interpretis
602 2343 650 2383 et
672 2343 901 2383 notarum
939 2330 1314 2380 concinnatoris
1351 2328 1515 2377 officio

71 2411 457 2471 disputabimus.
529 2412 724 2460 Eodem
743 2410 996 2472 rejicimus
1016 2406 1431 2471 disceptationem
1454 2405 1517 2450 de
1531 2416 1570 2445 Et
1580 2413 1729 2487 cYpiaex-

71 2489 390 2539 multitudine
406 2491 766 2554 exemplorum,
780 2507 891 2553 quae
908 2486 1153 2535 locutioni
1165 2485 1310 2533 alicui
1325 2485 1518 2531 firman·
1530 2469 1599 2500 emp
1613 2467 1710 2488 omm'

72 2566 150 2612 dae
177 2566 252 2612 vel
276 2567 584 2616 illustrandae
621 2565 896 2630 aliquoties}
917 2565 978 2612 ab
1004 2579 1063 2610 eo
1090 2561 1342 2611 cumulata
1378 2563 1512 2605 sunt.

71 2642 171 2690 Sed
198 2643 442 2708 quidquid
478 2645 683 2692 tandem
709 2644 773 2690 de
798 2641 997 2690 minutis
1022 2641 1096 2688 his
1132 2636 1516 2698 leviusculisque

71 2720 219 2767 rebus
239 2727 496 2780 statuatur,
514 2723 638 2770 illud
663 2727 876 2778 constat,
896 2719 1160 2774 neminem,
1181 2733 1243 2764 ex
1260 2730 1360 2778 quo
1385 2712 1513 2760 litte-

71 2815 136 2847 rae
159 2799 455 2857 revixerunt,
484 2800 728 2849 utiliorem
755 2815 955 2863 operam
982 2793 1208 2859 scriptori
1233 2797 1404 2841 nostro
1429 2806 1514 2837 na-
