1805 3174
472 58 853 98 HISTORIARUM
890 58 1102 96 LIBROS.

80 170 114 200 1..
132 170 262 206 Siccius,
289 171 333 200 vir
360 170 562 205 fortissimus,
588 169 694 199 frande
719 169 769 198 df,-

122 217 324 243 cenivirorum
338 214 533 250 interfectus,
551 219 582 246 3,
597 219 648 243 33.

80 256 197 292 Sicilia,
220 262 248 293 1,
269 261 294 286 1.
323 258 353 286 in
372 257 506 286 Siciliam
535 258 620 286 venit
644 257 770 291 AEneas,

124 301 196 328 ilml.
231 301 261 330 in
287 301 392 329 Sicilia
427 301 620 329 frumentum
653 304 769 329 emtum

123 345 420 381 propter‹·aritatcni
438 353 585 379 annox-ize,
604 348 635 380 2,
653 349 704 372 311.
738 343 768 371 in

123 387 257 416 Siciliam
287 388 452 416 exereitum
483 389 606 424 quando
638 389 769 425 primum

121 430 300 466 trajecerint
317 431 603 469 Carthaginienses,
630 436 661 466 4,
681 436 730 459 ¹25).
755 440 773 458 a

122 475 265 510 tyrannis
297 474 406 502 Sicilia:
441 474 565 502 missam
598 474 772 511 suspicatur

122 516 227 545 Livius
245 518 370 546 classem
388 518 581 553 Graecorum,
604 527 672 555 qmc
690 526 772 545 mare

124 560 292 589 Etruscum
311 561 458 589 infestum
484 561 632 598 habebat,
662 565 695 597 7,
721 563 772 589 25.

129 608 159 631 et
175 606 223 631 26.

83 645 187 674 Sicilia
199 646 349 675 deseritur
364 656 382 675 a
397 647 516 682 Poenis,
528 649 582 683 26,
595 651 646 676 40.
662 646 773 675 Sicilire

124 699 170 718 res
187 691 347 728 componit
363 690 480 727 Scipio,
494 695 546 726 29,
563 694 588 719 1.
601 690 711 719 Siciliae
724 699 772 718 ca-

123 733 246 761 lamitas
262 733 302 762 ob
318 737 422 763 motus
439 734 574 769 serviles,
590 734 649 762 vid.
675 733 774 768 Servi,

130 776 280 811 Fugitivi.

85 818 259 848 Siculorum
272 829 317 849 res
333 829 350 848 a
362 820 406 849 M.
418 820 569 849 Marcello
583 820 775 858 compositae,

125 865 179 899 25,
197 867 249 893 40.
277 872 383 892 eorum
403 865 532 901 querelae
555 865 591 893 (le
614 863 776 899 Marcello,

124 909 178 943 26,
193 911 242 937 29.
267 916 373 936 eorum
390 908 490 935 oratio
518 908 549 936 in
578 910 701 942 senatu,
724 911 775 935 30.

125 949 163 977 iis
193 951 358 988 respondet
375 951 555 986 Marcellus,
571 954 623 979 31.
640 950 677 978 dc
696 959 732 978 ea
747 959 777 978 re

126 993 448 1027 senatusconsultum,
476 998 529 1023 32.
560 994 655 1023 Siculi
684 993 777 1031 legati

127 1036 164 1064 ad
178 1037 317 1065 Marcelli
333 1045 435 1074 genua
450 1046 482 1066 se
498 1037 677 1076 projiciunt,
694 1041 747 1066 33.

84 1077 226 1108 Siculum
243 1079 373 1116 fretum,
394 1083 422 1117 l,
442 1085 470 1108 2.

86 1122 210 1151 Sicilius
227 1124 324 1151 securi
343 1132 518 1161 percussus,
538 1128 590 1158 23,
607 1128 660 1154 37.

87 1165 246 1201 Sicimina,
264 1174 365 1202 mons,
379 1170 433 1202 45,
453 1171 500 1195 12.

86 1209 120 1237 C.
136 1209 283 1246 Sicinius,
298 1214 406 1238 auctor
418 1210 600 1239 secessionis
612 1210 644 1238 in
656 1217 777 1239 sacrum

128 1255 279 1285 montem,
295 1257 327 1288 2,
344 1257 397 1282 32.
414 1253 493 1282 inter
507 1255 621 1292 primos
635 1254 779 1283 tribunos

128 1295 240 1333 plebis,
257 1300 308 1325 33.
325 1296 386 1325 vid.
400 1301 430 1325 et
442 1301 475 1333 3,
493 1301 544 1326 54.

87 1339 121 1368 C.
139 1339 286 1375 Sicinius,
302 1340 448 1369 tribunus
462 1341 574 1378 plebis,
593 1344 623 1374 2,
638 1340 778 1369 5S.diem

130 1382 205 1411 dicit
220 1383 281 1421 Ap.
297 1383 440 1419 Claudio,
457 1386 509 1412 61.

89 1427 125 1454 U.
143 1425 291 1463 Sicinius,
308 1426 452 1455 tribunus
469 1426 566 1465 plebis
589 1429 661 1464 post
682 1435 781 1455 seces-

132 1469 250 1498 sionem
269 1470 300 1498 in
317 1470 526 1506 Aventinum,
540 1473 573 1505 3,
591 1473 641 1497 54.

91 1511 128 1542 C.
156 1513 305 1550 Sicinius,
338 1513 457 1552 legatus
483 1523 500 1542 a
517 1515 628 1541 senatu
655 1513 780 1549 missus,

133 1560 187 1588 43,
208 1561 237 1587 7.

92 1598 149 1628 Cn.
167 1599 301 1628 Sicinius
318 1600 430 1636 aedilis,
444 1601 521 1638 petit
534 1602 712 1638 praeturam,
725 1602 780 1634 39,

131 1646 184 1673 39.
202 1643 235 1671 fit
252 1652 335 1671 anno
362 1647 511 1681 sequente
528 1648 654 1681 praetor,
668 1646 698 1670 et
716 1651 780 1670 sor-

131 1686 212 1714 titur
227 1686 413 1724 Sardiniam,
431 1691 481 1716 45.

89 1728 146 1757 Cn.
166 1729 315 1765 Sicinius,
338 1730 485 1759 triumvir
510 1728 641 1758 coloniae
663 1729 779 1758 Lucam

136 1772 339 1808 deducendae,
358 1777 411 1806 41,
433 1777 480 1804 17.

91 1816 150 1845 Cn.
167 1816 314 1851 Sicinius,
332 1820 456 1854 praetor,
472 1819 525 1849 42,
541 1820 571 1846 9.
591 1815 621 1844 in
635 1816 780 1854 Apuliam

135 1859 274 1888 mittitur
286 1860 322 1888 ad
344 1860 545 1898 colligendas,
562 1859 711 1896 locustas,
733 1863 780 1888 10.

134 1902 258 1931 obtinet
274 1903 487 1932 Macedoniam
497 1902 700 1941 provinciam,
711 1912 781 1941 pro-

135 1950 243 1980 rogato
258 1946 289 1974 in
304 1955 420 1974 annum
437 1946 578 1984 imperio,
589 1950 638 1976 27.
657 1946 783 1984 paluda-

135 1992 187 2017 tus
202 1989 407 2027 proficiscitur
422 1999 458 2018 ex
474 1989 562 2024 urbe,
579 1987 654 2017 ibid.

95 2033 130 2062 L.
146 2031 293 2067 Sicinius,
309 2033 456 2061 tribunus
472 2032 582 2071 plebis,
598 2033 630 2068 6,
647 2033 678 2061 6.

94 2076 131 2104 Τ.
150 2075 297 2108 Sicinius,
314 2075 437 2111 consul,
454 2080 483 2106 2.
504 2079 556 2104 40.

95 2119 132 2148 Τ.
144 2118 292 2154 Sicinius,
303 2119 382 2147 lator
392 2119 562 2158 rogationis
573 2119 609 2147 de
621 2117 785 2156 migrando

136 2162 241 2195 Veios,
260 2165 291 2197 5,
308 2165 358 2191 24.

94 2205 220 2243 Sicyon.
243 2205 331 2240 urbs,
351 2209 404 2241 27,
421 2209 476 2234 31.
497 2208 550 2236 35,
578 2208 627 2232 25.
655 2203 787 2243 Sicyone

139 2249 351 2278 Romanorum
379 2246 573 2285 aliorumque
599 2248 785 2286 populorum

139 2292 250 2329 legatis
264 2292 370 2321 datum
395 2291 582 2320 Achaeorum
606 2289 784 2328 concilium,

144 2339 198 2370 2⁶2,
214 2338 261 2365 19.

99 2378 264 2417 Sicyonius
280 2387 364 2416 ager.
379 2382 434 2411 33,
457 2381 506 2406 15.

99 2422 182 2452 Sida,
198 2421 359 2459 oppidum,
376 2425 431 2455 35,
448 2424 495 2448 13.
520 2423 573 2453 37,
588 2423 638 2449 23.

100 2464 225 2499 Sidetae,
241 2464 360 2503 populi,
372 2468 425 2495 35.
443 2467 495 2492 48.

101 2507 239 2541 Sidicini,
263 2516 281 2536 a
303 2507 496 2536 Samnitibus
527 2504 608 2534 bello
641 2505 790 2541 lacessiti,

142 2549 242 2579 socios
257 2550 313 2578 sibi
333 2554 442 2588 parant
468 2550 656 2588 Campanos,
685 2553 717 2584 7,
735 2552 787 2578 29.

143 2601 248 2621 rursus
264 2593 302 2621 ab
327 2594 434 2622 iisdem
452 2593 641 2631 impugnati,
658 2591 788 2621 deditio-

144 2645 215 2665 nem
238 2636 336 2665 facere
358 2637 469 2665 volunt
493 2637 531 2665 ad
558 2636 739 2672 Romanos3
771 2644 789 2663 a

145 2679 257 2717 quibus
274 2679 438 2717 repudiati,
454 2679 573 2708 dedunt
597 2687 629 2707 se
653 2678 788 2714 Latinis,

146 2726 176 2755 8,
198 2725 224 2750 1.
240 2726 269 2750 ct
283 2726 311 2749 2.
337 2722 489 2751 Sidicinos
515 2723 598 2751 inter
613 2725 645 2750 et
660 2722 788 2750 Aurun-

143 2774 196 2793 cos
211 2765 340 2800 bellum,
359 2762 406 2793 15.
422 2765 592 2796 vincuntur
617 2764 746 2794 Sidicini
772 2774 790 2794 a

143 2807 309 2846 Romanis,
328 2810 374 2837 16.
392 2812 422 2836 et
441 2812 488 2839 17.

1434 69 1507 102 4-15

815 168 970 197 Sidicinus
987 177 1071 205 ager,
1092 172 1142 205 10,
1164 174 1211 199 14.
1237 175 1288 206 96,
1308 178 1335 203 9.

815 212 947 244 Sidonii,
966 211 1086 249 populi,
1104 216 1157 245 35,
1176 217 1227 241 «18.

816 255 907 283 Sidus
924 255 1145 292 Vergiliarum,
1163 260 1217 293 21,
1231 260 1282 285 135.

816 298 956 337 Sigeum,
971 303 1025 333 44,
1042 302 1092 327 28.

817 343 980 380 Signatum
998 345 1173 377 argentum,
1190 343 1250 371 vid.
1270 344 1456 382 Argentum.

817 385 936 420 Signia,
949 386 1084 420 colonia,
1103 390 1110 413 1
1123 407 1128 418 ,
1141 389 1189 414 515.
1206 390 1235 417 2.
1251 391 1303 416 21.
1321 391 1351 424 8,
1365 393 1395 417 3.
1412 394 1465 425 32,
1479 394 1510 420 2,

818 429 939 462 Signini
959 429 1107 456 Romanis
1126 430 1190 464 fidi,
1217 434 1269 465 27,
1295 435 1336 458 ΙΟ.

818 471 952 508 Signifer
961 472 1045 499 omni
1060 473 1087 499 vi
1106 472 1235 501 moliens
1249 473 1370 509 signum
1385 477 1511 504 convel-

861 515 920 542 lere
939 516 1055 552 nequit,
1074 520 1127 551 22,
1144 519 1175 544 3.

818 557 1005 596 Signiferum
1033 568 1127 587 mann
1155 563 1310 597 arreptum
1343 570 1445 591 secum
1478 563 1509 591 in

861 601 980 629 hostem
1000 602 1081 639 rapit
1098 603 1261 635 Camillus,
1280 608 1310 637 6,
1330 608 1359 633 8,

819 644 947 679 Signum
965 645 1110 673 emissum
1139 646 1169 673 in
1188 645 1324 676 hostium
1342 648 1452 685 aciem,
1479 651 1511 681 6,

863 692 892 716 8.
906 691 962 722 34,
980 690 1032 717 46.
1056 689 1116 716 vid.
1132 688 1299 718 Vexillum.

840 746 883 753 —
899 731 1027 759 secundi
1062 732 1201 768 Hastati,
1232 734 1387 762 ademtum
1417 734 1513 772 signi-

862 775 940 810 fero,
966 784 983 802 a
1010 775 1049 806 Q.
1070 775 1171 804 Navio
1195 776 1226 804 in
1245 776 1348 806 hostes
1366 777 1512 814 inlutum,

864 821 916 851 26,
929 821 956 845 5.

820 861 917 899 Signa
939 860 1085 889 militaria
1107 870 1142 889 ex
1161 862 1267 891 oerario
1283 863 1458 902 depromta,
1480 868 1497 892 4

865 909 915 932 22.
931 909 963 939 7,
980 908 1032 933 23.

823 947 919 985 Signa
935 953 1024 984 capta
1042 947 1073 975 in
1091 948 1213 985 proelio,
1230 953 1262 985 9,
1280 954 1332 980 44.
1354 955 1402 982 10.
1423 954 1469 978 14.
1484 955 1513 978 et

865 991 1074 1028 ucibisoepins.
1090 996 1162 1019 ante
1179 992 1275 1030 Signa
1290 997 1321 1021 et
1336 997 1407 1032 post
1421 994 1514 1029 Signa

866 1038 982 1071 strages
1000 1035 1093 1066 facta,
1113 1039 1144 1068 8,
1167 1039 1212 1062 ll.

824 1075 953 1115 Signum
972 1085 1085 1114 pugna:
1102 1078 1223 1112 datum,
1240 1081 1271 1115 6,
1290 1084 1319 1109 8.

843 1135 886 1142 --
901 1120 1108 1158 propositum,
1124 1124 1176 1155 22,
1193 1124 1245 1150 45.

824 1163 953 1198 Signum
970 1164 1107 1200 receptui
1124 1164 1245 1200 datum,
1263 1166 1293 1197 6,
1313 1169 1341 1193 8.

823 1206 952 1241 Signum
970 1206 1112 1235 secundae
1130 1207 1255 1245 vigiliae,
1269 1212 1302 1244 7,
1319 1213 1373 1238 35.

823 1249 920 1288 Signa
934 1249 981 1278 bis
994 1255 1125 1286 canunt,
1137 1250 1188 1279 ubi
1203 1251 1264 1280 duo
1275 1257 1348 1281 sunt
1359 1253 1516 1287 consules,

867 1298 919 1327 27,
939 1297 990 1324 47.

824 1336 955 1375 Signum
973 1337 1093 1372 datum,
1109 1336 1138 1364 id
1156 1341 1214 1373 est,
1226 1338 1333 1374 jussus
1350 1338 1516 1377 imperato-

867 1380 907 1408 ris
923 1389 977 1418 per
997 1382 1101 1408 totum
1124 1381 1291 1410 exercitum
1316 1383 1468 1420 perlatus,
1484 1387 1517 1420 5,

867 1426 917 1451 36.
936 1426 989 1460 21,
1005 1427 1052 1451 14.

824 1465 953 1504 Signum
964 1467 1054 1495 Jovis
1068 1467 1280 1506 Imperatoris,
1294 1469 1449 1497 Praeneste
1465 1470 1516 1498 dc-

868 1513 1002 1543 vectum,
1019 1510 1055 1538 T.
1082 1512 1234 1542 Quintius
1251 1512 1386 1541 dictator
1407 1511 1439 1540 in
1457 1514 1518 1542 (Ja-

867 1552 1009 1592 pitolium
1028 1554 1132 1589 infert,
1150 1558 1179 1588 6,
1198 1558 1247 1585 29.

844 1596 1037 1624 ...Junonis
1061 1606 1079 1625 a
1109 1599 1260 1627 matronis
1281 1597 1456 1628 dedicatum
1484 1599 1516 1628 in

866 1639 1038 1673 Aventino,
1056 1644 1110 1677 21,
1127 1644 1179 1671 62.

845 1698 888 1704 --
904 1683 1028 1715 Martis,
1043 1688 1096 1719 22,
1117 1688 1142 1712 1.

825 1726 921 1765 Signa
949 1735 1035 1755 aenea
1061 1727 1201 1756 Deorum
1231 1727 1313 1759 facta
1329 1737 1364 1756 ex
1388 1730 1518 1763 argento

866 1769 1071 1806 mulctaticio,
1089 1774 1142 1806 27,
1160 1773 1190 1800 6.

846 1830 888 1836 -
900 1813 960 1841 tria
977 1813 1013 1841 ad
1029 1814 1146 1842 Cereris
1159 1815 1244 1849 data,
1257 1816 1310 1842 36.

846 1872 890 1879 —
904 1857 966 1884 duo
982 1865 1144 1895 cupressea
1159 1857 1190 1886 in
1205 1857 1299 1886 aedem
1308 1857 1444 1886 Junonis
1459 1857 1519 1886 Re-

869 1899 949 1937 ginae
962 1899 1072 1935 inlata,
1084 1905 1135 1931 37.

846 1958 890 1964 —
905 1951 991 1971 mnea
1020 1944 1158 1981 quinque
1188 1952 1225 1971 ex
1251 1942 1444 1972 mulctaticio
1475 1953 1523 1972 ar-

870 1989 964 2024 gento
980 1986 1012 2014 in
1028 1987 1135 2015 :erario
1151 1986 1264 2024 posita,
1281 1990 1336 2022 31,
1353 1990 1405 2016 50.

849 2029 966 2058 -1ria
982 2030 1096 2067 Cereri,
1122 2029 1245 2063 Libero,
1269 2029 1447 2068 Liberaeque
1463 2038 1518 2068 po-

872 2072 944 2108 sita,
962 2076 1015 2106 33,
1036 2077 1085 2101 25.

849 2131 893 2138 —-
905 2125 990 2144 aenea
1004 2116 1037 2144 in
1047 2115 1200 2154 Capitolio
1211 2115 1340 2152 dejecta,
1352 2117 1384 2144 et
1396 2114 1428 2144 in
1440 2115 1522 2145 circo

874 2159 1006 2187 maximo
1020 2169 1090 2188 cum
1104 2159 1258 2187 columnis
1269 2167 1388 2194 eversa,
1401 2162 1455 2193 40,
1466 2164 1495 2187 2.

830 2202 927 2240 Signa
951 2201 1149 2240 tabulasque,
1176 2202 1289 2240 quibus
1319 2201 1523 2230 abundabant

874 2245 1045 2283 Syracusas,
1061 2246 1228 2274 Marcellus
1240 2246 1370 2274 Romam
1384 2245 1522 2281 devehit,

872 2293 966 2326 atque
991 2288 1063 2317 inde
1088 2289 1221 2327 primum
1247 2288 1372 2316 initium
1389 2288 1522 2316 mirandi

874 2333 1051 2361 Graecarum
1068 2332 1181 2360 artium
1204 2340 1298 2369 opera
1319 2331 1449 2365 factum,
1466 2336 1520 2368 25,

873 2379 924 2404 40.
941 2375 1005 2404 vid.
1021 2379 1051 2404 et
1067 2377 1121 2411 26,
1137 2379 1188 2404 30.
1207 2379 1237 2402 et
1248 2378 1303 2403 31.
1316 2377 1345 2402 ct
1361 2377 1415 2406 34,
1433 2378 1464 2402 3.

831 2419 927 2457 Signa
954 2418 1140 2456 tabulasque
1166 2417 1345 2446 Tarentinis
1376 2416 1524 2455 relinquit

873 2462 1000 2498 Fabius,
1018 2466 1072 2498 27,
1095 2464 1142 2490 16.

831 2505 938 2544 Signa,
955 2505 1071 2534 tabulae
1087 2505 1194 2543 priscae
1221 2504 1308 2539 artis,
1325 2505 1522 2532 ornamenta-

874 2557 933 2587 que
948 2548 1013 2585 ejus
1024 2548 1142 2584 generis
1154 2547 1377 2585 pluraEretriae
1390 2551 1522 2584 reperta,

873 2596 927 2625 32,
947 2594 996 2622 16.

831 2635 1011 2674 Sigovesus,
1027 2634 1108 2663 filius
1125 2633 1238 2662 sororis
1263 2631 1434 2666 Ambigati,
1451 2631 1522 2659 Cel-

873 2683 976 2707 tarum
993 2677 1099 2716 Regis,
1116 2680 1149 2712 5,
1163 2680 1215 2705 34.
1231 2676 1262 2704 in
1280 2674 1450 2713 Hercynios
1462 2674 1523 2702 sal-

873 2725 925 2750 tus
942 2726 1025 2750 sorte
1036 2721 1160 2752 missus,
1178 2719 1254 2746 z'bsd.

833 2764 948 2797 Silana,
966 2763 1127 2802 oppidum,
1143 2763 1198 2795 36,
1216 2764 1263 2788 13.

834 2808 882 2837 M.
898 2807 1033 2842 Silanus,
1050 2805 1112 2835 vid.
1128 2802 1253 2832 «Iunius.
