1805 3174
522 98 990 150 PRAEFATIO.
1429 100 1478 147 xi

37 245 201 301 hodie,
228 260 321 291 nec
356 242 493 302 dilui,
516 258 607 289 nec
643 238 956 302 comprobari
994 236 1193 284 omnino
1229 251 1378 298 posse
1409 238 1478 284 sa-

38 323 131 371 cile
157 319 531 368 crediderimus.
603 315 731 363 Fieri
749 331 868 362 sane
892 313 1069 378 potuit,
1089 320 1146 359 ut
1162 312 1310 359 homo
1333 312 1482 359 Pata-

37 398 181 445 vinus
207 396 416 459 patriam
441 394 587 457 plane
624 392 882 440 dediscere
905 406 1005 437 non
1040 389 1260 453 quiverit,
1285 395 1334 435 et
1356 388 1484 434 levia

37 475 267 537 quaedam
293 470 544 519 retinuerit
565 467 809 532 loquendi
834 467 968 522 vitia,
995 483 1107 529 quae
1142 464 1378 528 principis
1411 464 1483 511 in-

39 557 116 597 ter
141 549 399 596 Romanos
424 546 511 593 viri
536 552 714 593 teretes
739 551 788 590 et
812 542 1068 605 religiosas
1094 558 1235 589 aures
1262 541 1484 589 offende-

38 631 162 672 rent.
233 624 305 671 At
337 639 444 678 nos,
479 622 657 685 quibus
687 619 867 667 Latina
902 619 1070 680 lingua
1104 617 1360 681 peregrina
1396 623 1486 673 est,

41 702 125 765 qui
145 718 251 748 eam
270 717 331 748 ex
348 699 480 746 libris
499 697 846 745 tantummodo
867 711 1176 758 cognoscere
1201 710 1486 757 possumuS,

42 777 305 841 quomodo
330 782 522 823 tantum
546 772 692 821 nobis
718 788 1072 835 arrogaremus,
1089 779 1142 819 ut
1165 771 1275 818 illos
1300 786 1487 829 naevos,

42 854 125 917 qui
152 853 502 916 plerorumque
527 850 873 898 Romanorum
910 847 1084 896 oculos
1120 848 1328 895 fortasse
1352 845 1488 893 falle-

41 929 179 986 bant,
205 929 576 992 deprehendere
592 933 642 974 et
660 925 911 988 assignare
931 925 1241 972 auderemus?
1280 922 1340 970 Id
1368 938 1488 970 sane

42 1006 305 1053 tentaverit
339 1004 593 1065 Dujatius,
631 1003 783 1050 homo
818 1017 919 1048 non
953 1001 1023 1048 ita
1059 1018 1087 1047 a
1119 999 1386 1048 Latinitate
1418 998 1592 1063 5¹¹·Pfaef·
1616 1014 1647 1045 in

43 1087 278 1134 structus,
304 1088 360 1128 ut
385 1079 606 1127 Livianae
630 1077 863 1126 orationis
888 1094 1147 1125 censuram
1164 1083 1342 1140 ageret.
1381 1075 1487 1124 No·
1499 1059 1567 1089 ΙΝ·

47 1157 122 1204 bis
161 1156 587 1205 consultissimum
624 1154 820 1201 videtur
854 1169 914 1201 ea
939 1154 1004 1200 de
1029 1170 1080 1200 re
1114 1153 1276 1201 silere.
1350 1152 1490 1198 Bene

45 1234 270 1297 profecto
306 1233 566 1280 nobiscum
602 1238 842 1294 ageretur,
882 1229 966 1293 qui
1006 1230 1237 1278 Latinam
1273 1229 1490 1291 linguam

45 1310 290 1358 balbutire
315 1326 569 1365 conamur,
597 1309 635 1355 si
676 1307 800 1354 Livii
826 1306 1098 1354 orationem
1123 1322 1234 1354 cum
1260 1322 1350 1353 sua
1372 1320 1493 1368 quo-

47 1404 144 1451 que
171 1387 516 1434 Patavinitate
541 1386 739 1432 daretur
761 1383 1009 1446 effingere.
1160 1390 1162 1392 ’

115 1462 225 1511 Nec
252 1479 367 1510 vero
392 1462 676 1525 eloquentia
695 1466 890 1507 tantum
916 1458 1092 1506 claruit
1116 1458 1257 1515 Livii,
1280 1458 1365 1505 sed
1387 1457 1491 1505 lau·
1524 1471 1551 1510 §.
1565 1471 1598 1501 2.

49 1539 195 1587 datur
218 1546 267 1587 et
290 1539 432 1594 fides,
452 1555 561 1601 quae
580 1536 734 1600 prima
752 1535 899 1583 virtus
926 1535 988 1582 ab
1008 1534 1317 1582 historiarum
1338 1533 1487 1596 scrip·
1501 1513 1593 1587 ξζζῃ
1611 1514 1665 1544 FF

47 1622 156 1663 tore
179 1615 453 1678 requiritur.
523 1614 719 1661 Ausum
756 1627 866 1658 esse
901 1627 1013 1658 eum
1047 1627 1160 1658 vera
1194 1610 1343 1658 etiam
1378 1625 1644 1664 cumGrafiarn
1658 1644 1707 1665 as.

50 1690 339 1739 offensionis
356 1689 577 1752 periculo
605 1688 784 1744 dicere,
803 1687 1119 1750 veritatisque
1142 1685 1491 1734 studiosiorem
1501 1682 1642 1717 pernam·

49 1766 216 1823 fuisse,
254 1783 403 1830 quam
440 1765 608 1828 gratiae
645 1764 945 1827 imperantis,
977 1780 1039 1811 ex
1075 1779 1133 1811 eo
1170 1770 1307 1827 patet
1338 1762 1491 1826 quod,

49 1843 291 1890 referente
314 1841 508 1898 Tacito,
533 1842 604 1889 ita
628 1841 722 1889 Cn.
752 1840 1047 1904 Pompeium
1076 1840 1310 1887 laudibus
1346 1846 1660 1890 extu-wana.

51 1918 194 1976 lerat,
235 1925 289 1966 ut
335 1918 700 1981 Pompeianum
744 1933 856 1964 eum
901 1919 1159 1980 Augustus
1203 1900 1554 1980 appellaret.³⁴·

55 1996 199 2059 Saepe
238 1995 464 2051 Brutum,
508 1994 752 2049 Cassium,
796 1993 1096 2057 Scipionem,
1133 1992 1412 2049 Afranium,
1444 1998 1499 2039 ut

53 2071 271 2134 insignes
298 2071 429 2119 viros
455 2071 815 2119 nominaverat.
888 2070 1068 2132 Neque
1085 2069 1152 2127 id,
1173 2069 1350 2116 eodem
1373 2075 1499 2116 teste

54 2148 247 2205 Tacito,
275 2148 502 2196 amicitiae
537 2147 691 2211 ipsius
717 2163 830 2194 cum
865 2145 1097 2208 Augusto
1134 2145 1325 2193 offecit:
1361 2145 1497 2208 quod

56 2224 260 2288 quidem
286 2223 463 2271 dubito
490 2229 651 2271 utrum
686 2221 1060 2286 patientissimis
1097 2221 1342 2285 Principis
1379 2221 1501 2268 auri-

57 2306 166 2362 bus,
196 2323 259 2353 an
285 2304 546 2352 scribentis
572 2303 785 2352 libertati
810 2303 954 2351 suerit
976 2302 1397 2351 honorificentius.

126 2381 225 2430 Sed
254 2388 302 2428 et
324 2380 374 2427 in
397 2380 455 2428 iis
491 2397 599 2443 quae
634 2380 784 2427 hodie
819 2385 1098 2442 supersunt,
1122 2379 1262 2426 nulla
1296 2384 1501 2442 apparet

62 2457 409 2506 assentationis
428 2474 544 2520 erga
566 2473 678 2504 eum
714 2455 798 2519 qui
821 2471 979 2502 rerum
999 2455 1240 2518 potiretur
1263 2455 1497 2518 suspicio.

62 2534 226 2582 Semel
256 2540 341 2581 aut
374 2534 548 2581 iterum
573 2532 622 2579 in
648 2531 767 2580 totis
786 2530 1018 2596 [quinque
1053 2538 1102 2579 et
1135 2531 1333 2594 triginta
1364 2530 1498 2577 libris

62 2610 349 2672 Augustum
385 2609 628 2673 appellat:
667 2609 754 2656 sed
792 2607 899 2671 ipsa
922 2624 973 2654 re
998 2614 1249 2670 poscente,
1276 2607 1362 2654 sed
1398 2607 1502 2652 bre-

63 2687 185 2734 viter
207 2699 254 2733 et
277 2685 472 2743 cursim,
498 2685 710 2734 modicis
742 2701 855 2733 cum
889 2684 1119 2732 laudibus
1143 2691 1193 2731 et
1215 2682 1354 2730 veris.
1423 2680 1503 2728 Li-
1544 2680 1549 2684 ’

66 2763 151 2811 bro
188 2762 361 2825 primo,
387 2779 495 2826 cap.
527 2768 600 2811 19.
635 2761 874 2826 templum
906 2760 1038 2818 Jani,
1066 2757 1331 2808 occasione
1364 2757 1501 2813 data,
