1826 3149
149 191 190 221 U.
202 190 238 221 C.
252 191 324 220 581.

145 233 184 263 A.
197 233 322 265 C.17,1.

141 753 173 781 S.
192 752 229 782 C.
245 752 283 783 de

140 795 222 824 bello
238 795 269 825 in

140 837 261 867 Persea.

130 1550 304 1581 Exercitus.

128 1722 280 1763 Legiones

127 1765 312 1797 Macedoni-

126 1818 173 1838 cae
190 1809 306 1841 auctio-

126 1861 185 1883 res-

344 71 412 111 :60

892 70 1031 111 T.1T1
1074 74 1239 113 LIVII

344 194 467 222 nere.
500 180 568 222 'ita
602 180 715 222 inter'
748 189 948 236 utrosque
986 184 1184 238 optim'am
1225 185 1511 226 conditionem
1536 184 1767 226 civitatium

358 238 472 286 fore3
509 246 752 293 protegente
781 237 911 278 altero
941 253 1100 294 semper
1129 240 1293 296 inopem
1322 242 1375 283 ab
1404 241 1574 282 alterius
1602 241 1765 298 injuria.

341 296 466 335 .Haec
494 293 727 342 sentientes,
749 294 973 336 certamina
1002 296 1214 338 fautorum
1245 297 1464 354 utriusque
1493 297 1623 354 partis
1652 297 1767 339 taciti

340 367 408 391 .ex
429 359 523 392 tuto
545 351 797 406 spectabant.
857 350 890 375 98
906 353 1120 403 Consules,
1143 369 1228 408 quo
1257 354 1323 395 die
1352 355 1642 410 magistratum
1669 354 1768 394 inie-

356 415 470 455 runt,
493 423 542 447 ex
572 407 928 448 senatusconsulto
955 424 1086 463 quum
1116 410 1224 451 circa
1251 412 1390 452 omnia
1417 413 1528 461 fana,
1551 411 1592 451 in
1613 410 1767 466 quibus

357 463 653 505 lectisternium
693 464 891 519 majorem
930 473 1089 520 partem
1130 466 1225 507 anni
1261 483 1346 508 esse
1387 469 1503 518 solet,
1539 467 1766 523 majoribus

358 520 502 561 hostiis
533 519 812 569 immolassent,
843 520 938 562 inde
973 537 1114 577 preces
1146 539 1240 563 suas
1274 533 1462 580 acceptas
1493 525 1546 565 ab
1582 524 1674 564 Diis
1706 523 1766 563 in-

334 577 601 617 -mortalibus
631 576 816 626 ominati,
843 578 1016 627 senatui,
1049 579 1127 620 rite
1157 579 1446 630 sacrificatum,
1471 581 1767 637 precationem-

357 649 439 688 que
460 633 511 673 de
531 633 641 673 bello
660 634 827 683 factam,
849 635 1156 677 renunciarunt.
1218 637 1446 693 Aruspices
1469 638 1528 679 ita
1548 637 1767 693 responde-

355 698 468 739 runt,
490 690 528 730 si
547 691 647 743 quid
664 692 727 730 rei
746 705 858 730 novae
878 692 1135 744 inciperetur,
1160 694 1205 733 id
1224 696 1504 734 maturandum
1525 709 1618 735 esse.
1644 695 1767 735 victo-

353 748 472 794 riam,
491 748 748 800 triumphum,
763 747 796 771 99
800 750 1133 802 prorogationem
1154 752 1318 803 imperii
1337 753 1544 804 portendi.
1605 753 1766 799 Patres,

352 804 649 857 quodfaustum
662 805 855 858 felixque
878 807 1031 858 populo
1051 807 1238 847 Romano
1258 815 1367 857 esset,
1390 810 1629 849 centuriatis
1648 809 1768 848 comi-

349 862 421 900 tiis
434 862 572 912 primo
592 875 744 914 quoque
764 862 957 915 dz'eferre
977 864 1034 902 ad
1045 865 1236 916 pop-zelum
1257 867 1444 917 consules,
1459 867 1691 921 jusserunt,
1706 871 1764 914 ut,

350 919 457 971 quod
476 918 660 966 Perseus,
685 919 879 971 Philippi
887 920 1016 971 filius,
1038 921 1304 961 Macedonmn
1325 937 1409 970 rex,
1431 922 1766 976 adversusfoea'us

348 989 431 1015 cum
459 981 581 1029 patre
600 976 801 1028 Philippo
822 977 953 1023 ictum,
975 982 1014 1016 et
1042 991 1166 1017 secum
1192 985 1285 1030 post
1315 986 1474 1019 mortem
1496 978 1577 1032 ejus
1597 993 1765 1020 renova-

348 1038 443 1079 tum,
463 1033 581 1072 sociis
594 1033 741 1084 populi
761 1033 937 1072 Romani
956 1048 1071 1073 arma
1094 1035 1306 1084 intulisset,
1328 1051 1454 1090 agros·
1469 1043 1676 1086 vastasset,
1696 1051 1764 1076 ur-

348 1088 487 1142 besque
515 1096 769 1142 occupasset;
800 1091 980 1143 quodque
1009 1090 1105 1130 belli
1130 1094 1320 1144 parandi
1353 1095 1542 1134 adversus
1569 1094 1762 1146 populum

347 1146 574 1185 Romanum
608 1147 779 1186 consilia
816 1148 956 1187 inisset
965 1153 990 1195 Β,
1021 1162 1151 1196 arma,
1187 1150 1348 1199 milites,
1384 1152 1543 1191 classem
1584 1149 1665 1204 ejus
1699 1152 1763 1191 rei

346 1217 487 1243 caussa
507 1211 774 1256 comparasset
789 1227 802 1249 ,-
834 1210 890 1252 ut,
914 1205 998 1245 nisi
1028 1206 1076 1245 de
1105 1206 1158 1246 iis
1191 1206 1305 1247 rebus
1327 1208 1597 1262 satisfecisset,
1620 1208 1761 1249 bellum

345 1274 429 1299 cum
450 1275 495 1299 eo
517 1261 703 1300 iniretur.
764 1262 869 1301 Haec
891 1261 1051 1316 rogatio
1071 1262 1124 1302 ad
1146 1264 1348 1318 populum
1371 1264 1455 1306 lata
1475 1273 1548 1306 est.

404 1317 591 1357 XXXI.
626 1318 1038 1359 Senatusconsultum
1069 1318 1165 1359 inde
1195 1320 1353 1361 factum
1384 1330 1459 1371 est,
1498 1321 1551 1362 Ut
1584 1324 1760 1363 consules

345 1374 453 1413 inter
471 1389 512 1414 se
524 1376 762 1426 provincias
782 1375 951 1414 Italiam
972 1382 1011 1415 et
1027 1375 1312 1417 Macedoniam
1333 1386 1626 1431 compararent,
1639 1381 1760 1420 sorti-

343 1436 542 1470 renturve.
578 1432 658 1472 Cui
679 1431 928 1471 Macedonia
958 1432 1187 1482 obvenisset,
1210 1441 1255 1473 ut
1276 1436 1310 1475 is
1330 1450 1459 1489 regem
1480 1437 1646 1485 Persea,
1668 1438 1757 1490 qui-

342 1501 417 1539 que
437 1487 519 1541 ejus
538 1494 681 1528 sectam
697 1489 822 1528 secuti
841 1494 980 1536 essent,
995 1490 1077 1530 nisi
1088 1492 1241 1542 populo
1262 1492 1444 1532 Romam)
1458 1493 1756 1546 satisfecissent,

341 1543 443 1584 bello
458 1552 776 1598 persequeretur.
809 1545 1015 1601 Legiones
1028 1555 1210 1601 quatuor
1225 1563 1352 1589 novas
1369 1549 1489 1590 scribi
1510 1550 1681 1605 placuit,
1695 1551 1757 1592 bi-

341 1616 413 1642 nas
444 1601 617 1657 singulis
647 1602 896 1643 consulibus.
958 1602 1040 1643 1Id
1071 1604 1280 1660 praecipue
1310 1605 1532 1660 provinciae
1558 1608 1755 1649 Macedo-

340 1657 419 1698 niae
440 1659 601 1707 (latum,
624 1659 753 1713 quod,
776 1674 907 1714 quum
938 1659 1108 1700 alterius
1136 1661 1374 1702 consulibus
1404 1662 1576 1718 legionis
1596 1663 1755 1720 ²quina

340 1714 468 1755 millia
488 1723 528 1756 et
545 1715 693 1756 duceni
716 1715 876 1770 equites
892 1731 942 1756 ex
959 1724 1097 1757 vetere
1118 1715 1311 1759 instituto
1331 1718 1531 1760 darentur
1550 1719 1592 1760 in
1614 1720 1754 1777 singu-

339 1770 397 1811 las
418 1771 613 1827 legiones,
627 1772 668 1812 in
687 1772 976 1813 Macedoniam
999 1788 1095 1813 sena
1116 1773 1244 1815 millia
1263 1775 1452 1830 peditum
1470 1776 1590 1818 scribi
1606 1778 1749 1833 jussa3

865 1854 879 1871 e
897 1852 1005 1881 iniisset
1022 1851 1118 1882 Gron.
1137 1852 1229 1883 Crev-

1063 1940 1121 1971 pus
1143 1930 1329 1962 extenditur.
1375 1932 1487 1972 Itaque
1517 1931 1569 1963 ille
1595 1932 1752 1965 existimat

1064 1973 1114 2003 hic
1130 1973 1307 2014 legendum,
1321 1977 1555 2016 propagationem
1570 1977 1694 2015 imperii.

1108 2015 1123 2045 1
1150 2016 1187 2046 Id
1213 2018 1358 2056 proecipue
1381 2041 1388 2048 .
1414 2039 1422 2047 .
1447 2040 1455 2048 .
1479 2019 1596 2058 datum]
1634 2019 1750 2051 Malle-

1064 2068 1132 2089 mus
1147 2060 1177 2089 id
1196 2061 1347 2098 praecipni.
1381 2060 1431 2090 Sic
1451 2060 1549 2092 infra:
1576 2061 1659 2092 Illud
1680 2074 1749 2102 quo-

1614 2104 1750 2137 Macedo-

378 1928 420 1958 98
447 1928 581 1958 Consules
602 1951 609 1958 .
628 1950 636 1959 .
653 1951 661 1959 .
681 1940 768 1968 quum
794 1951 801 1959 .
819 1951 828 1959 .
847 1951 854 1958 .
877 1930 1020 1960 immolas-

335 1976 408 2006 sent,
434 1972 501 2000 ‘inde
528 1993 536 2001 .
562 1993 570 2001 .
595 1994 603 2001 .
628 1994 635 2002 .
658 1971 793 2011 ominati]
834 1972 1021 2003 Viderentur

336 2013 405 2042 haec
430 2013 534 2043 omnia
559 2019 675 2044 structa
700 2013 884 2054 elegantius,
908 2020 938 2045 et
965 2026 1019 2057 ap-

336 2054 396 2085 tius
423 2054 504 2086 inter
532 2067 564 2086 se
594 2056 793 2091 cohaerentia,
823 2057 848 2087 si
877 2057 959 2088 hunc
989 2058 1020 2088 in

335 2097 460 2128 modum
503 2099 732 2129 ordinarentur:
781 2100 918 2131 Consules
944 2123 952 2130 .
978 2124 986 2131 .
1012 2123 1020 2132 .
1064 2113 1118 2140 que
1149 2104 1329 2141 praecipitum
1365 2104 1467 2133 datum
1503 2105 1573 2134 sorti

335 2151 425 2178 quum
453 2142 532 2171 circa
559 2143 653 2172 omniu
677 2142 760 2183 juna
783 2164 792 2173 .
809 2165 817 2173 .
836 2165 843 2173 .
868 2145 1022 2182 majoribus
1063 2146 1132 2174 nice.

336 2183 431 2213 hostiis
469 2185 670 2220 immolassent,
709 2187 852 2224 aruspices
890 2187 932 2215 ita
973 2196 1019 2217 re-

333 2228 519 2263 sponderunt,
543 2227 567 2257 si
592 2227 667 2268 quid
689 2227 732 2258 rei
755 2238 845 2258 novae
867 2227 1019 2270 incipere-

333 2273 392 2302 tur,
420 2268 452 2298 id
481 2270 698 2300 maturandum
728 2281 812 2300 esse:
848 2270 1019 2308 victoriam,

332 2310 533 2352 triumphum,
575 2312 820 2353 prorogationem
863 2316 928 2353 (seu
967 2325 1017 2353 po-

333 2355 401 2388 tius,
440 2355 708 2394 propagationem)
746 2354 865 2396 imperii
894 2361 1017 2397 porten-

332 2395 376 2425 di.
421 2396 494 2425 Inde
519 2407 615 2435 preces
643 2409 709 2427 suas
740 2404 869 2436 acceptas
901 2401 936 2429 ab
964 2401 1018 2429 diis

330 2439 539 2468 immortalibus
573 2441 693 2469 ominati
727 2440 904 2479 (consules)
934 2451 1015 2471 sena·

330 2482 375 2509 tm·
400 2482 456 2510 ritc
480 2481 686 2521 sacmficatnm,
711 2484 957 2522 precationemque
982 2486 1018 2514 de

328 2523 398 2553 bello
409 2522 528 2564 factam
542 2526 767 2555 renunciarnnl.
814 2525 928 2561 Patres,
944 2528 1018 2565 quod

318 2565 470 2607 jumnem,
488 2571 547 2597 etc.

373 2609 415 2639 99
439 2609 674 2650 Prorogationem
716 2609 845 2649 imperii]
910 2610 1016 2640 Proro-

328 2653 408 2691 gatio
433 2652 547 2690 imperii
568 2661 628 2681 non
651 2650 774 2687 dicitur,
797 2658 832 2681 ut
851 2657 934 2682 recte
961 2653 1014 2683 ob-

331 2699 432 2724 serv-at
455 2693 642 2730 Perizonius,
659 2694 826 2724 Animadv.
850 2694 967 2725 Histor.
987 2705 1014 2725 c.

331 2736 360 2765 6.
384 2735 444 2767 nisi
468 2748 563 2778 quum
589 2736 627 2766 iis
653 2736 704 2778 qui
728 2747 799 2767 cum
828 2735 956 2778 imperio
984 2737 1015 2767 in

330 2778 520 2818 provinciam
549 2778 633 2810 missi
667 2784 750 2814 sunt,
781 2779 865 2810 finito
896 2779 1015 2821 imperii

331 2820 394 2850 dati
418 2832 509 2858 anno,
524 2822 575 2864 jus
597 2822 717 2866 imperii
741 2822 773 2873 ip
794 2821 915 2863 longius
938 2828 1014 2853 tem-

1106 2188 1125 2217 2
1151 2186 1251 2220 Quina
1286 2188 1380 2217 millia
1416 2194 1443 2218 et
1482 2189 1588 2219 duceni
1626 2190 1747 2231 equites]

1064 2229 1147 2270 Lege
1171 2229 1236 2259 sine
1262 2230 1327 2260 ulla
1349 2230 1540 2261 dubitatione
1566 2242 1637 2262 cum
1661 2233 1747 2263 Peri-

1064 2272 1167 2303 zonio:
1197 2273 1286 2311 quina
1315 2273 1409 2302 millia
1437 2280 1464 2303 et
1492 2276 1598 2304 duceni
1630 2277 1748 2315 pedites.

1063 2314 1133 2345 Hoc
1160 2314 1242 2345 enim
1264 2320 1330 2346 erat
1354 2320 1443 2346 vetus
1471 2315 1663 2347 institutum:
1697 2318 1747 2350 hic

1061 2357 1147 2388 velut
1164 2357 1299 2388 solennis
1320 2357 1383 2388 illis
1397 2359 1585 2399 temporibus
1607 2359 1746 2402 peditum

1060 2409 1206 2430 numerus
1227 2399 1259 2429 in
1282 2400 1414 2441 legione.
1458 2401 1532 2433 Vid.
1548 2407 1611 2433 not.
1631 2403 1682 2433 60.
1707 2403 1746 2434 ad

1060 2442 1184 2472 LXLI.
1209 2452 1237 2472 c.
1262 2443 1310 2472 14.
1356 2442 1477 2474 Invicte
1505 2445 1636 2485 probant
1666 2445 1747 2477 hanc

1059 2484 1307 2515 emendationem
1339 2495 1376 2516 ea
1408 2496 1478 2526 quae
1509 2492 1680 2527 sequuntur
1707 2489 1746 2520 de

1061 2527 1236 2568 equitibus:
1267 2529 1372 2566 equites
1400 2530 1508 2559 treceni
1535 2531 1687 2569 a’quatiter
1714 2533 1746 2562 in

1059 2570 1190 2611 singulus
1226 2570 1347 2610 legiones
1380 2572 1467 2600 scribi
1485 2573 1582 2610 jussi:
1616 2572 1649 2603 id
1686 2579 1744 2611 est,

1061 2611 1099 2641 de
1124 2611 1264 2653 equitum
1292 2622 1419 2643 numero
1447 2613 1566 2644 nullum
1596 2614 1654 2646 fuit
1682 2616 1744 2647 dis-

1060 2653 1177 2684 crimen
1202 2654 1281 2684 inter
1306 2654 1443 2695 legiones
1465 2656 1689 2689 Macedonicas
1713 2664 1745 2690 et

1060 2706 1112 2727 eas
1138 2707 1209 2737 quae
1235 2696 1266 2727 in
1295 2697 1389 2728 Italia
1416 2709 1541 2730 manere
1568 2700 1741 2732 debebant:

1059 2739 1220 2779 aequaliter
1260 2740 1291 2771 in
1328 2748 1434 2772 omnes
1471 2742 1586 2774 treceni
1623 2743 1743 2786 equites

1059 2782 1176 2824 scripti.
