1831 3194
490 95 743 134 LIBROR.
775 94 1048 133 DEPERD.
1403 100 1480 143 259

69 203 155 244 lata
176 210 247 255 est,
268 211 311 246 ut
331 205 438 246 ratio
458 205 630 246 absentis
653 205 826 246 Coesaris
844 205 885 245 in
902 204 1090 257 petitione
1110 205 1337 246 consulatus
1357 206 1475 247 habe-

66 267 189 312 retur,
212 263 334 303 invito
354 269 391 302 et
410 263 704 303 contradicente
725 262 790 302 Μ.
814 262 977 303 Catone.
1037 263 1244 303 Praeterea
1265 277 1325 303 res
1340 270 1477 317 gestas

66 332 93 358 a
116 319 162 359 C.
185 320 345 360 Coesare
364 321 550 360 adversus
574 319 732 368 Gallos,
750 320 823 374 qui
835 334 964 373 prope
975 321 1166 368 universi,
1194 320 1475 375 Vercingento—

64 376 156 430 rige
173 377 354 418 Arverno
373 378 482 425 duce,
506 375 744 429 defecerunt,
766 382 804 417 et
824 377 1047 418 laboriosas
1076 377 1299 418 obsidiones
1318 378 1474 418 urbium

65 434 238 475 continet
253 453 264 475 :
305 435 408 476 inter
428 447 529 489 quas
550 434 725 476 Avarici
755 434 1005 488 Biturigum,
1025 441 1063 475 et
1097 434 1312 490 Gergovia*
1331 437 1479 477 Arver-

66 504 219 533 norum.

669 669 872 722 CVIII.

122 808 169 850 C.
193 809 332 850 Caesar
353 810 496 850 Gallos
515 811 572 850 acl
590 810 771 852 Alesiam
791 811 904 863 vicit,
925 824 1134 865 omnesque
1157 810 1313 853 Gallice
1332 812 1476 853 civita-

60 871 131 915 tes,
154 879 243 920 quce
261 867 305 907 in
324 868 448 909 armis
455 866 643 920 juerant,
666 869 710 909 in
732 868 974 909 deditionem
1001 869 1172 923 accepit.
1233 869 1277 910 C.
1302 869 1477 920 Cassius,

60 929 232 977 quaestor
260 925 330 967 M.
365 925 514 975 Crassi,
545 926 740 976 Parthos,
776 926 845 979 qui
871 926 913 966 in
944 925 1101 981 Syriam
1131 928 1475 977 transcenderant,

60 981 214 1022 cecidit.
278 983 328 1023 In
342 984 542 1036 petitione
553 985 780 1024 consulatus
792 983 858 1024 M.
877 984 981 1025 Cato
994 985 1191 1037 repulsam
1205 985 1314 1033 tulit,
1330 986 1479 1026 creatis

59 1039 285 1081 consulibus
313 1040 398 1081 Ser.
422 1040 614 1094 SulpiciO,
638 1041 705 1081 M.
728 1040 939 1081 Marcello.
1003 1042 1047 1082 C.
1075 1042 1212 1082 Caesar
1242 1041 1479 1084 Bellovacos

59 1109 144 1136 cum
179 1098 277 1138 aliis
309 1095 526 1138 Gallorum
548 1099 716 1151 populis
743 1098 904 1138 domuit.
968 1099 1180 1139 Praeterea
1209 1100 1481 1140 contentiones

60 1153 168 1194 inter
205 1154 381 1195 consules
416 1156 465 1195 de
501 1169 716 1197 successore
744 1155 790 1197 C.
830 1155 986 1197 Ccesari
1016 1156 1218 1205 mittenda,
1254 1162 1400 1210 agente
1434 1157 1480 1197 in

58 1216 198 1252 senatu
218 1211 285 1253 M.
301 1212 506 1253 Marcello
525 1215 695 1260 consule,
714 1218 758 1254 ut
781 1213 920 1255 Caesar
935 1214 993 1254 ad
1003 1214 1242 1267 petitionem
1256 1213 1481 1255 consulatus

60 1269 226 1318 veniret,
248 1283 365 1324 quum
387 1271 422 1311 is
441 1271 531 1325 lege
553 1270 639 1312 lata
659 1270 745 1311 ⁸²in
767 1271 813 1312 id
831 1277 982 1324 tempus
1008 1272 1235 1312 consulatus
1246 1271 1479 1324 provincias

58 1324 239 1367 obtinere
258 1327 430 1379 deberet,
450 1342 589 1383 resque
608 1343 636 1370 a
658 1328 725 1370 M.
746 1328 898 1370 Bibulo
918 1328 961 1370 in
982 1328 1103 1384 Syria
1118 1335 1255 1384 gestas
1273 1329 1459 1370 continet.

689 1555 841 1609 CIX.

119 1706 278 1748 Caussa?
296 1705 469 1748 civilium
488 1720 691 1748 armorum
711 1713 750 1748 et
768 1707 893 1748 initia
922 1704 1161 1759 referuntur,
1183 1707 1475 1747 contentiones-

56 1777 132 1819 que
166 1765 217 1805 de
250 1776 466 1806 successore
496 1765 542 1806 C.
567 1765 722 1807 Caesari
759 1764 964 1814 mittendo,
1000 1777 1117 1818 quum
1150 1777 1192 1806 se
1222 1764 1476 1819 dimissurum

57 1822 254 1863 eoeercitus
273 1828 452 1876 negaret,
474 1820 508 1846 ⁸³
521 1822 605 1863 nisi
618 1836 645 1863 a
666 1822 859 1876 Pompeio
877 1820 1185 1863 dimitterentur.
1244 1822 1305 1862 Et
1327 1821 1371 1862 C.
1394 1821 1475 1863 Cu-

53 1879 183 1921 rionis
220 1878 374 1920 tribuni
398 1879 531 1932 plebis
559 1878 593 1904 ⁸⁴
598 1880 767 1933 primum
803 1879 991 1921 adversus
1023 1879 1236 1928 Ca’sarem,
1276 1879 1373 1919 dein
1403 1892 1476 1932 pro

62 1936 222 1978 Caesare
260 1936 439 1978 actiones
476 1937 668 1979 continet.
736 1936 871 1986 Quum
909 1937 1289 1978 senatusconsultum
1309 1935 1477 1991 factum

56 1999 170 2043 esset,
190 2000 235 2035 ut
249 2008 441 2036 successor
462 1994 620 2036 Caesarz·
648 1995 888 2044 mitteretur,
910 1994 977 2035 M.
998 1993 1177 2035 Antonio
1196 1999 1235 2034 et
1258 1992 1314 2043 Q.
1337 1993 1476 2035 Cassio

57 2051 233 2092 tribunis
257 2051 404 2104 plebis,
431 2053 622 2106 quoniam
651 2051 998 2094 intercessionibus
1021 2051 1068 2092 id
1096 2052 1476 2092 senatusconsultum

58 2107 333 2161 inpediebant,
355 2108 451 2150 urbe
471 2109 613 2162 pulsis,
636 2111 868 2151 mandatum
898 2115 956 2150 est
975 2122 1002 2149 a
1020 2114 1161 2150 senatu
1188 2107 1408 2150 consulibus
1437 2113 1476 2149 et

59 2165 135 2207 Cn.
161 2166 369 2220 Pompeio,
390 2171 434 2207 ut
453 2166 650 2220 viderent,
670 2181 720 2208 ne
738 2167 839 2222 quid
856 2165 1081 2219 respublica
1109 2165 1338 2207 detrimenti
1355 2179 1475 2219 cape-

57 2229 129 2264 ret.
191 2223 239 2266 C.
275 2223 427 2273 Gesar,
455 2223 558 2264 bello
587 2225 771 2266 inimicos
792 2229 1088 2278 persecuturus,
1113 2237 1198 2264 cum
1227 2223 1404 2264 exercitu
1432 2223 1475 2263 in

55 2279 226 2322 Italiam
259 2280 389 2321 venit:
441 2280 659 2332 Corfinium
692 2296 776 2322 cum
807 2282 862 2322 L.
885 2281 1074 2323 Domitio
1109 2287 1148 2321 et
1177 2278 1276 2321 ⁸⁵L.
1296 2280 1474 2321 Lentulo

54 2337 172 2391 cepit,
194 2352 334 2392 eosque
361 2338 528 2381 dimisit.
588 2339 662 2382 Cn.
682 2339 915 2393 Pompeium
943 2344 1167 2393 ceterosque
1187 2338 1374 2392 partium
1393 2335 1476 2391 ejus

57 2394 189 2436 Italia
208 2396 376 2450 expulit.

98 2601 140 2631 82
162 2600 200 2631 In
223 2603 253 2632 id
275 2608 384 2642 tempus
404 2602 583 2644 consulat-us]
620 2603 736 2634 Merito

54 2642 138 2674 delet
150 2643 184 2675 νδ
197 2643 229 2673 id
244 2644 430 2677 Gronovius.

98 2686 138 2716 83
164 2686 230 2716 Nisi
251 2698 269 2717 a
292 2688 440 2730 Pompeio]
464 2687 600 2719 Melius:
630 2689 688 2719 nisi
708 2695 736 2719 et

790 2603 864 2644 Ipse
878 2602 1058 2634 inveniebat
1079 2603 1112 2634 in
1126 2601 1230 2633 libris:
1270 2602 1405 2631 Primum
1418 2601 1471 2629 ad·

789 2656 903 2676 versum
942 2646 1089 2678 Coesarem
1127 2647 1163 2678 de
1194 2645 1300 2686 populo
1342 2643 1472 2673 Romano

793 2690 906 2719 Caesare
919 2690 1051 2720 actiones.

52 2729 233 2768 aPompez'o.
276 2730 493 2763 GRONovuJS.

99 2771 141 2802 84
165 2771 299 2802 Primum
319 2775 453 2805 adversus
483 2775 639 2810 Cei-sarem,
667 2775 735 2804 dein

54 2824 108 2852 pro
131 2814 247 2845 Ca’sare
274 2816 413 2857 actiones]
450 2817 543 2848 Hanc
571 2817 736 2848 lectionem

57 2856 200 2897 Sigonius
215 2857 412 2890 concinnavit
427 2858 467 2890 ad
481 2859 616 2891 historiae
631 2859 736 2891 fidem.

832 2732 874 2762 85
898 2732 936 2762 P.
959 2731 1101 2774 Lentulo]
1137 2730 1227 2762 Male
1250 2728 1384 2769 vulgatae
1405 2724 1471 2757 edi-

790 2773 890 2805 tiones
906 2774 943 2804 L.
959 2774 1097 2806 Lentulo.
1126 2774 1160 2804 Is
1174 2772 1256 2804 enim
1272 2776 1318 2801 est
1334 2770 1372 2800 P.
1389 2769 1469 2800 Len-

791 2816 874 2847 tulus
896 2816 1052 2858 Spinther,
1075 2816 1128 2857 qui
1156 2813 1263 2846 consul
1285 2812 1471 2843 Ciceronem

792 2859 823 2890 in
839 2859 972 2900 patriam
987 2859 1173 2891 restituerat.
1182 2856 1256 2889 vid.
1270 2855 1361 2888 insta.
1373 2865 1402 2887 c.
1417 2855 1472 2886 65.

812 2907 874 2942 52
