1841 3179
551 79 932 123 AUCTORUM.
1391 85 1491 112 cxxv

42 203 189 262 gilium
215 197 468 247 Martialem,
490 197 519 236 J
525 195 655 236 ulium
681 190 981 247 Capitolinum,
1001 185 1163 227 AElium
1186 183 1496 239 Lampridium,

44 269 300 315 ceterosque,
323 255 396 311 qui
427 255 515 294 haec
537 261 578 293 et
599 250 711 299 talia,
734 264 816 289 non
840 256 924 288 tam
949 245 1101 286 diserte
1132 256 1261 297 quam
1283 256 1393 289 vere,
1416 256 1498 280 mc-

45 317 188 359 moriae
210 313 497 372 prodiderunt.

333 369 591 411 Censorinus
612 366 676 405 lib.
701 364 750 404 de
770 364 836 402 die
858 361 1012 402 Natali
1032 373 1121 411 cap.
1145 357 1212 398 17.

105 432 145 472 T
150 432 234 471 itus
256 427 404 469 Livius
434 425 540 464 libro
572 434 750 461 cxxxvi.
812 419 971 459 Eodem
1001 430 1116 455 anno
1146 414 1266 453 ludos
1294 412 1501 452 seculares

50 490 198 531 Ccescm·
218 485 381 538 ingente]
402 480 749 536 apparatheeit,
771 491 872 530 quos
892 475 1110 515 centesimo
1130 484 1291 524 quoque
1311 482 1425 509 anno
1448 467 1504 518 (is

47 548 159 587 enim
180 544 385 585 terminus
404 538 665 592 secali)fieri
684 549 781 575 mos.

517 594 731 635 Eusebius
750 593 799 631 in
822 589 1037 631 Clzroniao.

108 660 174 700 Ea
193 672 290 713 quae
311 655 363 695 de
385 651 579 701 Catilina,
599 649 804 703 Cethego,
822 645 1023 693 Lentulo,
1040 651 1081 683 et
1102 640 1269 682 consule
1292 638 1505 687 Cicerone,

54 715 277 758 Sallustius
298 710 440 753 scribit
461 718 502 750 et
526 707 689 756 Livius,
711 706 789 746 hoc
810 711 929 759 gesta
950 709 1047 742 sunt
1068 708 1266 754 tempore.

716 763 845 804 Idem.

112 827 297 870 Messala
328 824 535 867 Corvinus
564 829 705 862 orator
733 818 934 867 nascitur,
955 823 997 856 ct
1021 815 1074 854 T.
1100 811 1248 853 Livius
1280 808 1510 852 Patavinus

54 885 230 943 scriptor
250 882 483 925 historicus.

717 935 845 975 Idem.

113 1000 263 1043 Livius
285 995 525 1039 Historicus
547 991 712 1034 Patavii
733 989 923 1031 moritur.

298 1057 355 1096 D.
379 1055 669 1105 Hieronymus
688 1051 737 1090 in
757 1047 960 1089 Prooemio
980 1045 1029 1084 in
1048 1042 1284 1083 Danielem.

114 1115 187 1157 Ad
218 1110 507 1167 intelligendas
536 1116 744 1150 extremas
773 1111 912 1160 partes
944 1099 1145 1147 Danielis,
1176 1095 1399 1151 multiplex
1434 1093 1516 1135 his-

57 1172 166 1215 toria
195 1171 442 1213 Graecorum
470 1164 698 1207 necessaria
718 1170 779 1203 est
802 1193 809 1201 .
834 1192 842 1200 .
870 1191 878 1200 .
900 1156 1196 1215 praecipueque
1226 1152 1357 1194 nostri
1388 1150 1515 1199 Livii,

55 1238 97 1272 et
120 1227 309 1285 Pompeii
332 1223 481 1280 Trogi,
498 1231 626 1279 atque
647 1217 827 1265 Justini;
861 1216 936 1272 qui
951 1228 1115 1255 omnem
1136 1220 1334 1253 extremae
1350 1207 1518 1249 visionis

58 1293 228 1328 narrant
262 1282 493 1331 historiam,
524 1288 566 1321 et
600 1286 696 1334 post
727 1273 1021 1316 Alexandrum
1053 1284 1189 1324 usque
1222 1267 1276 1308 ad
1310 1266 1518 1306 Caesarem

60 1345 327 1399 Augustum,
351 1339 485 1396 Syriae
514 1345 556 1378 et
578 1332 775 1391 AEgypti,
797 1331 841 1373 id
871 1337 948 1381 est,
972 1326 1149 1376 Seleuci,
1170 1332 1212 1366 et
1237 1322 1454 1372 Antiochi,
1476 1329 1518 1363 et

62 1401 401 1447 Ptolemaeorum,
421 1394 532 1437 bella
551 1391 806 1434 describunt.

324 1455 443 1496 Idem
465 1452 661 1506 Epistola
682 1449 738 1488 ad
758 1447 1027 1493 Paullinum,
1050 1447 1142 1483 tom.
1166 1440 1257 1480 III.

120 1514 195 1556 Ad
217 1512 370 1554 Titum
400 1509 589 1557 Livium,
610 1506 743 1547 lacteo
773 1501 1023 1559 eloquentiae
1052 1498 1168 1539 fonte
1193 1502 1445 1543 manantem,
1468 1491 1520 1533 de

64 1571 223 1614 ultimis
254 1567 473 1624 Hispaniae
505 1564 825 1617 Galliarumque
855 1559 1010 1601 finibus
1039 1553 1243 1612 quosdam
1265 1550 1424 1593 venisse
1452 1565 1525 1590 no-

65 1630 169 1672 biles
206 1626 400 1683 legimus:
448 1632 489 1666 et
520 1637 626 1678 quos
655 1619 709 1661 ad
744 1613 1137 1672 contemplationem
1175 1610 1239 1651 sui
1270 1611 1409 1651 Roma
1443 1621 1525 1647 non

67 1692 268 1734 traxerat,
304 1682 429 1724 unius
467 1678 647 1722 hominis
686 1677 799 1718 fama
832 1671 1048 1731 perduxit.
1110 1666 1277 1710 Habuit
1312 1666 1386 1707 illa
1426 1672 1527 1705 aetas

68 1742 308 1785 inauditum
343 1738 538 1781 omnibus
573 1734 722 1777 seculis
756 1729 1140 1784 celebrandumque
1175 1723 1442 1774 miraculum,
1478 1728 1527 1761 ut

69 1808 230 1843 tantam
250 1798 399 1840 urbem
419 1794 608 1851 ingressi,
630 1791 747 1834 aliud
767 1798 888 1831 extra
907 1787 1055 1828 urbem
1077 1790 1326 1840 quaererent.

339 1855 545 1897 Sidonius
565 1850 827 1904 Apollinaris
848 1848 1009 1898 Paneg.
1032 1841 1258 1884 Anthemii.

595 1907 661 1948 vel
682 1903 895 1962 quidquid
914 1902 957 1943 in
977 1914 1117 1942 aevum

189 1969 374 2010 Mittunt
396 1965 610 2023 Euganeis
631 1962 837 2006 Patavina
856 1958 1071 2001 volumina
1091 1954 1257 1997 chartis.

661 2020 946 2063 Cassiodorus.

134 2085 182 2126 C.
206 2085 347 2125 Caesar
368 2081 444 2122 VI.
466 2087 508 2121 et
530 2079 593 2120 M.
617 2076 815 2134 Agrippa
836 2075 927 2115 III.

134 2141 217 2183 His
237 2138 475 2181 consulibus
498 2137 638 2178 Caesar
658 2135 771 2190 leges
790 2129 983 2189 protulit,
1000 2126 1165 2184 judices
1194 2120 1418 2170 ordinavit,
1440 2134 1534 2175 pro-

78 2198 232 2241 vincias
261 2194 482 2252 disposuit,
503 2201 545 2235 et
574 2192 668 2234 ideo
699 2192 926 2245 Augustus
956 2182 1272 2241 cognominatus
1302 2187 1380 2220 est:
1413 2176 1535 2233 cujus

79 2253 338 2312 temporibus
358 2252 591 2295 floruerunt
612 2247 829 2304 Virgilius,
851 2242 1073 2291 Horatius,
1094 2248 1136 2282 et
1156 2237 1317 2280 Livius.
