1805 3174
428 116 510 153 DE
559 112 999 158 PONDERIBUS,
1037 114 1106 150 &c.
1466 112 1500 149 ci

113 224 192 266 Sed
216 240 295 266 non
316 226 376 266 ita
397 225 530 266 multo
550 232 643 280 post
666 231 829 264 mutata
850 238 913 263 res
934 230 1010 271 est,
1028 229 1069 262 et
1092 219 1274 277 pretium
1297 220 1389 260 aeris
1405 236 1499 261 aue-

52 287 161 330 tum,
202 297 284 323 non
323 293 407 324 tam
447 281 714 323 affluentibus
753 281 926 329 divitiis,
968 293 1095 334 quam
1139 285 1312 331 urgente
1348 278 1497 333 inopia.

55 337 174 378 Bello
194 340 302 380 enim
326 339 485 380 Punico
505 338 655 393 primO,
678 352 808 393 quum
842 336 1038 392 impensis
1059 334 1294 390 respublica
1314 349 1394 374 non
1417 334 1501 375 suf-

53 394 206 443 ficeret,
224 397 464 437 institutum
487 403 534 436 ut
556 411 663 435 asses
685 395 937 435 sextantario
957 392 1140 449 pondere
1160 391 1399 439 ferirentur,
1418 406 1501 430 ma-
1515 399 1608 428 Assos
1625 409 1694 428 sex-

53 462 175 492 nente
198 452 420 493 levioribus
441 453 506 493 bis
527 452 687 493 assibus
708 451 851 491 eodem
875 450 1023 506 pretio,
1042 448 1154 504 quod
1179 447 1396 488 libralibus
1413 447 1501 487 fue-
1515 444 1652 472 tantarii.

52 516 128 548 rat.
193 510 363 550 Mutato
398 525 515 550 aereae
550 516 727 549 monetae
766 508 963 563 pondere,
1006 515 1045 547 et
1087 513 1249 546 mutata
1288 513 1386 545 nota
1426 515 1497 545 est.

54 564 167 606 Nota
197 567 289 606 aeris
310 575 401 607 tum
432 565 515 607 fuit
537 581 585 606 ex
609 566 738 607 altera
767 572 885 620 parte
916 565 1052 603 «Ianus
1073 563 1277 617 geminus,
1299 577 1349 602 ex
1372 561 1446 602 altr
1457 577 1502 601 ra

51 630 233 663 rostrum
265 623 398 664 navis:
436 624 477 663 in
510 623 658 664 triente
690 637 787 662 vero
819 630 859 662 et
892 620 1139 675 quadrante,
1171 620 1286 669 ratis,
1318 618 1429 659 unde
1459 626 1501 659 et

50 681 170 719 ratiti
189 679 400 720 interdum
423 680 524 721 dieti
547 688 658 728 sunt,
681 687 784 720 teste
809 679 945 718 Festo.

111 737 261 776 Postea
283 737 492 777 Annibale
514 745 703 791 urgente,
723 737 771 785 Q.
792 735 923 775 Fabio
946 734 1137 774 Maximo
1158 732 1375 781 dictatore,
1393 744 1609 772 assesA-scs
1625 753 1683 771 ur.-

51 793 232 833 uneiales
254 794 374 834 facti:
413 793 485 834 sed
506 802 669 834 mutata
699 801 760 833 est
782 806 924 832 eorum
947 791 1000 831 ad
1021 799 1239 844 argentum
1263 790 1497 845 proportio;
1514 787 1619 816 ⁰³³¹&-

50 848 296 906 plaeuitque
326 850 543 891 denarium
580 849 755 890 sedecim
787 848 948 889 assibus
982 847 1227 903 permutari,
1259 846 1500 901 quinarium

49 907 224 957 octonis,
264 908 498 948 sestertium
540 907 766 963 quaternis.
830 906 1045 946 Postremo
1086 920 1193 944 asses
1233 902 1501 944 semunciales
1516 903 1609 950 ¹³³⁵&
1626 909 1707 929 sem-

50 962 165 1013 faeti,
188 980 274 1019 quo
304 974 504 1020 tempore,
534 980 620 1020 quo
649 963 806 1003 ferente
837 962 985 1016 legem,
1007 962 1228 1001 incertum:
1276 960 1353 1000 nisi
1386 960 1501 1015 quod
1516 954 1663 974 ¹¹¹¹⁶¹²¹⁹⁵‘

50 1018 222 1061 latorem
245 1021 347 1076 legis
371 1022 587 1077 Papirium
610 1021 839 1061 vocitatum
866 1019 995 1059 fuisse
1016 1026 1192 1067 constat,
1214 1033 1345 1072 quum
1369 1017 1500 1072 ipsam

49 1074 182 1132 legem
206 1078 368 1119 Plinius
392 1078 602 1133 Papiriam
624 1076 817 1133 appellet.
881 1075 963 1116 Sed
984 1083 1084 1116 tunc
1106 1084 1243 1115 tamen
1266 1083 1427 1114 servata
1442 1083 1503 1114 est

48 1133 194 1174 eadem
225 1150 323 1191 quae
343 1150 367 1175 a
386 1135 496 1175 bello
528 1135 689 1175 Punico
720 1132 901 1174 seeundo
931 1131 1165 1172 invaluerat
1195 1130 1346 1170 horum
1367 1130 1420 1170 ad
1441 1146 1505 1170 ar-

47 1199 222 1245 gentum
244 1192 363 1232 ratio.

106 1248 220 1289 Nota
234 1248 395 1304 argenti
411 1247 528 1289 fuere
548 1247 659 1303 bigae
675 1255 803 1303 atque
825 1245 1059 1302 quadrigae,
1077 1253 1118 1286 et
1137 1243 1235 1285 inde
1249 1244 1383 1299 bigati
1400 1259 1503 1300 qua-

48 1303 289 1361 drigatique
309 1304 424 1346 dicti.

105 1362 278 1402 Aureus
306 1377 504 1402 nummus
539 1369 634 1417 post
664 1375 818 1401 annum
856 1359 1084 1400 secundum
1120 1366 1161 1399 et
1198 1358 1500 1413 sexagesimum
1514 1362 1639 1390 Aureus

50 1417 198 1459 Romae
219 1433 441 1475 percussus
461 1426 537 1467 est,
559 1433 687 1473 quam
709 1425 946 1473 argenteuS,
963 1416 1008 1456 id
1028 1424 1104 1465 est,
1125 1415 1236 1456 bello
1258 1415 1419 1454 Punico
1441 1430 1500 1455 se·
1513 1414 1668 1476 2ὲὲζίᾞὸ

47 1474 201 1526 cundo,
226 1476 272 1516 C.
298 1475 477 1516 Claudio
498 1476 678 1525 Nerone,
702 1475 765 1514 M.
791 1474 916 1514 Livio
939 1474 1001 1513 II.
1024 1472 1283 1513 consulibus:
1322 1480 1499 1527 tumque
1513 1468 1595 1519 beno
1614 1490 1709 1519 Puni-

48 1531 139 1572 auri
161 1533 472 1588 proportionem
489 1532 542 1572 ad
559 1540 779 1587 argentum
801 1529 1127 1586 quindecuplam
1148 1529 1276 1569 fuisse
1292 1543 1342 1568 ex
1362 1528 1499 1568 Plinio
1513 1542 1549 1561 co
1566 1534 1684 1572 signari

48 1588 277 1644 colligitur:
323 1589 394 1629 sed
420 1590 538 1630 brevi
569 1587 748 1644 decupla
774 1588 919 1628 effecta
948 1596 1009 1628 est
1040 1602 1089 1626 ex
1118 1586 1349 1626 imitatione
1381 1583 1643 1625 G1·ae-⁰oep¹⁰³·

48 1660 204 1686 corum.
266 1646 440 1686 Decimo
470 1646 594 1687 tertio
615 1653 708 1701 post
738 1645 894 1685 bellum
932 1643 1230 1683 Annibalieum
1263 1641 1498 1682 confectum
1512 1646 1592 1674 Auri
1604 1647 1644 1675 ad
1657 1655 1706 1676 ar-

47 1717 155 1742 anno
170 1703 378 1758 jubentur
399 1703 532 1743 AEtoli
554 1718 631 1758 pro
647 1702 788 1742 decem
810 1701 1015 1756 argenteis
1037 1715 1168 1740 unum
1185 1714 1357 1739 aureum
1379 1714 1498 1739 num-
1510 1693 1650 1760 gestura

48 1774 163 1799 mum
194 1760 389 1815 pendere,
411 1768 459 1800 ut
489 1759 615 1800 habet
648 1759 797 1799 Livius
825 1758 850 1797 l.
876 1757 1158 1797 XXXVIII.
1181 1771 1214 1796 c.
1239 1756 1303 1795 11.
1327 1755 1427 1805 sive,
1450 1764 1497 1797 ut
1511 1740 1686 1811 gujffiaeg,

48 1815 200 1856 elarius
223 1817 441 1872 Polybius,
464 1832 540 1872 pro
561 1816 702 1856 decem
723 1815 885 1870 argenti
906 1814 1028 1854 minis
1049 1828 1175 1853 unam
1197 1813 1287 1853 auri
1310 1812 1476 1852 minam.
1511 1817 1562 1853 1³¹a
1579 1817 1696 1864 primo,

106 1874 299 1914 Aureum
320 1889 540 1914 nummum
562 1872 686 1913 unius
702 1872 878 1927 generis,
895 1871 1019 1911 unius
1041 1870 1186 1910 formae
1207 1869 1323 1925 apud
1345 1870 1498 1910 Roma-
1510 1860 1715 1931 Ξὶἶζιξῖοδῐθᾶ

48 1944 122 1970 nos
152 1930 280 1970 fuisse
312 1939 448 1972 censet
485 1930 739 1978 Gronovius,
771 1937 899 1984 atque
933 1927 1028 1968 ideo
1059 1942 1140 1967 non
1175 1926 1347 1982 reperiri
1383 1926 1497 1982 apud
1592 1911 1652 1940 μὴ

49 1987 270 2042 scriptores
301 1987 417 2027 varia
450 2001 672 2027 aureorum
709 1987 1010 2035 Romanorum,
1044 1981 1400 2040 quemadmodum
1436 1999 1499 2024 ar-
1512 1993 1559 2021 De
1570 1992 1639 2021 Poe.
1654 1997 1714 2022 vet.

47 2052 309 2098 genteorum,
331 2043 512 2094 nomina,
535 2043 637 2099 quia
665 2051 957 2098 argenteorum
988 2041 1069 2083 tria
1094 2055 1247 2097 genera
1276 2047 1407 2091 erant,
1430 2040 1499 2080 de-
1511 2036 1565 2107 ¹1¹}-
1582 2035 1644 2066 ῙῙῙ·
1661 2046 1687 2065 c.

48 2101 205 2150 narius,
229 2101 460 2155 quinarius,
484 2100 716 2147 sestertius3
749 2113 971 2139 aureorum
993 2112 1138 2138 unum.
1555 2099 1562 2106 '

107 2158 243 2213 Cujus
278 2157 472 2212 ponderis
508 2172 659 2197 aureus
694 2171 890 2196 nummus
925 2155 1061 2211 primo
1098 2154 1245 2194 Romae
1277 2169 1498 2209 percussus

46 2213 191 2263 fuerit,
213 2229 348 2269 quum
378 2213 662 2269 quindecupla
682 2213 772 2253 auri
794 2211 847 2253 ad
869 2220 1090 2267 argentum
1117 2212 1333 2266 proportio
1354 2211 1395 2251 in
1419 2227 1497 2252 usu

47 2279 151 2321 erat,
173 2286 254 2311 non
282 2271 523 2326 reperimus.
587 2269 667 2310 Sed
698 2269 805 2309 illud
836 2269 1050 2325 perbreve,
1074 2276 1121 2308 ut
1143 2267 1267 2307 modo
1297 2267 1496 2317 diximus,

46 2326 314 2368 intervallum
344 2327 444 2368 fuit:
476 2335 571 2382 post
602 2326 717 2382 quod
744 2328 922 2379 placuit,
944 2325 1083 2380 inquit
1116 2324 1293 2373 Plinius,
1316 2326 1713 2377 quaclra-XL-nqmmi

41 2389 170 2436 ginta
188 2399 381 2424 nummos
396 2386 561 2437 signari
582 2398 632 2423 err
653 2385 751 2423 auri
766 2384 890 2423 libris.
954 2382 1020 2422 Sic
1041 2382 1149 2421 enim
1171 2380 1393 2436 legendum
1411 2396 1496 2421 esse
1508 2378 1630 2439 {xri-naun
1648 2371 1683 2397 ¹¹·

47 2442 160 2483 hunc
181 2440 308 2481 Plinii
329 2441 466 2481 locum
497 2440 719 2489 eredimus,
742 2448 788 2480 ut
811 2448 851 2480 et
873 2439 1027 2479 habent
1049 2438 1210 2493 aliquot
1242 2438 1369 2477 MSS.
1393 2446 1495 2478 teste
1509 2431 1674 2484 Plixi.ibid.

50 2499 113 2540 Cl.
133 2497 372 2547 Harduino,
390 2497 582 2553 quamvis
602 2497 690 2552 ipse
706 2496 829 2536 aliam
850 2495 1068 2536 lectionem
1088 2495 1221 2549 magis
1242 2494 1495 2550 probaverit,

47 2564 88 2597 et
116 2555 158 2595 in
186 2562 427 2595 contextum
458 2553 682 2595 admiserit.
745 2553 887 2603 Quum
914 2552 1046 2607 igitur
1076 2551 1356 2607 quadraginta
1383 2550 1496 2590 aurei

47 2628 101 2653 ex
122 2611 240 2652 libris
260 2612 396 2652 aureis
417 2611 695 2667 signarentur,
714 2610 747 2651 si
766 2618 932 2650 centum
954 2608 1112 2649 denarii
1128 2609 1170 2648 in
1193 2607 1339 2647 libram
1362 2607 1497 2661 impu-

48 2676 206 2718 tentur‚
238 2668 429 2723 sequitur
459 2683 633 2708 aureum
655 2681 875 2707 nummum
897 2666 1031 2706 dufim
1054 2664 1318 2705 denariorum
1340 2671 1381 2703 et
1403 2663 1496 2717 qui-

48 2725 153 2766 narii
174 2723 340 2780 pondus
369 2739 567 2779 aequasse.
629 2725 776 2779 Atque
803 2723 881 2763 hoc
903 2722 1074 2777 quidem
1105 2721 1283 2776 perbene
1304 2719 1495 2760 convenit

48 2797 145 2822 cum
165 2789 370 2837 perpetua
385 2781 499 2822 aurei
518 2781 697 2821 Romani
719 2780 1006 2828 aestimatione,
1024 2792 1150 2833 quem
1166 2784 1323 2816 veteres
1344 2790 1495 2830 magno
1507 2785 1631 2814 Aureus
1647 2788 1709 2816 Ro-

48 2853 248 2880 consensu
269 2837 419 2893 Viginti
440 2837 629 2894 quinque
650 2837 829 2877 denariis
849 2835 1055 2891 argenteis
1076 2833 1253 2874 valuisse
1274 2840 1491 2873 testantur.
1506 2837 1623 2899 ἲῖζ-ῐηξδ
1637 2839 1691 2901 Ἔθ-

792 2917 820 2943 G
842 2910 867 2944 3
1508 2922 1573 2942 nar.
