1826 3149
346 73 418 112 116
868 74 1014 114 ΤΙΤΙ
1057 73 1230 113 L1V11

137 189 309 220 U.C.583.
342 196 468 239 super
505 183 769 225 Ambracium
805 184 955 235 sinum,
984 199 1114 241 prope
1144 198 1306 226 amnem
1331 182 1579 225 Acheloum.
1640 183 1749 225 Cum

134 233 218 263 A.C.
239 234 309 264 169.
342 240 484 281 decem
515 239 698 282 millibus
732 241 922 297 peditum
951 257 999 282 eo
1030 241 1242 297 profectus
1271 249 1333 283 est
1362 249 1403 283 et
1433 240 1645 296 equitibus
1670 249 1751 282 tre..

341 297 493 339 centis:
526 313 631 353 quos
661 298 876 354 pauciores
908 306 1079 353 propter
1109 298 1322 353 angustias
1341 298 1503 339 viarum
1533 305 1574 338 et
1599 298 1750 353 asperi..

342 362 469 395 tatem
490 354 624 396 duxit.
687 354 835 395 Tertio
862 354 931 395 die
949 369 1081 410 quum
1107 354 1360 410 pervenisset
1380 354 1434 395 ad
1457 354 1615 396 Citium
1635 369 1750 395 mon-

341 419 445 460 tem,
462 411 532 452 vix
559 420 838 466 transgressus
866 419 1037 467 propter
1061 411 1325 452 altitudinem
1348 411 1468 461 nivis,
1490 411 1627 452 locum
1647 426 1750 467 quo-

341 482 423 523 que
452 468 596 509 castris
627 482 739 523 aegre
767 467 936 509 invenit.
997 468 1217 509 Profectus
1248 468 1358 519 inde,
1380 468 1511 524 magis
1538 468 1638 524 quia
1666 484 1751 509 ma„

340 539 436 566 nere
466 540 548 566 non
582 532 760 580 poterat,
783 539 909 580 quam
939 524 1054 580 quod
1091 524 1318 566 tolerabilis
1345 533 1419 566 aut
1449 525 1517 566 via
1544 533 1618 566 aut
1649 533 1751 566 tem-

340 590 478 636 pestas
506 589 626 632 esset,
648 596 743 622 cum
773 580 930 637 ingenti
955 581 1187 632 vexatione,
1209 581 1420 638 praecipue
1445 582 1749 637 jumentorum,
1792 600 1796 604 ¹

339 638 470 680 altero
498 638 565 679 die
595 637 649 679 ad
679 637 882 695 templum
903 638 1037 688 Jovis‚
1059 654 1185 694 quem
1206 638 1397 680 Nicaeum
1425 647 1587 688 vocant,
1609 639 1748 694 posuit

339 703 484 736 castra.
545 695 618 735 Ad
639 695 905 737 Arachthum
934 694 1030 736 inde
1059 695 1230 746 flumen,
1251 695 1400 738 itinere,
1428 695 1586 751 ingenti
1616 710 1750 737 emen-

339 766 398 801 so,
420 759 606 792 retentus
636 751 857 793 altitudine
886 751 1032 802 amnis,
1054 751 1086 775 ¹⁵
1099 752 1261 794 mansit.
1322 754 1416 803 Quo
1437 753 1571 808 spatio
1592 760 1750 808 tempo-

339 808 394 848 ris
439 816 565 864 ponte
608 808 807 864 perfecto,
838 809 1042 850 traductis
1081 809 1208 865 copiis
1251 809 1333 851 diei
1373 824 1615 865 progressus
1654 809 1748 861 iter,

338 864 371 887 ¹⁶
382 864 578 906 obviumy
600 865 905 907 Archidamum
933 865 1162 921 principem
1184 865 1439 916 AEtolorum‚
1461 881 1535 922 per
1561 882 1687 922 quem
1711 867 1748 908 ei

339 922 504 962 Stratus
525 921 785 973 tradebatur,
806 921 967 963 habuit.

395 979 559 1019 XXII.
592 980 658 1020 Eo
679 978 747 1020 die
766 979 820 1020 ad
849 980 974 1020 finem
1001 979 1090 1036 agri
1111 979 1245 1021 AEtoli
1269 988 1404 1021 castra
1434 978 1579 1035 posita.
1642 980 1749 1021 Inde

335 1034 466 1076 altero
497 1034 564 1076 die
601 1035 655 1076 ad
690 1036 878 1077 Stratum
910 1044 1182 1091 perventum:
1224 1036 1313 1087 ubi,
1349 1052 1478 1092 prope
1511 1036 1747 1078 Acheloum

334 1106 498 1132 amnem
530 1092 673 1133 castris
707 1092 866 1148 positis,
900 1107 1033 1148 quum
1065 1101 1338 1149 exspectaret,
1371 1093 1522 1134 effusos
1554 1093 1747 1135 omnibus

335 1148 466 1204 portis
488 1149 653 1189 AEtolos
674 1149 715 1191 in
743 1149 868 1190 fidem
890 1164 1007 1190 suam
1028 1157 1240 1200 venturos,
1262 1150 1421 1191 clausas
1440 1158 1597 1206 portas,
1618 1158 1748 1206 atque

122 1204 257 1233 stratum
276 1203 321 1234 in·
335 1206 424 1261 ipsa
453 1221 501 1246 ea
529 1213 664 1256 nocte,
686 1220 771 1262 qua
790 1213 973 1256 venerat,
995 1214 1209 1262 receptum
1234 1207 1473 1247 Romanum
1502 1207 1746 1263 praesidium

122 1251 204 1319 ξῐζὲᾟ
223 1247 285 1277 ¹³⁰*
333 1277 428 1303 cum
467 1263 514 1303 C.
542 1262 721 1318 Popillio
755 1262 893 1318 legato
927 1262 1097 1304 invenit.
1158 1262 1386 1319 Principes,
1423 1264 1496 1319 qui
1530 1264 1748 1320 praesentis

211 1313 216 1318 ⁷
334 1318 579 1360 Archidami
609 1319 858 1361 auctoritate
878 1319 1080 1375 compulsi
1110 1335 1249 1376 regem
1279 1320 1559 1371 arcessierant,
1581 1321 1747 1363 obviam

332 1390 495 1430 egresso
526 1375 783 1416 Archidamo
816 1375 1023 1431 segniores
1054 1376 1169 1426 facti,
1190 1376 1327 1417 locum
1358 1377 1545 1418 adversae
1575 1378 1747 1419 factioni

333 1431 533 1472 dederant
569 1432 622 1472 ad
655 1432 881 1488 Popillium
914 1447 1008 1473 cum
1044 1433 1156 1473 mille
1190 1433 1402 1488 peditibus
1433 1434 1486 1475 ab
1519 1435 1747 1476 Ambracia

332 1488 633 1529 arcessendum.
696 1489 748 1529 In
769 1498 955 1545 tempore
975 1497 1016 1530 et
1039 1489 1291 1540 Dinarchus,
1308 1490 1533 1546 praefectus
1553 1491 1745 1548 equitum

331 1545 466 1600 gentis
488 1545 743 1596 AEtolorum,
765 1561 860 1586 cum
891 1546 1093 1588 sexcentis
1122 1546 1334 1602 peditibus
1354 1556 1395 1589 et
1420 1547 1633 1603 equitibus
1653 1564 1746 1589 cen-

332 1610 423 1643 tum
443 1602 569 1643 venit.
632 1602 741 1643 Satis
773 1602 1003 1653 constabat,
1024 1618 1135 1653 eum,
1157 1611 1371 1659 tamquam
1401 1604 1455 1645 ad
1477 1606 1628 1646 Persea
1657 1614 1745 1647 ten·

331 1658 513 1707 dentem,
538 1660 726 1699 Stratum
753 1659 934 1699 venisse:
967 1667 1130 1700 mutato
1155 1659 1304 1700 deinde
1336 1676 1431 1702 cum
1461 1661 1632 1703 fortuna
1659 1662 1745 1703 ani-

332 1729 414 1764 mo,
452 1714 651 1755 Romanis
690 1730 747 1765 se,
789 1715 988 1756 adversus
1027 1731 1133 1771 quos
1171 1725 1355 1767 venerat,
1390 1717 1591 1774 junxisse.
1654 1719 1743 1760 Nec

334 1770 537 1827 Popillius
573 1771 767 1822 securior,
800 1787 927 1827 quam
962 1772 1139 1814 debebat
1181 1788 1280 1824 esse,
1316 1773 1423 1815 inter
1454 1782 1540 1815 tam
1573 1775 1744 1817 mobilia

331 1827 496 1883 ingenia
516 1837 615 1869 erat.
647 1828 781 1869 claves
811 1836 1027 1884 portarum
1060 1830 1375 1885 custodiamque
1407 1846 1623 1872 murorum
1655 1847 1743 1874 suae

331 1884 541 1940 extemplo
573 1885 789 1940 potestatis
818 1885 939 1927 fecit:
979 1886 1239 1927 Dinarchum
1270 1887 1519 1944 AEtolosque
1551 1903 1646 1931 cum
1672 1890 1743 1945 ju-

332 1948 504 1982 ventute
531 1941 780 1983 Stratiorum
811 1942 852 1982 in
882 1958 1016 1983 arcem
1045 1958 1121 1999 per
1148 1944 1333 1999 praesidii
1366 1945 1541 2000 speciem
1573 1945 1740 1988 amovit.

334 1998 523 2047 Perseus,
545 1998 598 2038 ab
628 1998 925 2040 inminentibus
955 1999 1155 2055 superiori
1187 2000 1296 2056 parti
1327 2001 1441 2043 urbis
1461 2002 1635 2043 tumulis
1654 2011 1742 2043 ten-

332 2053 429 2094 tatis
458 2054 700 2109 conloquiis,
731 2071 863 2111 quum
893 2056 1121 2098 obstinatos
1154 2066 1280 2114 atque
1314 2058 1438 2099 etiam
1473 2058 1566 2100 telis
1594 2060 1742 2115 procul

331 2118 515 2152 arcentes
536 2111 710 2163 videret,
731 2109 917 2168 quinque
944 2113 1072 2154 millia
1098 2129 1295 2169 passuum
1323 2116 1376 2156 ab
1405 2115 1510 2156 urbe
1530 2123 1643 2156 trans
1665 2117 1742 2157 Pe-

332 2166 504 2208 titarum
525 2182 685 2209 amnem
706 2169 845 2224 posuit
866 2178 1011 2211 castra.
1073 2170 1139 2211 Ibi
1161 2172 1352 2212 consilioz
1370 2172 1586 2224 advocato,
1607 2188 1739 2228 quum

333 2224 614 2266 Archidamus
643 2225 676 2252 ¹⁷
689 2225 1045 2283 Epirotarumque
1075 2227 1303 2284 transfugae
1332 2228 1570 2279 retinerent,
1601 2230 1741 2271 Mace-

122 2163 309 2204 Regreditur

123 2208 260 2237 Perseus.

711 2370 728 2394 Υ
743 2367 852 2397 obviam
868 2366 965 2399 Gron.

375 2493 416 2524 15
449 2492 572 2523 Mansit.
631 2492 695 2527 Quo
734 2496 825 2532 spatio
864 2495 1012 2536 temporis]

332 2535 472 2566 Profecto
499 2535 549 2567 hic
578 2535 695 2575 aliquid
721 2535 816 2567 deest.
863 2537 907 2568 Ut
932 2537 1014 2568 enim

330 2578 396 2609 haec
424 2583 538 2609 structa
564 2583 644 2613 sunt,
672 2588 795 2610 necesse
819 2584 865 2609 est
890 2580 1013 2611 omnino

331 2626 365 2651 ut
394 2620 498 2652 Livius
528 2620 716 2657 indicaverit,
739 2621 895 2661 quodnam
924 2622 1014 2653 fuerit

330 2663 405 2694 illud
421 2663 554 2705 spatium
575 2664 728 2705 temporiS‚
744 2675 805 2705 quo
827 2665 940 2695 mansit
962 2675 1012 2695 rex

330 2705 369 2736 ad
385 2706 588 2737 Arachthum.

376 2749 415 2779 16
441 2750 561 2779 Olwimn
597 2750 805 2780 Archidamum
830 2772 838 2780 .
863 2771 872 2780 .
895 2772 903 2781 .
926 2772 934 2780 .
958 2751 1008 2780 ha-

330 2791 407 2831 buit]
439 2791 488 2822 Sic
515 2792 618 2828 habet,
643 2792 778 2824 Hearnio
802 2797 890 2828 teste,
913 2792 1011 2834 prima

329 2832 442 2871 edium
464 2834 572 2866 melius
594 2845 698 2876 quam,
715 2841 748 2867 ut
762 2835 895 2876 vulgatae
917 2846 1008 2870 nunc,

1103 2371 1122 2389 Ζ
1135 2369 1254 2400 concilio
1270 2370 1360 2401 Crev-

1055 2497 1175 2527 obviam.

1101 2540 1139 2570 17
1165 2539 1407 2579 Epirotarumque
1423 2537 1603 2580 transfugae]
1628 2538 1655 2569 Ii
1670 2549 1738 2581 pro-

1056 2582 1106 2612 cul
1122 2581 1216 2612 dubio
1230 2587 1317 2612 erant
1338 2592 1375 2612 ex
1398 2581 1528 2612 factione
1544 2581 1684 2623 Cephali,
1702 2582 1741 2613 de

1056 2635 1116 2664 quo
1131 2634 1223 2665 supra
1238 2635 1266 2655 c.
1284 2625 1333 2655 18.
1348 2629 1379 2654 et
1400 2623 1469 2655 ideo
1484 2624 1627 2655 dicuntur
1640 2630 1739 2656 trans-

1057 2666 1148 2707 fugae,
1174 2667 1247 2707 quia
1274 2677 1369 2707 quum
1397 2667 1494 2708 primo
1523 2668 1562 2698 ab
1588 2667 1740 2698 Romanis

1056 2709 1219 2744 stetissent,
1257 2709 1296 2740 ab
1336 2708 1372 2739 iis
1412 2715 1519 2751 postea
1557 2709 1740 2741 defecerant.

1055 2751 1122 2782 Nisi
1157 2752 1232 2782 forte
1264 2751 1314 2783 hic
1347 2763 1469 2794 quoque
1497 2753 1662 2795 legendum
1694 2759 1742 2785 est

1055 2795 1225 2825 AEtolorum.
