1826 3149
110 217 152 248 U.
164 217 202 248 C.
214 217 289 248 584.

108 259 150 290 Λ.
164 260 202 290 C.
218 260 290 292 168.

110 302 249 334 Consilia
264 303 303 335 de

107 344 204 377 bello.

325 95 398 134 156
855 96 1000 135 ΤΙΤΙ
1039 97 1212 136 LIVII

323 203 374 244 de
409 204 567 246 ratione
597 204 695 246 belli
724 205 894 260 gerendi
925 206 1065 262 coepit.
1137 205 1333 247 Placebat
1369 203 1637 261 quibusdam,
1659 205 1740 248 9⁶et

322 261 502 302 maxime
534 262 763 317 majoribus
794 270 912 312 natu,
945 278 1019 318 per
1051 263 1204 319 Enipei
1235 263 1368 319 ripam
1404 262 1741 319 munitionesque

322 317 406 359 vim
436 318 585 369 facere,
606 319 799 372 consertis
828 325 867 358 et
897 321 973 359 vim
987 319 1245 372 facientibus
1274 321 1458 360 resistere
1489 319 1741 360 Macedonas

321 389 402 415 non
420 389 533 428 posse
546 391 559 414 :
590 390 638 415 ex
653 382 712 416 tot
727 376 903 416 castellis
918 377 1131 429 aliquanto
1151 377 1366 417 altioribus
1380 391 1429 416 ac
1444 376 1739 426 munitioribus,

322 446 412 486 qzcoe
443 433 592 472 validis
619 433 832 484 praesidiis
863 433 1113 484 insedissent,
1136 434 1278 486 priore
1297 448 1407 473 αηηο
1439 432 1621 487 όεῇεείοε.
1652 433 1742 474 aliis

321 489 527 545 placebat,
570 489 792 530 Octavium
832 505 928 530 cum
969 490 1095 531 classe
1136 490 1473 531 Thessalonicam
1508 498 1663 546 petere,
1699 498 1742 531 et

322 546 593 602 populatione
632 546 852 587 maritimae
887 562 971 588 orae
1011 547 1259 603 distringere
1294 547 1432 603 copias
1466 547 1623 602 regias:
1676 555 1739 597 ut,

322 603 454 644 altero
483 602 536 642 ab
566 611 685 657 tergo
706 618 748 643 se
767 603 1010 645 ostendente
1039 604 1163 654 bello,
1186 605 1462 645 circumactus
1491 603 1545 644 ad
1574 604 1742 645 interio-

322 674 409 700 rem
440 667 601 715 partem
632 660 748 715 regni
779 660 993 711 tuendam,
1025 661 1184 702 nudare
1213 661 1356 717 aliqua
1384 668 1502 716 parte
1542 661 1743 702 transitus

324 716 478 771 Enipei
509 724 738 770 cogeretur.
798 716 930 773 97Ipsi
961 726 1113 759 natura
1141 727 1183 759 et
1212 718 1410 774 operibus
1431 717 1742 773 inexsuperabi-

323 772 373 812 lis
403 772 496 828 ripa
524 770 770 814 videbatur:
815 783 871 822 et,
893 783 1175 830 praeterquam
1208 775 1323 830 quod
1357 782 1564 816 tormenta
1583 774 1743 830 ubique

324 829 527 884 disposita
565 838 714 880 essent,
746 831 972 871 missilibus
1012 832 1136 872 etiam
1177 832 1325 872 melius
1359 840 1401 872 et
1440 831 1614 872 certiore
1653 831 1741 872 ictu

323 885 462 926 hostes
498 887 560 927 uti
591 886 794 928 audierat.
856 887 956 927 Alio
987 888 1200 944 spectabat
1229 903 1344 928 mens
1373 896 1463 929 tota
1492 887 1634 928 ducis:
1681 887 1743 928 di-

324 943 534 998 missoque
564 943 734 984 consilio
766 944 1012 985 Perrhaebos
1042 953 1302 994 mercatores,
1328 945 1552 985 Schoenum
1582 953 1622 986 et
1650 945 1743 986 Me-

324 999 558 1055 nophilum,
590 1009 700 1042 notae
732 1009 774 1042 et
795 1001 890 1041 fidei
918 1001 1006 1057 jam
1029 1001 1105 1042 sibi
1128 1009 1168 1042 et
1189 1001 1426 1057 prudentiae
1459 1001 1658 1052 homines,
1680 1017 1744 1042 ar-

324 1057 492 1097 cessitos
523 1065 679 1098 secreto
708 1066 1021 1113 percunctatur,
1044 1058 1188 1113 quales
1209 1058 1262 1099 ad
1285 1058 1567 1099 Perrhaebiam
1598 1058 1745 1099 transi-

326 1121 395 1153 tus
418 1113 510 1154 sint.
574 1114 716 1163 Quum
749 1114 838 1155 loca
869 1130 951 1154 non
986 1115 1133 1170 iniqua
1160 1131 1246 1156 esse
1277 1115 1476 1165 dicerent,
1497 1114 1744 1171 ⁹⁸praesidiis

325 1178 467 1210 autem
497 1170 607 1225 regis
636 1170 832 1221 obsideri,
855 1186 969 1227 spem
1001 1172 1125 1227 cepit,
1152 1172 1184 1212 si
1215 1180 1336 1212 nocte
1365 1172 1576 1228 inproviso
1606 1172 1745 1213 valida

326 1241 453 1267 manu
488 1224 709 1282 adgressus
739 1229 1032 1284 necopinantes
1066 1237 1186 1279 esset,
1217 1228 1339 1285 dejici
1380 1229 1575 1284 praesidia
1613 1245 1745 1286 posse.

324 1284 474 1325 Jacula
496 1285 600 1323 enim
621 1290 658 1324 et
679 1286 852 1338 sagittas
868 1292 905 1325 et
925 1291 1056 1325 cetera
1079 1287 1247 1326 missilia
1271 1288 1313 1325 in
1335 1286 1520 1333 tenebris,
1544 1286 1625 1335 uhi,
1649 1288 1749 1340 quid

317 1347 501 1393 petatur,
519 1342 679 1393 procule
693 1343 910 1394 provideri
939 1349 1122 1396 nequeat,
1146 1344 1313 1383 inutilia
1334 1357 1427 1383 esse.
1454 1345 1598 1397 gladio
1625 1345 1746 1385 comi-

326 1411 400 1438 nus
428 1399 523 1451 geri
557 1413 637 1437 rem
672 1399 714 1438 in
740 1401 946 1451 permixta
977 1399 1109 1448 turha,
1133 1415 1209 1453 quo
1229 1401 1340 1440 miles
1359 1400 1567 1441 Romanus
1597 1402 1747 1443 vincat.

328 1455 411 1495 His
441 1455 622 1495 ducibus
653 1471 820 1505 usuruS,
843 1465 1063 1512 praetorem
1087 1457 1310 1498 Octavium
1341 1458 1597 1507 arcessitum,
1619 1474 1746 1515 expo-

324 1511 418 1561 sito,
450 1512 556 1567 quid
586 1521 766 1567 pararet,
801 1514 1053 1554 Heracleum
1089 1529 1184 1554 cum
1215 1513 1341 1554 classe
1370 1522 1511 1570 petere
1535 1515 1674 1571 jubet,
1705 1524 1746 1557 et

326 1568 438 1609 mille
459 1568 699 1609 hominibus
729 1569 870 1610 decem
902 1570 1064 1611 dierum
1094 1580 1212 1612 cocta
1240 1571 1396 1612 cibaria
1424 1571 1587 1612 habere.
1650 1573 1747 1628 Ipse

114 1631 232 1662 Nasica
245 1640 316 1660 cum
329 1626 377 1665 P.
422 1625 656 1681 Scipionem
708 1626 918 1677 Nasicam,
958 1627 1047 1677 99Q.
1103 1628 1283 1668 Fabium
1325 1628 1563 1668 Maximum
1615 1628 1749 1670 filium

114 1675 210 1705 5000.
226 1672 281 1702 mi-

114 1718 221 1748 litibus
237 1716 306 1747 mit-

114 1761 188 1791 titur
203 1759 242 1789 ad

115 1802 276 1845 Pythium.

121 2146 238 2178 Proelia
252 2146 283 2176 in

121 2191 209 2220 alveo
225 2188 299 2220 Eni-

119 2244 179 2275 pei.

329 1697 453 1722 suum
475 1697 570 1722 cum
592 1682 782 1738 quinque
803 1683 972 1725 delectis
988 1684 1173 1724 millibus
1195 1684 1446 1724 Heracleum
1468 1685 1614 1734 mittit,
1632 1686 1749 1728 velut

330 1738 499 1779 classem
535 1754 829 1780 conscensuros
861 1740 914 1781 ad
945 1741 1195 1781 maritimam
1225 1756 1339 1782 oram
1370 1741 1576 1782 interioris
1608 1743 1749 1784 Mace-

330 1795 481 1845 doniae,
503 1795 619 1851 quod
640 1796 682 1836 in
712 1796 883 1837 consilio
912 1798 1118 1853 agitatum
1140 1806 1242 1847 erat,
1263 1798 1518 1839 vastandam.
1583 1800 1749 1841 Secreto

330 1852 577 1902 indicatum,
599 1853 755 1893 cibaria
784 1853 849 1894 his
884 1862 1120 1910 praeparata
1148 1854 1203 1895 ad
1237 1854 1405 1895 classem
1438 1870 1538 1904 esse,
1561 1871 1611 1895 ne
1642 1856 1747 1911 quid

330 1924 399 1949 eos
429 1918 673 1950 moraretur.
736 1910 842 1951 Inde
869 1911 976 1966 jussi
998 1911 1124 1951 duces
1153 1911 1312 1952 itineris
1333 1912 1393 1953 ita
1415 1911 1601 1953 dividere
1621 1913 1747 1963 viam,

331 1974 380 2006 ut
402 1974 554 2021 quarta
574 1966 719 2021 vigilia
748 1968 872 2008 tertio
893 1967 960 2008 die
977 1967 1204 2023 1Pythium
1226 1968 1379 2009 adoriri
1409 1977 1588 2025 possent.
1651 1970 1748 2025 Ipse

331 2031 498 2078 postero
518 2022 600 2073 die,
623 2032 671 2064 ut
693 2024 910 2066 distineret
930 2040 1069 2080 regem
1091 2025 1143 2065 ab
1165 2025 1469 2081 circumspectu
1490 2041 1628 2066 rerum
1652 2026 1750 2067 alia-

331 2093 441 2128 rum,
475 2079 611 2135 prima
646 2079 738 2121 luce
768 2080 905 2121 medio
935 2081 978 2121 in
1007 2081 1124 2122 alveo
1155 2098 1250 2122 cum
1287 2083 1535 2123 stationibus
1564 2082 1749 2124 hostium

332 2135 530 2191 proelium
564 2137 780 2179 commisit.
815 2146 1137 2194 pugnatumque
1168 2139 1382 2194 utrimque
1412 2147 1473 2179 est
1503 2139 1583 2179 levi
1619 2155 1751 2180 arma-

334 2201 452 2233 tura:
500 2208 574 2233 nec
606 2194 869 2248 gravioribus
901 2195 1025 2235 armis
1046 2195 1088 2235 in
1110 2204 1195 2236 tam
1216 2195 1413 2250 inaequali
1434 2195 1551 2236 alveo
1571 2196 1750 2251 pugnari

334 2258 509 2304 poterat.
572 2251 805 2291 Descensus
835 2252 938 2307 ripae
969 2252 1191 2307 utriusque
1211 2252 1254 2292 in
1278 2252 1441 2292 alveum
1473 2260 1751 2293 trecentorum

334 2306 463 2347 ferme
485 2322 684 2362 passuum
706 2316 818 2349 erat:
851 2308 1035 2349 medium
1067 2308 1249 2364 spatium
1281 2308 1489 2360 torrentis,
1511 2309 1610 2350 alibi
1632 2309 1751 2351 aliter

886 2420 901 2437 c
913 2418 1017 2456 procul
1031 2417 1092 2448 del.
1110 2417 1202 2448 Crev-

386 2515 429 2545 96
461 2514 498 2544 Et
523 2516 643 2544 inarime
666 2516 820 2554 majoribus
844 2516 932 2556 muln]
959 2517 1021 2546 Ex·
1065 2527 1134 2547 mus
1148 2518 1254 2555 regiis.-
1277 2522 1312 2547 nt
1322 2515 1386 2557 jam
1403 2516 1476 2547 alibi
1491 2517 1715 2548 annotavimus.

336 2558 507 2589 istimamus
531 2557 649 2587 Livium
673 2557 774 2598 potius
793 2558 946 2599 scripsisse
968 2561 1022 2588 mi-
1109 2560 1211 2593 99³·Q.
1228 2559 1349 2589 Fabium
1367 2560 1638 2601 Maiimmnjilinm
1650 2561 1751 2602 suum]

337 2603 453 2632 naribus
488 2607 571 2630 natu.
630 2600 793 2630 Fervidum
829 2601 910 2631 enim
947 2601 1023 2631 illud
1069 2602 1190 2642 Nempe
1214 2601 1238 2631 is
1262 2601 1426 2643 adoptatus
1445 2603 1544 2633 suerat
1568 2615 1586 2634 a
1601 2604 1641 2639 Q.
1655 2603 1751 2634 Fabio

337 2644 498 2675 consilium
520 2642 670 2673 facienda}
695 2642 752 2673 sibi
774 2643 830 2672 viae
849 2654 902 2685 per
924 2643 1021 2685 ripam
1066 2644 1216 2679 Maximo,
1233 2650 1325 2684 atque
1349 2645 1426 2676 adeo
1450 2647 1574 2678 nomina
1596 2645 1691 2688 patris
1705 2645 1753 2677 sui

339 2687 450 2728 Enipei
473 2685 718 2726 munitionesque
746 2685 843 2726 magis
868 2685 948 2727 sapit
971 2686 1021 2726 ju·
1066 2686 1201 2727 adoptivi
1215 2687 1352 2727 gerebat.

338 2730 471 2760 vernilem
500 2728 648 2764 ardorem,
673 2738 767 2769 quam
795 2728 923 2759 senilem
952 2739 1023 2770 pru-
1117 2730 1131 2759 1
1172 2729 1332 2770 Pythium]
1388 2730 1551 2772 Templum
1596 2730 1751 2772 Apollinis

339 2772 485 2803 (lentiam.
1071 2771 1186 2812 Pythii,
1203 2777 1233 2802 et
1247 2773 1407 2804 castellum
1430 2773 1461 2803 in
1485 2783 1603 2804 summo
1628 2774 1755 2816 Olympi

382 2816 421 2845 97
450 2815 521 2855 Ipsi]
538 2815 680 2845 AEmilio.
1066 2814 1140 2855 jugo
1156 2814 1296 2856 positum.
1343 2815 1414 2846 Vid.
1432 2817 1517 2848 Plut.
1532 2816 1562 2846 in
1579 2816 1719 2848 AEmilio.

384 2860 423 2888 98
448 2860 603 2889 Paoesicliis
640 2864 733 2888 nutem
774 2857 864 2898 regis]
912 2858 1023 2889 Malle-
