1805 3174
566 80 939 128 PRAEFAT!
958 81 1021 128 Ο.
1449 83 1514 130 liii

64 221 272 269 lertiam.
346 220 533 282 Stylus,
559 219 609 266 in
634 219 692 267 iis
716 219 963 283 praecipue
987 237 1097 284 quae
1132 221 1376 282 castigare
1404 237 1515 269 aue·

62 298 154 345 tori
190 298 344 354 licuit,
372 294 548 353 facilis,
577 296 883 360 perspicuus,
909 297 993 361 qui
1029 313 1122 344 nec
1161 305 1330 360 serpat
1361 298 1512 355 humi,

60 393 154 425 nec
180 378 337 424 nubes
373 381 573 438 captet3
617 376 765 439 paulo
792 375 1022 439 pinguior
1057 382 1240 431 tamen,
1269 381 1318 422 et
1342 374 1390 422 in
1415 393 1513 438 quo

62 454 315 501 desideres
341 453 508 500 florem
535 453 809 515 quemdam
835 452 1113 500 Latinitatis
1140 452 1516 516 elegantemque

64 530 375 578 munditiam.
422 529 658 577 Narratio
681 528 921 588 dilucida,
938 529 1195 577 sententiis
1217 530 1515 594 monitisque

63 608 481 656 adinformandos
502 624 663 655 mores
679 608 1339 656 accommodatisdistincta.
1381 608 1515 662 Quin

60 694 110 734 et
134 686 385 734 orationes
402 703 462 734 ex
482 686 798 733 aemulatione
823 685 949 733 Livii
970 686 1244 734 identidem
1265 686 1512 743 immistae,

61 782 173 828 quae
196 765 227 812 J
233 804 244 815 .
265 764 464 813 Clerico
488 765 558 812 ita
579 767 771 813 diserta?
795 766 1152 830 ingeniosoeque
1175 765 1292 812 visae
1311 772 1443 825 sunt,
1460 770 1565 827 utiq
1583 778 1675 826 ina-s.
1689 778 1729 809 201

63 842 306 889 affirmare
331 858 433 889 non
458 841 672 897 dubitet,
689 844 757 890 ad
775 858 851 889 res
870 843 1002 905 ipsas
1025 845 1153 905 quod
1173 845 1367 902 attinet,
1385 824 1660 892 ordi-LWUHH'

61 938 256 984 ‘nemque
273 928 319 969 et
329 920 748 985 perspicuitatem,
768 936 854 966 vm*
873 921 1134 982 quidquam
1152 922 1320 968 melius
1337 921 1516 985 abipso

64 998 582 1063 Liviofierz‘potuisse.
622 997 736 1050 Quo
749 996 946 1057 judicio
957 998 1387 1060 quemadmodum
1404 999 1516 1061 plus

63 1076 254 1124 videtur
278 1076 426 1124 tribui
451 1074 810 1130 Freinshemio,
833 1092 982 1137 quam
1002 1092 1077 1122 res
1103 1082 1151 1123 et
1168 1076 1376 1138 aequitas
1397 1093 1513 1139 pos-

61 1153 216 1213 tulat3
261 1154 329 1201 ita
351 1154 473 1201 illud
503 1152 870 1209 contendimus,
895 1153 1164 1199 nonnullas
1189 1170 1251 1200 ex
1277 1153 1374 1200 illis
1400 1171 1515 1202 con-

61 1231 289 1279 cionibus
330 1248 440 1279 esse
477 1230 745 1293 ejusmodi,
782 1236 836 1276 ut
870 1229 929 1277 iis
973 1230 1159 1295 aliquid
1197 1234 1515 1294 praestantius

61 1311 274 1368 efficere,
299 1326 405 1357 non
429 1307 646 1370 vulgaris
682 1313 768 1354 aut
800 1307 984 1370 ingenii
1019 1308 1097 1364 sit,
1125 1316 1209 1355 aut
1245 1308 1392 1356 etiam
1419 1310 1517 1357 elo-

61 1387 296 1453 quentiae.

129 1466 362 1530 Denique
386 1464 458 1513 sic
483 1470 702 1512 statuere
733 1480 837 1512 non
861 1463 1153 1519 verebimur,
1180 1464 1286 1512 haec
1322 1464 1518 1527 supple-

63 1551 231 1591 menta
253 1543 359 1607 pari
376 1542 633 1605 voluptate
659 1542 923 1606 fructuque
949 1546 1052 1587 tum
1075 1541 1137 1588 ab
1156 1541 1390 1598 indoctis,
1412 1549 1517 1589 tum

63 1638 93 1668 a
117 1620 280 1669 doctis
303 1619 398 1683 legi
422 1636 602 1683 posse3
641 1619 703 1665 ab
730 1618 824 1673 his,
851 1624 907 1664 ut
931 1635 1056 1681 quas
1082 1619 1215 1666 velut
1238 1636 1323 1682 per
1345 1620 1516 1683 ingen-

62 1698 134 1745 tia
157 1698 384 1746 locorum
409 1695 570 1760 spatia
595 1695 868 1759 dissipatas
892 1694 1008 1743 hinc
1033 1695 1148 1743 inde
1173 1696 1387 1745 historiae
1414 1698 1519 1746 Ro-

63 1793 223 1824 manae
245 1775 529 1841 particulas,
557 1782 606 1822 et
630 1774 771 1838 quasi
810 1773 1015 1821 concisa
1049 1774 1332 1822 minutatim
1370 1792 1518 1823 mem-

63 1857 166 1912 bra,
193 1871 377 1918 magno
404 1854 576 1901 labore
594 1851 870 1901 consectati
892 1858 1023 1908 sunt,
1045 1869 1104 1900 ea
1127 1852 1178 1900 in
1197 1870 1349 1900 unum
1369 1870 1517 1917 eoag-

65 1939 289 1982 mentata
323 1949 522 1996 corpus,
547 1939 596 1979 et
620 1931 712 1979 sub
735 1946 837 1978 uno
864 1938 1142 1993 conspeetu
1178 1931 1339 1994 posita
1362 1933 1519 1979 intue-

66 2019 241 2070 antur3
279 2010 342 2058 ab
364 2010 459 2058 illis
484 2026 614 2066 verO,
641 2016 697 2056 ut
720 2008 922 2072 plenam
949 2009 1175 2071 ejusdem
1195 2009 1408 2058 historiae
1431 2027 1519 2058 no-

65 2089 223 2138 titiam
243 2089 384 2137 nullo
401 2087 605 2152 negotio
622 2086 714 2135 sibi
734 2103 1025 2149 comparare
1045 2094 1246 2150 queant,
1268 2094 1317 2135 et
1337 2088 1516 2136 habere

65 2183 164 2232 quo
187 2167 405 2214 referant
428 2180 760 2228 quaecumque
787 2163 972 2211 deinde
996 2164 1062 2211 ad
1088 2164 1184 2212 hoe
1219 2163 1352 2212 idem
1378 2183 1517 2229 argu-

65 2251 291 2294 mentum
314 2242 613 2307 pertinentia
635 2241 811 2290 lecturi
836 2247 967 2290 sunt.

132 2323 304 2386 Digna
339 2328 415 2368 est
439 2321 527 2368 viri
552 2320 736 2384 optime
772 2321 836 2367 de
859 2319 1033 2367 litteris
1071 2319 1230 2367 meriti
1265 2321 1513 2380 memoria,

65 2419 176 2465 quae
212 2400 277 2447 ad
314 2406 541 2463 posteros
579 2413 694 2445 cum
728 2397 916 2444 honore
950 2403 1282 2460 propagetur3
1333 2399 1514 2462 dignus

65 2479 186 2542 ipse,
213 2478 359 2539 cujus
383 2483 433 2525 et
455 2475 569 2533 vita,
588 2482 637 2523 et
660 2474 880 2523 litterarii
902 2474 1099 2524 labores
1120 2492 1268 2538 quam
1296 2476 1513 2539 plurimis

66 2557 406 2605 innotescant:
443 2572 503 2603 eo
539 2553 744 2618 quidem
780 2552 952 2615 magis,
976 2554 1116 2618 quod
1152 2554 1344 2601 virtutis
1381 2571 1513 2601 amo-

66 2651 186 2690 rem,
212 2650 356 2697 quem
382 2632 598 2697 praetulit
621 2631 834 2695 scriptis,
858 2631 1075 2679 moribus
1100 2649 1302 2695 quoque
1325 2632 1511 2694 praesti„

67 2712 154 2769 tit,
195 2711 344 2758 homo
369 2710 573 2758 candidi
596 2708 832 2773 pectoris,
858 2715 909 2757 et
931 2725 994 2757 ex
1028 2709 1086 2756 iis
1111 2708 1358 2768 omnibus,
1382 2725 1511 2771 quos

69 2789 132 2837 ad
150 2804 204 2836 se
221 2787 472 2836 Christina
485 2788 758 2836 Sueeorum
774 2786 945 2849 regina
962 2785 1263 2848 conspicuos
1281 2787 1511 2835 eruditio-

769 2878 797 2904 n
820 2871 844 2905 3
