1831 3194
457 78 579 116 Llss.
611 76 742 114 XLII.
789 77 916 115 CAI'.
947 77 1139 115 XXXVI.
1453 87 1502 120 65

85 184 247 226 civilem
278 186 551 242 socialemque
581 186 738 249 petenti
768 185 914 228 addita
941 186 1111 237 auxilia,
1145 186 1353 243 Ligurum
1374 189 1498 232 ²²duo
1515 200 1690 233 1'.C.581.

85 241 227 291 millia,
261 243 478 284 Cretenses
507 242 726 299 saglttarii,
770 242 972 295 (incertus
1011 259 1223 294 numerus,
1254 243 1497 301 23quantum
1513 244 1605 275 ΝΟ·
1620 244 1688 274 171.

86 299 221 355 rogati
261 299 439 341 auxiliai
470 298 688 341 Cretenses
723 299 947 355 misissent)
980 301 1177 342 Numidae
1207 300 1306 343 item
1336 303 1498 359 equites

85 353 390 413 elephantique.
439 357 491 398 In
511 372 602 398 eam
623 371 709 397 rem
731 356 856 412 legati
878 357 931 398 ad
948 357 1211 399 Masinissam
1230 359 1499 414 Karthagini-

84 427 285 470 ensesque
305 412 431 463 missi,
455 413 506 454 L.
525 413 770 455 Postumius
790 413 989 464 Albinus,
1013 415 1061 464 Q.
1086 415 1312 457 Terentius
1335 417 1497 468 Culleo,

87 470 135 511 C.
168 469 370 511 Aburius.
434 471 484 511 In
517 471 685 512 Cretam
716 470 816 512 item
846 470 1005 526 legatos
1036 480 1118 513 tres
1148 471 1206 513 ire
1236 472 1408 528 placuit,
1441 476 1495 515 A.

84 526 350 568 Postumium
392 526 614 579 Albinum,
644 526 734 569 2‘'C.
767 527 1019 578 Decimium,
1052 529 1105 570 A.
1140 528 1349 571 Licinium
1393 531 1497 572 Ner-

81 596 188 624 vam.

140 639 368 682 XXXVI.
402 641 484 682 Per
512 640 623 684 idem
644 649 811 698 tempus
840 640 967 697 legati
997 642 1049 683 ab
1080 658 1176 698 rege
1198 644 1349 686 Perseo
1378 659 1498 686 vene-

81 705 193 738 runt.
239 713 309 739 eos
337 697 370 722 ²⁵
387 698 428 739 in
448 697 653 755 oppidum
682 697 905 740 intromitti
935 713 1016 740 non
1046 699 1219 755 placuit,
1251 716 1382 756 quum
1406 702 1495 758 jam

79 753 237 796 bellum
267 754 355 811 regi
385 770 529 798 eorum
559 764 602 797 et
633 754 938 797 Macedonibus
959 764 1000 797 et
1021 765 1188 798 senatus
1214 757 1433 810 decresset,
1455 767 1494 800 et

78 811 263 909 {opulus
286 811 490 868 jussisset.
560 812 595 836 ²⁶
612 813 664 854 In
699 812 831 854 aedem
864 812 1048 854 Bellonae
1078 813 1120 854 in
1150 823 1339 856 senatum
1370 815 1497 857 intro-
1512 829 1654 869 Legatia

111 868 197 910 ucti
217 868 277 911 ita
296 869 423 911 verba
442 869 630 912 fecerunt
648 887 657 912 :
691 870 856 911 Mirari
872 871 1024 912 Persea
1043 885 1188 926 regem,
1210 873 1311 926 quid
1329 873 1374 913 z'n
1396 873 1496 914 Ma·
1512 874 1634 904 Pfflffl·

77 925 286 967 cedoniam
306 928 503 968 exercitus
517 928 792 981 transportati
811 933 950 969 essent.
1009 928 1055 970 Si
1075 929 1292 982 impetrari
1311 944 1337 969 a
1355 937 1499 972 senatu

70 990 221 1038 posset,
243 990 287 1025 ut
308 984 343 1025 iz·
361 990 608 1034 revocentur,
629 1000 761 1040 regem
782 985 831 1025 de
851 983 1029 1038 iujuriis,
1050 986 1088 1027 si
1107 1000 1207 1040 quas
1227 987 1346 1028 sociis
1348 987 1497 1040 factas

77 1047 352 1093 quererentur,
374 1042 582 1084 arbitratu
600 1049 760 1084 senatus
782 1042 1084 1096 satisfacturum
1105 1057 1197 1083 esse.
1260 1044 1330 1099 Sp.
1355 1044 1498 1086 Carvi-

78 1096 174 1148 lius,
195 1098 250 1140 ad
270 1113 361 1139 eam
390 1098 522 1155 ipsam
552 1114 639 1140 rem
668 1114 720 1140 ex
744 1099 908 1140 Graecia
938 1098 1132 1140 remissus
1152 1100 1205 1140 ab
1229 1100 1305 1141 Cn.
1331 1099 1496 1151 Sicinio,

78 1152 121 1195 in
142 1163 289 1197 senatu
309 1164 409 1197 erat.
439 1155 473 1197 is
495 1155 779 1198 Perrhaebiam
800 1164 1084 1212 expugnatam
1105 1156 1244 1207 armis,
1268 1156 1497 1199 Thessaliae

78 1210 240 1268 aliquot
274 1213 400 1254 urbes
434 1221 591 1269 captas,
622 1221 773 1263 cetera,
804 1228 900 1269 quae
934 1221 1009 1255 aut
1041 1222 1198 1269 ageret,
1228 1221 1303 1255 aut
1332 1223 1499 1270 pararet

78 1282 168 1320 rex,
199 1284 332 1326 quum
362 1278 571 1326 argueret,
601 1270 850 1326 respondere
879 1270 934 1312 ad
964 1285 1013 1311 ea
1041 1270 1167 1326 legati
1191 1269 1310 1326 jussi.
1381 1272 1500 1313 Post-

42 1349 46 1352 ⁴
78 1340 206 1381 quam
228 1326 490 1378 haesitabant,
513 1335 711 1383 negantes
741 1326 819 1368 sibi
849 1327 963 1369 ultra
991 1327 1224 1384 quidquam
1254 1327 1499 1370 mandatum

79 1397 181 1435 esse,
197 1383 305 1441 jussi
330 1384 572 1426 renunciare
602 1383 705 1440 regi,
731 1384 938 1426 Consulem
969 1386 1024 1425 P.
1045 1385 1249 1426 Licinium
1279 1385 1392 1426 brevi
1414 1400 1499 1426 cum

79 1442 258 1482 exercitu
265 1441 459 1495 ficturum
480 1442 525 1482 in
547 1441 798 1482 Macedonia
820 1456 913 1483 esse.
947 1443 1005 1482 ad
1023 1455 1124 1493 eum,
1143 1443 1181 1483 si
1199 1442 1437 1496 satisfacere
1457 1444 1501 1483 z'n

78 1499 216 1539 animo
230 1504 342 1547 esset,
360 1499 535 1539 mitteret
556 1499 724 1553 legatos.
782 1498 955 1540 Romam
975 1499 1083 1553 quod
1088 1504 1292 1552 praeterea
1311 1499 1501 1548 mitteret,

79 1569 160 1596 non
189 1570 296 1597 esse.-
327 1555 362 1582 ²⁷
374 1556 567 1596 neminem
598 1569 731 1596 eorum
753 1570 834 1609 per
865 1556 1034 1596 Italiam
1064 1557 1127 1596 ire
1155 1556 1371 1597 liciturum.
1434 1557 1503 1598 Ita

79 1611 274 1663 dimissis,
306 1613 354 1654 P.
387 1612 551 1654 Licinio
585 1612 743 1654 consuli
778 1611 1039 1663 mandatum,
1082 1612 1193 1654 intra
1233 1612 1500 1654 undecimum

80 1669 190 1711 diem
215 1670 384 1726 juberet
405 1685 474 1710 eos
497 1669 622 1711 Italia
641 1668 855 1721 excedere,
877 1677 918 1711 et
942 1671 1012 1726 Sp.
1037 1669 1268 1711 Carvilium
1298 1669 1498 1721 mitteret,

79 1726 170 1783 qui,
192 1726 322 1768 donec
351 1740 499 1767 navem
529 1726 874 1778 conscendissent,
905 1726 1146 1768 custodiret.
1214 1728 1321 1768 Haec
1351 1727 1500 1768 Romae

79 1792 187 1834 acta,
209 1783 396 1825 nondum
415 1783 614 1840 profectis
633 1782 676 1824 in
702 1783 957 1840 provinciam
987 1783 1238 1825 consulibus.
1298 1784 1329 1824 J
1331 1799 1398 1824 am
1421 1785 1498 1825 Cn.

81 1840 274 1892 Sicinius,
305 1840 394 1897 qui,
415 1840 661 1897 priusquam
692 1839 941 1896 magistratu
971 1840 1120 1891 abiret,
1143 1840 1415 1882 Brundisium
1445 1841 1500 1882 ad

79 1896 250 1939 classem
280 1906 322 1939 et
351 1897 406 1938 ad
434 1898 665 1939 exercitum
694 1897 933 1954 praemissus
964 1906 1068 1948 erat,
1098 1897 1284 1953 trajectis
1319 1897 1361 1938 in
1397 1898 1500 1954 Epi-

79 1969 174 1996 rum
194 1954 382 2011 quinque
401 1953 586 1996 millibus
605 1954 811 2011 peditum,
829 1954 1023 1996 trecentis
1043 1954 1270 2010 equitibus,
1292 1954 1346 1996 ad
1368 1955 1500 2010 Nym-

78 2011 248 2068 phaeum
269 2011 311 2053 in
332 2026 433 2068 agro
463 2010 724 2068 Apolloniati
753 2019 889 2053 castra
916 2011 1110 2053 habebat.
1173 2011 1280 2052 Inde
1309 2011 1501 2053 tribunos

79 2083 176 2112 cum
205 2068 372 2111 duobus
399 2068 584 2110 millibus
614 2068 796 2111 militum
826 2068 880 2110 ad
900 2068 1144 2125 occupanda
1164 2068 1499 2110 Dassaretiorum

633 2179 762 2214 *auxilia
778 2182 840 2214 del.
857 2182 947 2213 Crev.

126 2283 168 2314 22
193 2283 261 2314 Dm)
280 2283 390 2325 millia]
429 2282 515 2314 Olim
539 2284 699 2324 legebatur
722 2283 767 2314 in-

83 2325 165 2357 sulse
187 2327 267 2356 mille
291 2326 397 2357 millia.
449 2326 591 2358 Correxit
613 2326 769 2367 Sigonius.

85 2370 176 2401 Error
205 2379 317 2410 nempe
346 2375 436 2400 natus
466 2375 532 2400 erat
561 2379 599 2401 ex
629 2380 771 2400 numero-

82 2422 150 2443 rum
165 2411 246 2444 notis
261 2411 346 2443 MM.

125 2456 167 2486 23
199 2455 351 2489 Quantum
379 2456 475 2496 rogati
506 2455 656 2486 Cretenses
678 2456 767 2484 misis-

81 2498 159 2539 sent]
192 2498 298 2539 Vulgo
319 2500 415 2539 rogati
436 2498 559 2528 auxilia.
612 2497 771 2539 Expunxit

82 2541 269 2582 superfluam
306 2551 415 2572 vocem
452 2540 610 2572 Gronovio
646 2546 771 2571 auctore

83 2583 232 2614 Clen'eus.

125 2626 167 2656 24
191 2628 230 2658 C.
245 2627 426 2669 Decimium]
452 2626 490 2658 C.
512 2626 677 2657 Decimius
692 2625 772 2657 infra

84 2668 213 2700 XLIII.
238 2670 287 2700 11.
312 2670 346 2700 fit
371 2674 493 2712 praetor.
539 2669 618 2700 Inde
640 2669 772 2711 sumpsit

82 2712 142 2742 hoc
165 2721 277 2742 nomen
299 2712 454 2753 Sigonius,
486 2723 581 2754 quum
605 2711 689 2754 prius
714 2712 765 2742 hic
808 2713 952 2742 ‘neminem
979 2722 1012 2742 1n
1041 2713 1160 2743 nemini.

81 2754 235 2795 legeretur
251 2754 287 2785 C.
303 2755 438 2786 Decium.

127 2797 169 2827 25
193 2796 230 2826 In
253 2799 404 2839 oppidum]
429 2798 505 2829 Vid.
522 2803 585 2830 not.
601 2798 653 2829 64.
678 2797 717 2828 ad
741 2808 768 2828 c.

80 2841 134 2871 20.
150 2850 251 2881 supra.

142 2895 234 2924 VOL.
260 2896 314 2923 lv.

855 2282 898 2313 26
922 2282 959 2312 In
975 2284 1065 2313 cedem
1082 2282 1226 2323 Bellonoe]
1250 2281 1364 2313 Scribit
1379 2282 1500 2314 Grono-

815 2325 883 2356 vius
897 2327 930 2356 in
944 2327 1006 2356 oede
1018 2338 1026 2354 .·
1052 2330 1083 2356 et
1096 2335 1170 2356 sane
1186 2325 1230 2355 sic
1245 2325 1324 2356 solet
1339 2324 1455 2356 Livius.

857 2369 898 2399 27
924 2368 1077 2398 Neminem
1105 2379 1203 2398 eorum
1229 2379 1282 2407 per
1310 2368 1430 2398 Italiam
1459 2371 1501 2399 ire

814 2409 985 2454 liciturum]
1027 2412 1104 2442 Fore
1141 2417 1176 2441 ut
1208 2410 1364 2441 neminem
1395 2422 1500 2442 eorum

813 2454 908 2485 liceat
921 2453 965 2485 ire
980 2465 1035 2496 per
1049 2453 1188 2485 Italiam.
1234 2454 1303 2484 Hoc
1319 2453 1384 2484 sine
1406 2464 1502 2485 causa

814 2502 992 2539 suspectum
1021 2497 1080 2528 fuit
1109 2496 1278 2528 Gronovio.
1330 2496 1502 2526 Liciturum

815 2545 862 2571 est
883 2550 941 2571 vox
964 2541 1072 2582 proba,
1088 2550 1151 2582 qua
1170 2550 1244 2570 usus
1266 2545 1313 2569 est
1329 2539 1435 2570 Livius
1449 2550 1500 2569 su-

814 2594 872 2625 pra
893 2582 916 2614 l.
932 2583 1074 2614 XXXII.
1093 2593 1122 2614 e.
1138 2583 1189 2612 21.
1212 2588 1247 2613 ut
1269 2583 1411 2613 observat
1428 2584 1500 2612 Jac.

817 2625 1010 2657 Gronovius:
1035 2637 1109 2657 usus
1125 2631 1171 2656 est
1190 2631 1222 2656 et
1236 2625 1344 2656 Cicero
1359 2625 1378 2655 l.
1396 2625 1442 2654 ΙΙ.
1459 2624 1499 2654 ad

815 2669 884 2700 Att.
913 2669 972 2711 Ep.
997 2670 1027 2700 1.
1073 2670 1143 2700 Nec
1165 2679 1292 2699 necesse
1312 2673 1358 2698 est
1380 2674 1499 2697 mutare

982 2711 987 2717 '
1204 2711 1283 2741 Tam
1309 2709 1390 2739 enim
1420 2708 1498 2739 dici-

812 2760 862 2785 tur
878 2756 943 2785 [icet
963 2766 1007 2785 'me
1022 2756 1072 2785 hot:
1085 2755 1202 2796 facere,
1219 2763 1312 2793 quam
1336 2752 1402 2781 licet
1416 2752 1499 2783 mihi.

814 2798 888 2828 Vid.
906 2797 1030 2829 Novam
1047 2796 1191 2830 Method.
1206 2795 1321 2835 linguae
1338 2793 1468 2825 Latinae.

890 2896 912 2923 F
