1831 3194
423 92 713 133 Llss.'XL1V.
760 94 834 131 CA
849 94 889 131 P.
920 93 1023 131 V111.
1375 101 1445 138 127

25 204 172 245 cundis
212 203 355 245 castris
398 203 586 260 pervenit
627 204 681 245 ad
724 204 877 246 Dium:
931 202 1160 257 metarique
1190 202 1314 245 ”sub
1355 204 1497 259 ips-011.
1511 213 1548 244 (ἵ.
1564 214 1636 244 583.

26 261 214 324 templo,-
239 276 289 301 ne
329 260 432 316 quid
472 276 588 301 sacro
627 260 669 301 in
705 260 794 301 loco
834 261 1075 310 violaretur,
1110 260 1248 315 jussit.
1330 261 1427 316 Ipse
1458 257 1548 286 *¹³³3-
1568 257 1637 287 169.

1432 294 1442 311 ,
1477 303 1482 310 ,
1513 310 1516 314 ⁴
1577 299 1580 302 .

27 318 173 358 urbem
206 332 428 373 ingressuS,
463 316 569 358 sicut
602 332 683 358 non
717 332 925 372 magnam,
948 317 1006 358 ita
1038 325 1278 358 exornatam
1300 300 1638 372 ⁴¹³}nlli-(‘'⁵‘¹'¹¹¹¹¹¹

25 372 114 415 licis
148 372 310 415 lociset
331 373 639 415 ‘¹⁴multitmline
673 382 922 424 statuarum,
945 374 1232 437 munitamque
1265 374 1444 429 egregie,

25 430 96 471 vix
119 431 216 473 satis
236 430 415 477 credere,
439 430 480 471 in
503 430 629 472 tantis
661 431 786 472 rebus
807 431 892 472 sine
924 445 1069 472 caussa
1100 430 1252 472 rehctis
1273 445 1354 471 non
1376 431 1448 471 ali-

25 503 151 542 quem
192 488 358 528 subesse
397 486 553 528 dolum.
614 488 761 528 Unum
801 488 912 528 diem
952 487 1006 527 ad
1046 487 1302 543 exploranda
1341 487 1449 529 circa

26 545 164 586 onmia
193 552 392 593 moratus,
423 552 559 585 castra
600 552 766 585 movet:
819 544 1002 599 satisque
1043 544 1228 592 credens,
1258 553 1444 600 paratam

26 600 225 642 frumenti
258 600 417 656 copiam
439 601 542 651 fore,
565 617 613 642 eo
634 601 701 642 die
722 601 776 642 ad
797 616 960 642 amnem
988 601 1152 641 nomine
1190 601 1332 657 Mityn
1354 617 1448 657 pro-

25 658 158 700 cessit.
220 659 393 699 Postero
414 657 481 698 die
502 673 759 713 progressus,
778 659 983 713 Agassam
1006 658 1168 708 urbem,
1186 658 1450 699 tradentibus

25 729 111 755 sese
146 714 259 771 ipsis,
291 714 472 770 recepit:
517 723 573 764 et,
606 723 654 756 ut
684 714 941 770 reliquorum
973 715 1256 755 Macedonum
1292 715 1449 756 animos

25 771 102 812 sibi
123 771 374 820 conciliaret,
396 771 612 813 obsidibus
633 779 868 821 contentus,
892 772 978 812 sine
999 771 1196 827 praesidio
1218 770 1449 826 relinquere

26 843 68 868 se
88 827 145 869 eis
178 828 339 876 urbem,
361 828 636 884 imnunesque
657 844 703 869 ac
725 829 810 869 suis
843 828 1006 883 legibus
1026 828 1225 876 victuros,
1249 836 1310 869 est
1332 828 1450 884 polli-

25 884 145 926 citus.
207 887 459 941 Progressus
490 885 587 926 inde
619 885 701 926 diei
733 886 826 935 iter,
849 885 902 925 ad
925 885 1164 925 Ascordum
1196 884 1352 925 flumen
1377 901 1449 940 po-

27 941 111 983 suit
143 951 301 983 castra:
334 950 389 991 et,
411 941 658 997 4⁵quantum
688 942 930 998 procederet
963 942 1128 996 longius
1160 957 1185 983 a
1217 942 1448 991 Thessalia,

26 1012 75 1038 eo
106 1000 303 1055 majorem
333 1013 473 1039 rerum
503 999 689 1039 omnium
721 998 903 1054 inopiam
938 999 1131 1048 sentiens,
1152 1014 1364 1054 regressus
1397 999 1448 1039 ad
1465 1004 1573 1045 Inopia
1588 1004 1632 1033 la-

26 1054 159 1096 Dium
180 1064 267 1103 est3
312 1055 574 1097 dubitatione
594 1055 788 1096 omnibus
815 1063 994 1104 exemta,
1016 1054 1121 1110 quid
1152 1054 1377 1096 intercluso
1398 1048 1560 1095 abborat.

28 1112 247 1153 Thessalia
280 1112 525 1168 patiendum
557 1111 719 1161 fuisset,
742 1111 810 1152 cui
834 1111 982 1167 procul
1014 1111 1112 1152 inde
1133 1111 1354 1152 abscedere
1387 1120 1453 1153 tu-

27 1177 119 1210 tum
140 1184 222 1210 non
244 1177 361 1210 esset.
424 1170 615 1219 Perseus,
637 1167 860 1210 contractis
881 1168 922 1208 in
944 1183 1077 1208 unum
1109 1167 1303 1209 omnibus
1323 1168 1453 1224 copiis

27 1225 305 1281 ducibusque,
335 1226 548 1281 increpare
589 1226 809 1281 praefectos
837 1224 1144 1281 praesidiorum,
1179 1233 1276 1266 ante
1311 1240 1454 1266 omnes

28 1282 376 1338 Asclepiodotum
396 1292 524 1338 atque
547 1282 775 1339 Hippiam:
813 1283 866 1323 ab
886 1282 952 1323 his
984 1281 1121 1323 dicere
1143 1281 1326 1323 claustra
1358 1283 1454 1323 Ma-

27 1338 211 1381 cedoniae
242 1340 398 1382 tradita
424 1340 624 1381 Romanis
645 1355 756 1380 esse:
800 1339 922 1395 cujus
942 1338 1079 1394 culpae
1100 1354 1196 1380 reus
1216 1353 1337 1379 nemo
1363 1339 1454 1395 jus-

28 1395 128 1447 tius,
159 1411 287 1452 quam
326 1397 428 1453 ipse,
460 1396 619 1438 fuisset.
701 1396 875 1437 Consuli
904 1404 1130 1452 postquam
1161 1411 1213 1436 ex
1243 1395 1329 1436 alto
1359 1411 1455 1436 con-

28 1461 170 1508 specta
201 1454 341 1496 classis
362 1469 476 1509 spem
512 1453 626 1503 fecit,
648 1466 744 1493 cum
778 1460 1013 1493 commeatu
1048 1466 1174 1492 naves
1194 1451 1350 1501 venire,
1375 1452 1455 1503 (in-

27 1524 130 1564 gens
161 1511 270 1551 enim
291 1510 440 1552 caritas
472 1524 647 1551 annonae
674 1524 722 1550 ac
741 1523 872 1564 prope
905 1508 1045 1564 inopia
1064 1510 1173 1563 erat)
1208 1508 1261 1549 ab
1282 1507 1455 1549 invectis

21 1567 112 1622 jam
144 1575 315 1623 portum
347 1567 481 1617 audit,
503 1566 710 1608 onerarias
743 1581 869 1606 naves
900 1565 1131 1620 Magnesiae
1161 1564 1325 1606 relictas
1354 1580 1452 1605 esse.

31 1624 199 1665 Incerto
230 1623 342 1674 inde,
375 1624 575 1679 quidnam
605 1621 816 1678 agendum
844 1622 968 1672 foret,
993 1621 1118 1674 (adeo
1146 1620 1232 1662 sine
1261 1621 1348 1662 ulla
1376 1637 1455 1677 ope

17 1679 159 1722 hostis
190 1696 287 1736 quae
309 1681 572 1737 adgravaret,
593 1695 691 1721 cum
710 1678 801 1735 ipsa
820 1677 1066 1720 difficultate
1098 1693 1238 1719 rerum
1265 1693 1455 1734 pugnan-

28 1735 132 1778 dum
152 1741 260 1793 erat)
294 1745 607 1794 peropportune
627 1736 760 1778 literae
781 1750 806 1777 a
829 1737 898 1792 Sp.
923 1735 1124 1776 Lucretio
1155 1734 1308 1776 adlatae
1330 1744 1452 1776 sunt:

18 1794 197 1835 ‚castella
230 1810 287 1845 se,
308 1810 403 1850 quae
425 1809 549 1851 super
584 1794 747 1849 Tempe
767 1800 903 1834 essent
923 1800 965 1833 et
985 1792 1094 1833 circa
1126 1791 1293 1842 Philan,
1315 1800 1456 1833 tenere

29 1850 182 1902 omnia,
203 1852 490 1908 frumentique
521 1851 564 1892 in
576 1849 634 1891 jis
654 1858 696 1892 et
717 1849 892 1891 aliarum
912 1849 955 1890 in
976 1864 1100 1890 usum
1120 1863 1260 1890 rerum
1293 1848 1454 1904 copiam

30 1922 245 1950 mvemsse.

89 1965 222 2006 VIII.
255 1966 337 2007 His
376 1980 627 2022 magnopere
662 1964 787 2005 laetus
827 1963 971 2005 consul
1006 1964 1059 2004 ab
1096 1962 1180 2004 Dio
1215 1962 1269 2003 ad
1305 1962 1456 2003 Philan
1470 1969 1672 2017 Dipmrelin-

32 2021 165 2072 ducit,
188 2022 311 2064 simul
331 2031 379 2064 ut
399 2022 642 2078 praesidium
662 2023 753 2078 ejus
783 2021 982 2069 firmaret,
1005 2020 1128 2061 simul
1158 2028 1207 2061 ut
1228 2018 1349 2060 militi
1369 2020 1458 2060 fru-
1470 2018 1547 2054 ΨΜ·

34 2086 237 2129 mentum,
255 2080 377 2135 cujus
397 2079 519 2120 tarda
539 2078 754 2120 subvectio
774 2086 878 2127 erat,
895 2077 1112 2118 divideret.
1174 2077 1241 2116 Ea
1255 2076 1458 2132 profectio

33 2135 187 2176 famam
215 2136 544 2192 haudquaquam
575 2135 798 2176 secundam
828 2133 990 2175 habuit.
1024 2149 1119 2174 nam
1151 2132 1235 2183 alii,
1258 2141 1373 2173 metu
1398 2149 1460 2174 re-

34 2191 200 2234 cessisse
234 2209 330 2234 eum
365 2194 418 2234 ab
449 2193 583 2242 hoste,
616 2192 822 2239 ferebant,
844 2190 944 2246 quia
963 2189 1186 2230 ‘¹⁶manenti
1220 2189 1459 2245 imperatori

34 2249 182 2304 proelio
214 2250 497 2292 dimicandum
525 2249 656 2290 foret:
701 2247 769 2290 alii
791 2247 1038 2303 ‘³7ignarum,
1059 2246 1158 2288 belli
1191 2261 1288 2303 quae
1309 2246 1351 2286 in
1372 2247 1461 2287 dies

1457 342 1604 383 pervenit.

80 2381 121 2410 42
153 2380 212 2410 Sub
238 2383 296 2420 ipso
323 2381 440 2421 templo]
478 2379 643 2422 Templum
669 2379 726 2410 Jo-
822 2379 863 2409 45
902 2378 1055 2412 Quantum
1104 2377 1270 2416 procederet
1329 2376 1460 2417 longius]

24 2421 84 2453 rvis
112 2423 260 2464 intellige,
284 2423 372 2464 cujus
394 2424 451 2454 sub
474 2423 565 2454 finem
596 2433 624 2453 c.
647 2432 724 2463 prae-
768 2421 912 2452 Muretus
934 2425 965 2451 et
988 2419 1162 2451 Gronovius
1194 2424 1345 2460 reponunt
1367 2430 1460 2459 quan-

37 2465 174 2496 cedentis
188 2466 302 2497 mentio
318 2466 401 2497 facta
414 2471 470 2497 est.
769 2470 807 2494 to.
860 2462 921 2495 Sed
944 2463 1019 2503 quid
1042 2468 1126 2493 vetat
1150 2461 1210 2492 dici
1233 2467 1376 2502 quantum
1399 2462 1461 2492 lon—

81 2509 290 2540 43·Publicis
312 2510 394 2551 locis]
419 2508 535 2546 Qualia
556 2513 629 2538 sunt
651 2507 726 2543 fora,
768 2509 838 2548 gius
875 2505 1136 2548 quemadmodum
1183 2504 1266 2546 apud
1313 2504 1461 2534 Plautum

39 2550 184 2591 porticus,
198 2552 345 2583 basilicae.
771 2561 858 2590 quam
889 2550 982 2590 magis
1005 2550 1137 2579 intendas
1162 2548 1304 2579 vincula?
1360 2547 1391 2577 N
1395 2547 1461 2577 imi-

83 2594 124 2622 44
149 2595 347 2626 Multitudine
370 2595 551 2635 statuarum]
575 2593 650 2625 Vid.
665 2598 728 2624 not.
772 2603 840 2623 rum
874 2598 1017 2632 quantum
1055 2591 1169 2632 regitur
1205 2600 1223 2621 a
1250 2589 1462 2632 praepositione

39 2636 92 2665 33.
116 2636 156 2667 ad
178 2648 205 2668 c.
219 2639 354 2679 proxime
373 2636 565 2679 praecedens:
601 2638 659 2668 'et
680 2636 726 2666 in·
769 2636 927 2666 secundam
941 2633 1110 2664 intellecta.

29 2678 155 2719 .tellige,
191 2685 300 2721 praeter
337 2681 423 2711 illam
459 2679 626 2711 amicorum
663 2684 727 2709 tur·
813 2679 855 2709 46
879 2677 1015 2708 Manenti
1054 2676 1237 2716 imperatori]
1275 2675 1346 2706 Vox
1372 2675 1461 2712 impe-

41 2730 136 2756 ΓΗΒ-111,
164 2733 257 2764 quam
285 2724 413 2754 Perseus
440 2723 472 2753 in
497 2723 626 2753 classem
654 2732 727 2752 con·
771 2723 863 2751 rator-i
877 2720 1001 2751 omnino
1015 2718 1112 2750 otiosa
1126 2724 1182 2749 est.
1344 2757 1349 2762 ι

41 2771 186 2804 gesserat,
223 2765 352 2796 aliarum
393 2775 514 2807 quoque
558 2770 729 2796 statuarum
814 2765 855 2794 47
880 2763 1025 2805 Ignarum
1053 2762 1120 2792 belli
1146 2760 1227 2800 quer]
1262 2759 1368 2798 Magis
1395 2756 1461 2802 pla-

43 2816 105 2837 ¹¹0⁰
120 2808 304 2841 mediocrem
326 2819 488 2842 numerum
513 2808 545 2840 in
569 2808 644 2841 urbe
666 2808 730 2840 Dio
772 2812 863 2843 Ceret,
898 2810 1016 2836 mutato
1043 2804 1173 2834 duarum
1210 2811 1317 2848 vocum
1345 2799 1461 2835 ordine,

30 2848 147 2882 >fnisse·
772 2852 923 2891 ignarum,
947 2858 1011 2890 quae
1033 2848 1099 2879 belli
1128 2847 1159 2877 in
1182 2845 1241 2875 dies
1258 2846 1389 2885 Jortuna
1412 2854 1462 2873 no-
