1816 3159
45 725 129 754 AEris
143 726 250 759 gravis

43 773 151 798 tamen
168 778 222 807 ap-

45 812 174 849 pellatio
189 822 242 840 na-

45 860 77 883 ta
92 861 160 892 post
180 855 239 883 iin-

44 898 186 927 minutos
202 907 252 926 :1⁸-

45 948 104 969 ses.

45 1478 137 1507 Tunc
153 1486 230 1515 quo-

45 1531 106 1559 qne
114 1530 250 1549 summa·

46 1565 78 1592 in
91 1573 151 1592 aere
161 1564 252 1601 gravi

47 1606 208 1635 interdum

45 1655 217 1687 concepim-

50 2172 124 2201 Fuit
141 2171 198 2199 ali-

48 2215 134 2252 quod
144 2213 252 2242 discri-

49 2267 123 2286 men
142 2257 232 2294 pretii

50 2301 133 2329 inter
149 2309 193 2328 ms

48 2351 145 2380 grave
161 2348 192 2371 et
207 2352 253 2371 as-

48 2395 99 2415 ses
112 2386 252 2415 leviores.

261 98 323 137 cvi
825 94 1163 134 APPENDIX

260 224 324 253 ωε
342 212 501 252 dictum
521 223 549 249 a
564 208 762 264 pmzdere,
779 207 882 260 quia
902 207 1000 247 deni
1020 219 1132 247 asses
1151 206 1315 259 singuli
1331 205 1470 259 pondo
1490 206 1631 256 bibras,
1646 207 1729 263 {ffi-

260 270 425 310 ciebant
445 268 683 315 denarium,
702 266 752 305 ab
773 266 846 305 hoc
861 266 951 317 ipso
970 277 1145 305 numero
1166 264 1335 303 dictum.
1397 262 1512 304 Hinc
1526 262 1727 304 evertitur

260 325 404 382 opinio
427 323 615 373 Kusteri,
637 322 713 378 qui
733 336 860 377 grave
881 336 938 361 aes
958 320 1010 361 de
1032 335 1286 376 quocunque
1303 334 1384 360 aere
1404 319 1726 376 intelligendum

261 391 401 438 putat,
425 390 510 422 tam
542 378 798 421 sextantario
823 387 864 419 et
895 377 1065 427 unciali,
1088 391 1215 432 quam
1245 376 1401 418 librali:
1434 377 1554 432 quasi
1584 377 1626 417 in
1657 377 1729 418 illa

261 437 543 496 appellatione
573 451 634 478 oes
655 443 891 477 sumeretur
919 450 997 490 pro
1021 448 1205 483 nummo,
1226 433 1286 475 ita
1314 442 1363 474 ut
1379 448 1513 486 grave
1541 448 1603 475 ces
1622 442 1728 475 esset

261 510 462 538 nummus
492 494 673 550 gravior,
695 501 894 548 argenteo
922 491 1077 532 scilicet
1101 505 1285 541 nummo,
1308 491 1382 546 qui
1413 491 1467 532 ob
1488 492 1624 547 majus
1645 507 1728 531 me-

262 553 352 595 talli
383 553 583 609 pretium,
616 550 789 592 minoris
818 549 1048 590 necessario
1082 547 1280 604 ponderis
1314 564 1401 589 esse
1433 548 1569 590 debet.
1632 549 1727 589 Hoc

262 617 563 659 commentum,
585 609 699 649 omni
730 616 920 648 veterum
951 605 1200 647 auctoritate
1229 604 1496 656 destitutum,
1518 605 1601 646 imo
1631 621 1727 646 cum

263 683 312 708 ea
331 675 474 723 aperte
494 680 706 722 pugnans,
727 664 876 705 merito
897 662 1115 719 explosum
1138 670 1199 703 est
1220 677 1245 702 a
1271 661 1497 703 Perizonio.

322 725 374 763 2⁰.
410 723 533 764 Patet
554 723 694 778 gravis
715 721 809 762 aeris
839 719 1162 777 appellationem
1184 728 1275 760 tum
1307 726 1447 759 natam
1469 735 1569 769 esse,
1592 735 1726 776 quum

264 796 372 821 asses
393 780 607 821 imminuti
629 788 743 829 sunt,
766 787 815 820 ut
839 792 986 833 nempe
1015 791 1142 832 grave
1163 792 1219 817 aes
1239 784 1524 832 opponeretur
1549 777 1647 817 huic
1668 792 1730 818 re-

264 838 375 879 centi
397 836 552 880 leviori.
613 838 759 877 Antea
788 836 898 876 enim
930 849 1064 890 quum
1095 833 1221 874 unius
1241 833 1404 889 generis
1435 848 1490 874 aes
1510 841 1631 884 esset,
1653 834 1729 875 mi-

267 894 375 936 nime
398 909 561 936 necesse
582 902 670 935 erat
691 892 798 933 illud
819 892 962 947 aliquo
978 891 1095 932 velut
1116 890 1361 945 cognomine
1378 889 1580 946 insigniri.
1643 891 1729 931 Ita-

263 968 347 1008 que
368 952 409 992 in
432 952 523 1008 lege
544 951 616 993 illa
645 949 866 992 duodecim
888 948 1144 997 tabularum,
1166 962 1295 1003 quam
1324 956 1526 989 memorat
1549 946 1728 997 Gellius,

262 1009 287 1049 l.
314 1010 423 1050 XX.
447 1025 480 1050 c.
504 1009 542 1049 1.
565 1007 742 1064 legimus
762 1008 919 1060 viginti
949 1007 1136 1059 quinque
1156 1007 1257 1046 ceris
1272 1018 1414 1058 poenae
1433 1010 1570 1045 s‘zmto.
1632 1005 1728 1044 Non

261 1066 435 1107 additur
451 1068 614 1120 gravis,
632 1064 734 1121 quia
754 1073 857 1105 tunc
878 1062 1004 1104 unius
1024 1062 1136 1104 modi
1159 1078 1214 1102 aes
1235 1070 1338 1112 erat,
1356 1076 1430 1102 nec
1450 1061 1627 1117 proinde
1644 1062 1730 1103 ulla

260 1131 427 1179 poterat
455 1138 541 1164 esse
571 1121 837 1177 ambiguitas.
899 1121 962 1161 At
990 1120 1211 1175 scriptores
1241 1119 1392 1160 laevato
1423 1118 1515 1160 aeris
1545 1118 1729 1175 pondere

262 1180 526 1229 recentiores,
549 1178 695 1235 quales
726 1187 825 1219 sunt
845 1177 874 1218 ii
896 1192 1040 1217 omnes
1060 1176 1146 1217 fere
1168 1191 1350 1231 quorum
1381 1184 1655 1217 monumenta
1675 1176 1729 1217 ad

263 1251 339 1277 nos
360 1244 659 1294 pervenerunt,
677 1235 751 1275 ubi
775 1233 1037 1290 loquendum
1052 1233 1133 1273 illis
1154 1233 1237 1273 fuit
1258 1232 1309 1273 de
1326 1232 1487 1274 assibus
1508 1233 1728 1274 libralibus

262 1294 500 1350 antiquiore
522 1309 612 1333 {evo
634 1291 812 1341 usitatis,
830 1290 1153 1347 appellationem
1174 1292 1276 1330 (eris
1287 1292 1435 1343 gravis
1451 1299 1727 1346 usurparunt,

262 1367 338 1407 per
358 1351 710 1407 comparationem
732 1348 785 1389 ad
806 1364 862 1389 aes
879 1347 1011 1388 levius
1032 1346 1149 1402 quod
1171 1362 1246 1386 suo
1267 1354 1453 1402 tempore
1469 1346 1511 1386 in
1535 1347 1729 1388 manibus

262 1409 481 1449 hominum
503 1407 657 1448 versari
679 1406 892 1447 videbant.

320 1467 377 1506 3⁰.
413 1467 590 1506 Constat
620 1463 745 1505 ctiam
766 1471 861 1519 post
891 1462 1136 1503 imminutos
1166 1476 1289 1511 asses,
1312 1475 1494 1502 summas
1524 1460 1730 1502 nihilomi-

265 1537 345 1564 nus
361 1522 401 1562 in
424 1538 505 1564 acre
525 1521 643 1578 gravi
664 1520 879 1561 interdum
904 1527 1124 1574 conceptas
1145 1518 1284 1559 fuisse.
1348 1518 1608 1559 Testimonio
1630 1527 1729 1560 sunt

266 1582 317 1620 1⁶.
357 1580 521 1630 Livius,
556 1579 721 1619 XXII.
753 1579 821 1618 33.
853 1585 894 1618 et
927 1577 1143 1617 XXXII.
1177 1574 1242 1615 26.
1275 1584 1366 1617 tum
1416 1575 1531 1616 locus
1561 1591 1582 1616 e
1613 1575 1730 1618 libris

264 1638 403 1678 linteis
433 1637 681 1693 pontificum
712 1651 737 1676 a
768 1634 968 1675 Salmasio
998 1633 1164 1683 allatus,
1194 1634 1243 1673 de
1272 1634 1388 1673 modo
1417 1647 1666 1683 usurarum,
1687 1650 1728 1690 p.

265 1696 359 1737 237.
384 1694 456 1734 ubi
488 1694 689 1735 dicuntur
710 1694 951 1733 AEtolormn
981 1692 1129 1744 legatis
1159 1692 1296 1731 lautia
1327 1692 1442 1739 data,
1465 1695 1503 1730 et
1533 1692 1730 1741 ducenta,

264 1752 350 1792 sive
371 1752 512 1808 potius
543 1750 644 1791 bina
663 1752 797 1791 millia
817 1751 919 1790 ceris
934 1750 1082 1802 gravis
1101 1750 1148 1788 in
1177 1749 1380 1800 singulos.
1443 1748 1552 1787 Cum
1575 1748 1731 1789 AEtolis

263 1810 374 1849 enini
405 1809 515 1849 bello
546 1808 716 1848 demum
754 1806 913 1847 Punico
944 1804 1126 1846 secundo
1157 1819 1243 1844 rcm
1263 1805 1416 1845 habere
1448 1804 1629 1845 Romani
1651 1820 1731 1845 coe-

264 1874 431 1921 perunt.
494 1866 693 1921 Denique
714 1864 826 1904 idem
847 1862 1082 1905 adstruitur
1104 1877 1155 1902 ex
1180 1863 1346 1911 Seneca,
1369 1861 1444 1916 qui
1466 1860 1491 1900 l.
1518 1862 1551 1902 Ι.
1576 1862 1728 1902 Natur.

265 1924 425 1973 Quaest.
448 1938 482 1962 e.
513 1923 591 1963 ult.
615 1931 656 1963 et
680 1921 846 1962 Consol.
871 1920 923 1961 ad
958 1919 1170 1968 Helviam,
1202 1934 1235 1959 c.
1269 1919 1334 1958 12.
1364 1917 1493 1959 tradit
1527 1918 1730 1975 Scipionis

264 1980 369 2020 filias
390 1980 432 2020 in
456 1979 597 2020 dotem
619 1995 643 2019 a
661 1987 808 2019 senatu
831 1978 1035 2033 accepisse
1056 1990 1118 2017 ωε
1133 1991 1276 2029 grave.
1339 1976 1469 2015 Hunc
1494 1975 1728 2032 Scipionem

265 2052 316 2077 ex
339 2037 428 2077 Val.
464 2037 581 2077 Max.
612 2036 637 2076 l.
670 2036 744 2077 IV.
772 2051 805 2076 c.
838 2037 874 2074 4.
905 2040 1080 2090 apparet
1110 2032 1237 2073 fuisse
1270 2033 1347 2073 Cn.
1381 2032 1630 2088 Scipionem,
1653 2034 1726 2090 qui

265 2095 306 2135 in
333 2093 542 2150 Hispania
561 2093 700 2149 periit,
722 2100 922 2149 patruum
946 2089 1136 2131 Africani
1157 2090 1319 2153 prioris.

325 2153 377 2191 4⁰.
410 2152 587 2192 Necesse
617 2158 679 2192 est
710 2158 757 2191 ut
789 2158 891 2191 tunc
922 2147 1095 2203 aliquod
1126 2146 1345 2187 discrimen
1377 2146 1505 2188 fuerit
1534 2146 1657 2202 pretii
1687 2156 1729 2188 et

268 2208 554 2249 {estimationis
575 2207 684 2248 inter
705 2222 831 2262 grave
853 2221 924 2255 aes,
947 2213 987 2246 et
1009 2220 1117 2245 asses
1138 2203 1323 2244 leviores.
1384 2203 1590 2259 Alioquin
1613 2219 1729 2260 pror-

269 2282 338 2306 sus
358 2265 507 2306 inutile
528 2265 675 2306 fuisset
694 2263 827 2320 ipsius
843 2261 1135 2319 appellationis
1156 2260 1389 2301 discrimen.
1452 2262 1605 2316 Itaque
1622 2268 1729 2301 stare

267 2338 387 2378 posse
418 2337 500 2363 non
524 2321 692 2363 videtur
725 2320 929 2362 Gronovii
961 2318 1180 2367 sententia,
1203 2317 1277 2373 qui
1308 2317 1333 2357 l.
1365 2318 1455 2358 III.
1488 2317 1539 2358 de
1572 2317 1726 2357 Pecun.

267 2387 348 2420 vet.
371 2396 404 2420 c.
434 2381 500 2420 15.
532 2387 670 2420 censet
700 2377 839 2433 gravis
870 2377 962 2418 aeris
993 2376 1161 2416 nomine
1190 2375 1332 2415 venire
1362 2375 1547 2430 potuisse
1576 2389 1730 2415 massas

266 2452 407 2486 aereas,
430 2451 612 2491 quarum
642 2435 825 2492 pretium
854 2434 1093 2489 exigeretur
1123 2433 1176 2473 ad
1197 2433 1401 2473 rationem
1434 2430 1591 2471 nummi
1613 2432 1727 2472 aerei:

265 2493 325 2534 ita
345 2502 408 2543 ut,
431 2492 498 2533 cui
529 2493 788 2533 donarentur
819 2491 961 2532 decem
982 2489 1113 2531 millia
1142 2489 1235 2530 oeris
1262 2488 1400 2544 gravis
1420 2496 1515 2543 post
1545 2487 1729 2529 levatum

263 2550 432 2606 pondus
455 2550 767 2597 nomismatum,
789 2548 824 2588 is
845 2549 1050 2603 acciperet
1071 2546 1213 2587 decem
1234 2545 1365 2586 millia
1384 2544 1537 2585 assium
1559 2545 1601 2585 in
1625 2560 1730 2585 mas-

264 2608 319 2647 sis
339 2606 556 2662 ejusmodi.
621 2606 663 2646 Si
680 2605 723 2645 id
740 2604 1047 2653 admitteretur,
1065 2603 1219 2659 periret
1234 2603 1322 2658 jam
1344 2601 1564 2642 discrimen
1586 2601 1728 2658 pretii:

264 2672 305 2705 et
327 2664 469 2705 decem
490 2663 620 2704 millia
640 2662 779 2718 gravis
802 2661 894 2701 aeris
915 2668 1051 2701 essent
1072 2660 1162 2715 ipsa
1189 2659 1328 2699 decem
1352 2658 1506 2699 assium
1527 2658 1729 2700 leviorum

264 2721 408 2761 millia.

325 2777 408 2818 Pro
428 2786 541 2819 certo
561 2778 707 2833 itaque
729 2789 883 2832 ponere
915 2790 1034 2830 posse
1055 2772 1249 2814 videmur
1268 2772 1408 2827 gravis
1429 2772 1521 2814 aeris
1551 2771 1733 2829 appella„

267 2834 393 2885 tione,
415 2843 501 2877 tam
530 2842 641 2885 ante,
665 2847 793 2890 quam
815 2839 910 2888 post
932 2830 1175 2872 imminutos
1206 2845 1330 2880 asses,
1352 2829 1479 2871 libras
1502 2829 1594 2871 aeris
1615 2828 1734 2871 intel-
