1826 3149
151 202 192 233 U.
206 202 243 233 C.

151 245 191 276 A.
204 245 242 277 C.

147 482 321 515 Difficultas

143 531 294 558 itinerum.

257 202 331 233 583.

259 246 329 277 169.

367 87 442 122 1⁶24
892 93 926 129 T
942 93 958 130 Ι
974 92 1040 131 TI
1079 94 1142 133 LI
1159 95 1193 131 V
1208 95 1225 134 1
1239 97 1257 134 Ι

364 191 542 249 Popillio
581 195 724 239 relicto
761 197 803 238 in
843 201 1032 242 custodia
1065 203 1176 259 jugi,
1217 220 1292 261 per
1330 204 1442 247 invia
1480 215 1773 265 transgressus,

361 250 598 305 praemissis,
629 254 702 309 qui
743 266 1017 311 repurgarent
1048 258 1141 309 iter,
1179 261 1379 303 Attalum*
1414 271 1455 305 et
1497 265 1770 322 Misagenem,

361 321 455 348 cum
479 322 566 348 suae
585 310 720 365 gentis
742 318 969 368 utrumque
989 315 1275 368 auxiliaribus,
1296 320 1493 375 praesidio
1513 337 1598 363 esse
1619 323 1771 365 saltum

359 363 639 418 aperientibus
665 367 801 421 jubet.
823 367 924 424 ipse,
947 371 1108 426 equites
1139 372 1503 433 inpedimentaque
1528 393 1617 434 prae
1638 396 1680 421 se
1699 381 1771 422 ha-

358 419 475 471 bens,
498 435 592 462 cum
614 422 846 477 legionibus
866 440 1014 482 agmen
1035 429 1160 484 cogit.

416 478 463 517 V.
499 478 791 521 Inenarrabilis
811 481 928 524 labor
944 483 1289 529 descendentibus
1309 504 1403 531 cum
1425 492 1546 533 ruina
1559 493 1770 548 jumento-

356 547 450 574 rum
471 534 819 591 sarcinarumque.
881 540 1116 596 Progressis
1131 543 1305 586 vixdum
1327 556 1509 602 quatuor
1529 549 1657 591 millia
1676 565 1769 606 pas-

356 604 479 630 suum
515 590 617 631 nihil
651 594 877 648 optabilius
907 612 1007 647 esse,
1042 614 1168 654 quam
1198 602 1346 653 redire,
1377 619 1462 659 qua
1491 615 1702 657 venerant,
1734 607 1767 648 si

352 655 530 700 possent.
592 649 799 691 Hostilem
830 666 960 709 prope
992 656 1223 698 tumultum
1255 659 1410 715 agmini
1430 661 1639 717 elephanti
1660 676 1767 719 prae-

351 703 528 744 bebant:
561 705 648 760 qui,
670 707 742 747 ubi
763 708 818 748 ad
838 709 950 751 invia
968 721 1180 763 venerant,
1202 714 1373 772 dejectis
1405 719 1648 770 rectoribus,
1670 736 1765 762 cum

351 758 558 801 horrendo
593 762 770 804 stridore
803 779 999 820 pavorem
1033 768 1258 825 ingentem,
1287 773 1404 828 equis
1436 775 1628 826 maxime,
1650 776 1764 818 incu-

351 814 524 867 tiebant,
546 817 676 859 donec
708 821 952 863 traducendi
975 839 1044 865 eos
1064 826 1171 867 ratio
1198 827 1300 870 inita
1319 838 1392 871 est.
1455 833 1536 872 Per
1565 834 1762 888 proclive,

347 870 524 914 21sumto
554 875 736 931 fastigiO,
758 877 870 934 longi
903 879 988 921 duo
1008 882 1134 922 validi
1167 899 1320 926 asseres
1347 902 1398 928 ex
1419 886 1611 930 inferiore
1642 898 1763 946 parte

343 927 385 968 in
422 937 532 971 terra
565 931 871 987 defigebantur,
893 936 1094 979 distantes
1124 939 1232 982 inter
1263 956 1305 982 se
1331 944 1473 999 paullo
1501 945 1613 1000 plus,
1635 962 1761 1004 quam

341 995 501 1040 quanta
535 988 687 1029 belluae
723 990 904 1033 latitudo
936 1002 1009 1035 est.
1053 995 1094 1036 in
1125 1012 1193 1038 eos
1223 1000 1445 1041 transversi
1476 1001 1760 1046 incumbentes

341 1042 461 1097 tigni,
483 1044 537 1084 ad
559 1044 735 1086 tricenos
756 1047 867 1103 longi
897 1050 1038 1105 pedes,
1060 1059 1108 1094 ut
1128 1068 1233 1109 pons
1265 1064 1384 1107 esset,
1406 1057 1756 1114 injungebantur:

340 1098 578 1156 humusque
610 1101 779 1159 insuper
809 1104 1083 1161 injiciebatur.
1116 1110 1280 1152 modico
1313 1112 1462 1155 deinde
1494 1115 1603 1157 infra
1634 1116 1758 1158 inter-

339 1155 449 1196 vallo
466 1156 606 1198 similis
624 1158 728 1199 alter
748 1174 870 1215 p'ons:
895 1162 1014 1204 deinb
1035 1165 1197 1216 tertius,
1215 1176 1256 1209 et
1272 1169 1413 1224 plures
1429 1186 1480 1211 ex
1496 1172 1655 1224 ordine,
1672 1190 1758 1229 qua

338 1226 463 1268 rupes
483 1212 694 1256 22abscisae
715 1226 847 1267 erant,
869 1219 1035 1262 fiebant.
1099 1223 1239 1265 Solido
1260 1227 1510 1280 procedebat
1527 1229 1693 1285 elephas
1714 1230 1756 1272 in

336 1276 532 1323 pontem:
579 1272 701 1328 cujus
731 1274 975 1330 priusquam
1007 1277 1050 1318 in
1075 1287 1309 1322 extremum
1341 1284 1597 1339 procederet,
1618 1286 1756 1329 6‘’³sub-

335 1325 428 1366 cisis
448 1327 655 1369 asseribus
674 1330 892 1387 conlapsus
919 1347 1037 1388 pons,
1059 1349 1192 1392 usque
1212 1338 1383 1381 alterius
1411 1340 1579 1383 initium
1600 1345 1754 1399 pontis,

334 1382 494 1436 prolabi
527 1399 622 1424 eum
644 1385 791 1427 leniter
822 1391 1010 1444 cogebat.
1041 1391 1110 1432 alii
1131 1393 1341 1449 elephanti
1367 1397 1546 1452 pedibus
1566 1399 1755 1442 insisten-

334 1445 410 1488 tes,
441 1439 511 1480 alii
541 1440 735 1483 clunibus
765 1443 1041 1498 subsidentes,
1083 1449 1421 1504 prolabebantur.
1453 1455 1526 1496 ubi
1555 1457 1753 1512 planicies

332 1494 464 1537 altera
490 1497 630 1552 pontis
659 1499 886 1556 excepisset
921 1518 1003 1554 eos,
1039 1519 1184 1547 rursus
1225 1507 1346 1550 simili
1386 1509 1508 1552 ruina
1547 1512 1752 1556 inferioris

331 1552 470 1606 pontis
502 1553 811 1607 deferebantur,
834 1558 964 1600 donec
999 1561 1053 1601 ad
1074 1564 1299 1617 aequiorem
1320 1566 1469 1608 vallem
1502 1579 1750 1624 perventum

330 1616 406 1649 est.
465 1609 498 1632 ²⁴¹
507 1610 656 1651 Pau-llo
674 1612 773 1674 plus
793 1623 950 1669 septem
982 1617 1112 1659 millia
1131 1620 1198 1660 die
1220 1622 1399 1663 Romani
1430 1637 1746 1679 processerunt3

330 1665 548 1706 minimum
587 1668 766 1722 ped1bus
805 1670 962 1713 itineris
1002 1675 1249 1717 confectum.
1300 1679 1546 1737 plerumque
1585 1686 1750 1739 provol-

329 1729 472 1762 ventes
513 1737 555 1763 se
599 1723 722 1766 simul
763 1740 857 1767 cum
888 1729 1012 1770 armis
1052 1731 1226 1788 aliisque
1261 1736 1472 1788 oneribus,
1503 1754 1598 1780 cum
1633 1742 1746 1783 omni

327 1792 478 1832 genere
519 1781 763 1833 vexationis,
792 1795 1104 1839 processerunt:
1156 1790 1260 1832 adeo
1295 1800 1344 1834 ut
1373 1808 1425 1835 ne
1454 1795 1542 1836 dux
1574 1797 1744 1852 quidem

327 1841 369 1874 et
399 1842 544 1876 auctor
579 1836 737 1880 itineris
777 1839 1043 1893 inficiaretur,
1075 1859 1205 1900 parva
1244 1863 1370 1891 manu
1412 1851 1539 1893 deleri
1580 1869 1743 1897 omnem

328 1891 557 1933 exercitum
578 1896 774 1949 potuisse.
836 1898 970 1940 Nocte
998 1900 1052 1941 ad
1072 1902 1276 1946 modicam
1296 1906 1515 1962 planiciem
1547 1925 1745 1966 pervene-

327 1955 451 1990 runt:
483 1963 633 2006 neque,
655 1967 707 1993 an
739 1952 915 1996 infestus
933 1955 968 1996 is
988 1956 1104 1999 locus
1133 1969 1254 2012 esset,
1276 1971 1419 2019 septus
1446 1966 1646 2022 undique,
1668 1969 1744 2012 cir-

829 2041 844 2065 b
858 2043 926 2074 dein
939 2044 961 2075 l.
976 2045 1044 2076 inde
1058 2045 1155 2078 Gron.
1170 2048 1260 2080 Crev-

366 2111 405 2141 21
432 2110 550 2151 Sumpto
561 2113 706 2156 fastigio]
730 2116 831 2158 Longi
843 2117 904 2148 duo
927 2128 1007 2150 asse·
1052 2128 1178 2154 rectum.
1220 2113 1223 2114 ⁷

324 2162 370 2183 res
392 2153 471 2184 inter
483 2165 516 2186 se
530 2156 648 2188 adversi
669 2159 791 2190 modica
810 2159 1008 2193 inclinatione

323 2195 446 2226 demissi
469 2198 637 2230 secundum
669 2201 853 2243 superiorem
876 2209 1006 2245 partem,

323 2238 354 2268 in
381 2243 460 2270 terra
486 2250 523 2271 ex
552 2241 690 2275 inferiore
716 2251 802 2286 parte
829 2245 1005 2288 defigeban-

323 2285 380 2311 tur.
438 2282 500 2313 Hic
515 2283 678 2326 fastigium
699 2286 881 2330 intelligitur
902 2291 1005 2328 clivus,

321 2329 479 2365 propterea
503 2327 585 2367 quod
610 2328 636 2358 si
660 2330 735 2370 quid
759 2330 790 2361 in
815 2331 927 2363 clivum
952 2333 1005 2365 de-

321 2371 431 2396 vexum
456 2372 512 2402 est,
538 2369 620 2400 idem
644 2377 675 2402 et
696 2372 727 2403 in
753 2373 907 2415 fastigium
932 2385 1004 2407 con-

320 2409 410 2438 trario
437 2419 526 2442 sensu
552 2414 704 2455 assurgit:
738 2416 845 2446 eadem
871 2418 932 2449 fere
956 2429 1004 2450 ra-

319 2450 411 2487 tione,
440 2462 502 2493 qua
536 2456 630 2486 altum
656 2462 688 2487 et
718 2459 901 2499 profundum
935 2471 1003 2502 pro-

319 2493 433 2525 miscue
459 2503 653 2538 usurpantur.
711 2500 821 2541 Itaque
848 2502 892 2532 illi
921 2513 1002 2535 asse-

318 2546 366 2566 res
408 2537 598 2580 intelligendi
640 2546 711 2571 sunt
753 2543 899 2584 triquetra
942 2546 1003 2578 fere

318 2579 415 2610 forma
444 2580 545 2617 fuisse,
568 2582 612 2613 ita
634 2589 669 2614 ut
690 2593 707 2614 e
730 2586 825 2616 tribus
856 2588 1002 2619 lateribus

318 2631 414 2652 unum
438 2633 492 2664 per
517 2625 649 2666 proclive
673 2627 873 2668 porrigeretur
893 2636 923 2661 et
949 2641 999 2662 ac-

316 2664 479 2696 clinaretur
516 2668 684 2699 secundum
723 2677 875 2711 montem3
923 2674 998 2705 alte-

316 2718 394 2744 rum,
422 2719 530 2751 nempe
554 2712 702 2753 superiuS,
728 2714 846 2745 modice
867 2713 998 2747 'inclina-

316 2754 381 2780 tum
409 2757 487 2782 esset
521 2758 552 2784 et
578 2754 638 2785 leni
674 2755 794 2797 fastigio
828 2757 997 2798 devexum3

316 2793 435 2824 tertium
458 2795 589 2838 denique
611 2808 635 2828 e*
651 2803 739 2834 terra,
755 2798 785 2829 in
809 2811 870 2841 qua
892 2812 928 2832 ex
952 2802 997 2833 in-

315 2835 419 2868 feriore
440 2843 526 2879 parte
552 2839 751 2882 defigebatur,
776 2850 944 2885 assurgeret
966 2846 996 2877 in

1093 2166 1134 2196 22
1157 2167 1296 2210 Abscisoe]
1323 2169 1371 2199 Ex
1393 2171 1442 2201 abs
1463 2174 1494 2201 et
1516 2172 1594 2203 caedo
1614 2172 1647 2203 fit
1673 2183 1738 2205 ver-

1049 2207 1123 2238 bum
1150 2211 1272 2247 abscido,
1300 2212 1418 2249 abscidi,
1445 2214 1595 2246 abscisum.
1650 2215 1738 2247 Mar-

1049 2250 1259 2288 tialis,l.III.
1284 2254 1380 2296 epigr.
1402 2256 1455 2286 66.
1481 2257 1612 2288 Abscidit
1637 2260 1736 2291 vultus

1049 2296 1122 2325 ensis
1147 2303 1267 2337 uterque
1301 2308 1403 2329 sacros.
1461 2299 1603 2332 Abscindo
1636 2302 1734 2333 diver-

1049 2346 1117 2367 sum
1151 2343 1197 2369 est
1232 2340 1368 2376 verbum,
1395 2340 1467 2372 licet
1501 2343 1638 2384 ejusdem
1673 2343 1736 2377 fere

1049 2388 1165 2411 sensus.
1221 2381 1326 2423 Atque
1348 2383 1439 2424 hujus
1461 2385 1585 2425 quidem
1608 2387 1730 2429 partici-

1048 2421 1133 2463 pium
1171 2425 1306 2456 abscissus
1343 2425 1529 2467 frequentius
1567 2439 1649 2460 nunc
1681 2441 1732 2461 oc-

1046 2464 1140 2496 currit
1162 2465 1193 2496 in
1218 2467 1317 2498 editis.
1374 2469 1418 2499 At
1447 2470 1587 2501 observat
1611 2473 1730 2504 Grono-

1046 2507 1114 2538 vius
1134 2508 1194 2540 fere
1215 2509 1328 2551 ubique
1342 2510 1373 2541 in
1387 2512 1509 2553 optimis
1530 2519 1561 2545 et
1583 2516 1730 2557 antiquis-

1046 2549 1129 2580 simis
1141 2551 1298 2583 codicibus
1310 2555 1371 2595 legi
1384 2557 1518 2586 abscisum

1086 2594 1304 2626 23²*Szwcessis
1317 2599 1471 2640 asseribus]
1498 2599 1568 2630 Sive
1593 2608 1728 2632 asserum

1044 2634 1155 2666 fulcris.

1086 2678 1126 2707 24
1165 2679 1258 2710 Panlo
1292 2682 1359 2721 plu-s
1392 2690 1495 2722 septem,
1534 2686 1626 2715 millia
1663 2688 1727 2728 die]

1044 2720 1103 2750 Per
1128 2721 1219 2757 diem,
1242 2728 1272 2753 et
1293 2724 1456 2766 opponitur
1481 2729 1523 2768 τῷ
1538 2735 1627 2764 nnete,
1643 2730 1726 2770 quod

1042 2764 1177 2803 sequitur
1199 2767 1290 2806 paulo
1313 2773 1390 2808 post.
1435 2770 1545 2810 ltaque
1560 2770 1634 2802 nihil
1650 2782 1726 2813 opus

1041 2810 1086 2835 est
1126 2806 1174 2837 hic
1208 2808 1338 2840 inserere
1370 2821 1400 2841 cu
1427 2819 1499 2844 ante
1531 2824 1635 2846 vocem
1666 2817 1723 2852 dic,

1041 2849 1122 2889 quod
1137 2850 1273 2884 voluerat
1288 2853 1471 2886 Gronovius
