1805 3174
545 84 1000 134 PRAEFATIO.
1403 101 1500 133 xxv

46 237 328 279 conventus:
357 228 612 292 Pylaicum
636 235 825 275 vocant.
888 225 1041 280 Quod
1064 229 1305 288 quantum
1334 242 1362 270 a
1386 240 1501 272 vero

49 308 325 361 abhorreat,
352 323 414 353 ex
450 305 560 368 ipsa
597 303 881 352 narratione
913 302 1062 350 facile
1089 301 1499 364 deprehenditur.

49 384 124 431 Ibi
150 384 278 431 enim
297 382 494 431 AEtolos
513 382 651 429 solos
677 381 947 445 alloquitur
972 379 1262 435 Cornelius3
1302 378 1395 425 soli
1431 396 1501 425 re-

48 463 304 525 spondent
321 461 500 508 AEtoli:
529 467 576 508 et
596 476 766 507 eorum
786 474 1032 522 responso
1053 456 1225 505 audito
1243 456 1504 504 Cornelius

49 540 178 586 abit:
216 556 327 602 quae
353 538 555 602 quidem
582 538 745 584 omnia
770 536 928 599 magis
960 542 1242 597 congruunt
1264 535 1312 581 in
1338 535 1505 582 conci-

50 617 169 665 lium
195 617 480 664 AEtolorum
518 616 695 680 gentis,
723 631 873 679 quam
901 614 947 661 in
974 614 1126 661 totius
1152 613 1359 660 Graeciae
1385 629 1505 660 con-

48 703 267 744 ventum.
341 694 505 758 quue
541 693 726 756 optime
762 695 919 740 sensit
953 691 1058 755 ipse
1093 691 1278 750 Livius,
1315 690 1415 754 qui,
1453 696 1509 737 ut

50 773 119 820 illi
159 772 489 819 incommodo
524 770 724 818 obviam
760 771 865 830 iret,
891 769 1045 816 tradit
1071 768 1357 815 Romanum
1393 783 1505 815 cum

48 850 233 899 AEtolis
254 850 504 913 proecipue
537 846 717 910 egisse.
790 846 888 894 Sed
928 846 1052 894 illud
1083 848 1334 909 praecipue
1369 844 1507 907 apud

46 928 327 989 >Polybium
360 941 606 989 nusquam
645 932 746 972 est:
785 932 934 988 atque
972 924 1101 971 adeo
1141 939 1353 970 errorem
1380 921 1505 970 Livii

52 1005 253 1068 detegit,
283 1006 403 1052 dum
431 1004 581 1052 velat.

118 1083 175 1131 ln
194 1082 369 1130 illustri
385 1082 468 1129 illa
484 1081 548 1128 ad
569 1080 982 1143 Cynoscephalas
1000 1096 1182 1142 pugna,
1200 1096 1299 1142 qua
1317 1078 1506 1142 Philip·
1519 1100 1584 1129 111.
1610 1101 1723 1130 Exem-

50 1179 143 1224 pus
171 1161 446 1208 debellatus
478 1177 506 1206 a
532 1159 737 1213 Quintio
764 1166 853 1214 est,
881 1157 1092 1206 occurrit
1119 1157 1251 1220 apud
1279 1164 1501 1204 nostrum
1517 1144 1716 1217 ἷέζζῗζςαλςω

52 1239 239 1303 aliquid
263 1239 397 1303 quod
420 1238 660 1286 lectorem
680 1244 922 1284 attentum
943 1235 1121 1284 morari
1143 1235 1339 1283 debeat.
1392 1234 1507 1281 Phi·
1518 1230 1688 1306 ζζζβαθῖσ·

49 1318 216 1381 lippus
237 1318 357 1365 dum
384 1317 435 1364 in
460 1317 651 1364 hostem
675 1315 828 1372 ducit,
851 1315 1175 1363 Macedonum
1193 1313 1727 1378 phalangemfffflH-ss·

50 1397 204 1443 hastis
235 1398 430 1460 positis,
467 1412 669 1458 quarum
708 1395 968 1459 longitudo
1009 1394 1349 1456 impedimento
1385 1397 1506 1447 erat,

44 1475 236 1538 gladiis
259 1492 356 1522 rem
373 1490 547 1540 gerere
557 1473 720 1537 jubet.
779 1472 978 1520 Norunt
1003 1487 1178 1518 omnes
1206 1470 1507 1534 praecipuum

50 1551 312 1615 phalangis
332 1550 685 1598 Macedonicae
705 1551 855 1598 robur
876 1549 1093 1612 positum
1115 1547 1267 1595 fuisse
1290 1547 1339 1593 in
1365 1546 1510 1593 saris·
1567 1594 1570 1598 ,

52 1629 118 1676 sis
146 1636 260 1676 ante
287 1628 421 1692 ipsos
452 1627 712 1691 porrectiS‚
739 1645 849 1691 quae
887 1634 935 1674 et
970 1625 1346 1688 inexpugnabili
1374 1625 1510 1672 velut

51 1706 184 1754 vallo
210 1706 323 1753 illos
349 1705 582 1769 sepirent,
607 1712 657 1752 et
695 1704 902 1752 multum
929 1703 1150 1751 valerent
1185 1704 1249 1750 ad
1289 1720 1509 1766 perrum-

50 1784 247 1846 pendos
296 1782 516 1830 hostium
565 1782 784 1829 ordines.
857 1781 981 1835 Quis
1027 1780 1175 1843 igitur
1223 1781 1507 1838 crediderit,

45 1861 217 1922 jussos
244 1878 354 1910 esse
380 1861 442 1908 ab
468 1877 580 1924 rege
607 1860 926 1907 Macedonas
955 1875 1095 1906 suam
1122 1858 1256 1922 ipsos
1282 1858 1377 1906 vim
1409 1859 1508 1906 sol-

51 1956 164 1987 vere
201 1947 250 1987 et
283 1939 579 2002 infringere?
618 1939 669 1986 Si
696 1937 965 2001 Polybium
1002 1938 1171 1996 adeas,
1199 1954 1261 1985 ex
1296 1953 1396 2001 quo
1427 1955 1509 1984 ex-

53 2017 239 2080 scripta
274 2023 351 2064 est
386 2034 416 2064 a
449 2024 619 2064 nostro
656 2022 763 2063 tota
798 2016 946 2077 hujus
974 2015 1128 2079 praelii
1151 2016 1382 2071 narratio,
1408 2033 1512 2064 non

51 2095 207 2142 modo
237 2095 355 2142 nihil
382 2095 486 2142 tale
511 2095 741 2158 reperies„
769 2095 857 2142 sed
896 2094 1042 2141 etiam
1082 2094 1227 2141 facile
1265 2110 1510 2155 agnosces

52 2174 190 2220 unde
215 2190 347 2221 error
366 2173 489 2221 Livii
515 2181 659 2220 natus
679 2172 758 2221 sit.
812 2172 1011 2234 Nempe
1036 2172 1144 2220 haec
1171 2179 1287 2220 sunt
1308 2171 1509 2233 Polybii

52 2252 215 2300 verba.
261 2262 346 2307 Τοῖς
365 2260 430 2312 μὲν
461 2258 725 2315 φαλαγγίτας
745 2257 846 2308 ἐδόθη
873 2257 1137 2315 παράγγελμα
1162 2257 1418 2300 καταὲαλοῦσι
1442 2259 1510 2305 τὰς
1523 2274 1560 2307 L,
1577 2275 1688 2307 XVII,

54 2340 240 2398 σαρίσσαις
262 2337 428 2395 ἐπάγειν.
476 2328 695 2377 Verbum
715 2335 973 2378 καταέαλοῦσι
994 2328 1189 2374 videtur
1211 2327 1258 2374 in
1285 2326 1510 2373 fraudem

54 2409 312 2457 induxisse
360 2406 570 2454 Livium.
643 2405 803 2453 Graeci
843 2413 1096 2456 καταὸάλλειν
1134 2405 1324 2460 dicunt,
1371 2404 1509 2468 quod

55 2486 235 2533 Latine
271 2485 455 2533 dicitur
489 2485 710 2548 abjicere,
743 2484 959 2548 itemque
995 2485 1258 2532 demittere.
1340 2482 1511 2529 Priore

56 2579 204 2611 sensu
240 2562 436 2625 accepit
460 2560 647 2622 Livius,
672 2577 822 2624 quum
850 2561 1122 2624 posteriore
1159 2560 1428 2614 debuisset,
1456 2566 1510 2605 ut

58 2647 108 2687 et
133 2638 274 2687 vertit
305 2639 654 2695 Casaubonus‚
691 2637 775 2701 qui
812 2637 863 2684 in
898 2637 986 2685 illo
1022 2635 1511 2686 Thermicisconcilii

57 2717 174 2766 loco
202 2734 230 2764 a
249 2716 391 2764 Livio
417 2717 678 2781 deceptus,
700 2715 778 2765 hic
804 2715 997 2764 cautior
1020 2715 1129 2764 fuit.
1182 2715 1512 2779 Plzczlangitis
