1831 3174
482 47 599 85 LIB.
630 46 738 84 XLI.
781 46 917 84 CAP.
949 46 1127 86 XXVII.

1470 56 1516 89 31

86 173 151 200 res
176 156 217 198 in
242 157 366 208 circo,
389 166 430 199 et
454 156 487 181 ⁵³
502 172 582 198 ova
611 155 666 198 ad
696 165 815 199 notas
835 156 1055 198 curriculis
1082 158 1365 209 numerandis,
1388 159 1421 184 ⁵⁰
1437 169 1478 203 et
1496 164 1520 188 *
1536 176 1624 208 U.c.
1641 176 1718 208 578.

85 215 198 265 dam,
230 223 272 257 et
302 223 432 256 metas
461 222 576 256 trans
598 215 622 240 *
643 221 685 255 et
715 229 861 255 caveas
891 214 1046 255 ferreas
1075 229 1128 270 pe
1151 216 1175 241 *
1196 215 1717 259 intromitteremAaec·174·

86 280 158 314 tur
180 275 204 298 ³⁵⁶
226 272 368 314 ferreis
389 271 422 295 ⁴¹⁰
434 271 476 313 in
508 279 648 312 monte
672 271 840 313 Albano
870 271 1126 322 consulibus,
1148 280 1190 313 et
1218 272 1373 314 clivum
1399 276 1523 332 Capi-

85 330 264 371 tolinum
285 329 395 370 silice
426 328 696 370 sternendum
723 337 992 379 curaverunt,
1016 337 1057 370 et
1078 328 1110 352 ⁴²¹
1126 329 1336 385 porticum
1358 331 1411 372 ab
1433 333 1522 373 aede

90 387 261 429 Saturni
291 386 334 427 in
367 385 624 442 Capitolium
656 385 711 426 ad
747 385 1003 435 senaculum,
1036 401 1083 427 ac
1119 402 1245 443 super
1274 387 1319 428 id
1349 388 1520 430 curiam.

88 445 147 485 Et
169 452 288 485 extra
316 452 482 499 portam
506 442 796 499 Trigeminam
826 443 1061 499 emporium
1097 443 1236 500 lapide
1267 452 1522 497 straverunt,

90 501 388 557 stipitibusque
420 508 662 557 sepserunt:
696 508 738 542 et
768 500 979 556 porticum
1011 500 1229 542 AEmiliam
1258 502 1523 545 reficiendam

85 566 310 600 curarunt:
335 557 623 614 gradibusque
644 557 891 598 adscensum
907 558 960 598 ab
979 557 1127 599 Tiberi
1148 558 1191 600 in
1212 559 1445 615 emporium
1467 562 1526 602 fe-

86 624 245 657 cerunt.
288 624 330 657 et
366 623 486 656 extra
518 614 708 656 eamdem
742 623 908 671 portam
939 614 982 655 in
1013 616 1278 657 Aventinum
1314 618 1526 673 porticum

84 672 196 714 silice
227 681 481 723 straverunt,
503 671 536 695 ⁴²
552 680 593 713 et
624 687 674 713 eo
707 672 878 729 publico
908 672 961 713 ab
997 672 1088 713 aede
1119 673 1290 715 Veneris
1320 674 1524 717 fecerunt.

87 730 224 771 Iidem
249 729 423 772 Calatiae
444 737 486 771 et
508 729 687 771 Auximi
712 745 855 771 muros
884 729 1096 771 faciendos
1127 730 1394 774 locaverunt:
1428 748 1527 774 ven-

84 786 269 843 ditisque
298 787 357 829 ibi
392 787 572 844 publicis
602 786 716 837 locis,
738 786 974 844 pecuniam,
1007 802 1104 843 quae
1139 788 1309 830 redacta
1337 798 1442 840 erat,
1465 798 1526 832 ta-

84 844 224 886 bernis
245 845 416 901 utrique
446 844 538 886 foro
559 844 868 886 circumdandis
898 854 1229 887 consumserunt.
1273 854 1312 887 et
1344 846 1451 888 alter
1472 862 1523 890 ex

84 901 134 943 iis
156 902 336 944 Fulvius
368 902 545 943 Flaccus
568 901 684 955 (nam
714 901 959 944 Postumius
988 901 1107 953 nihil,
1130 902 1207 943 nisi
1239 912 1407 945 senatus
1439 905 1525 946 Ro-

84 959 198 1000 mani
237 959 437 1016 populive
471 960 610 1015 jussu,
648 975 690 1000 se
730 959 966 1002 locaturum
1008 958 1042 983 ⁴³
1054 959 1241 1015 ipsorum
1282 961 1461 1016 pecunia
1477 964 1523 1017 *)

84 1016 207 1057 Jovis
238 1017 370 1058 aedem
393 1016 573 1068 Pisauri,
596 1025 637 1058 et
661 1016 839 1067 Fundis,
862 1016 894 1040 44
910 1024 951 1058 et
975 1016 1194 1057 Pollentiae
1222 1017 1348 1059 etiam
1369 1034 1525 1074 aquam

86 1074 393 1124 adducendam,
416 1082 458 1115 et
490 1073 656 1115 Pisauri
686 1073 798 1115 viam
833 1073 945 1115 silice
976 1073 1257 1125 sternendam,
1279 1074 1312 1097 45
1327 1082 1369 1116 et
1403 1075 1526 1117 Sinu-

84 1146 216 1172 essam
247 1147 272 1172 a
300 1147 356 1188 ga
377 1133 401 1158 ἦε
423 1130 602 1172 aviariae.
667 1132 720 1172 In
750 1131 815 1172 his
842 1139 884 1173 et
915 1130 979 1172 clo
1001 1132 1026 1157 *
1047 1146 1119 1172 um
1151 1131 1478 1173 circumducend
1499 1135 1525 1159 *

83 1196 126 1230 et
166 1189 307 1230 forum
346 1188 580 1246 porticibus
620 1188 889 1246 tabernisque
930 1187 1228 1240 claudendum,
1265 1197 1307 1231 et
1343 1189 1377 1213 4⁶
1393 1191 1526 1231 Janos

129 1321 170 1351 38
197 1320 260 1351 Ουα
294 1323 333 1352 ad
370 1327 450 1351 notas
484 1321 644 1351 curriculis
679 1332 782 1352 nume·

86 1364 204 1405 randis]
246 1363 337 1395 Prius
370 1365 534 1405 legebatur
568 1366 783 1395 numerandas:

85 1408 181 1439 male.
226 1407 417 1439 BIendosam
441 1418 566 1449 quoque
590 1418 657 1439 esse
674 1418 783 1438 vocem

85 1458 168 1481 notas
186 1450 310 1492 judicat
327 1452 417 1482 Fulv.
436 1451 582 1487 Ursinus,
601 1461 638 1481 ac
662 1451 784 1493 reponit

86 1493 242 1535 probabili
266 1494 447 1536 conjectura
470 1500 567 1524 metas.
614 1494 685 1524 Ova
700 1494 784 1524 enim

86 1537 153 1573 illa,
185 1548 202 1568 e
232 1537 316 1578 ligno
347 1537 512 1573 fabricata,
543 1537 785 1578 imponebantur

86 1580 251 1617 columnis,
282 1580 452 1622 aliquando
487 1580 581 1616 binis,
613 1580 784 1622 aliquando

87 1624 259 1665 quaternis,
276 1623 316 1654 ad
334 1630 433 1654 metas
450 1622 535 1654 Circi
551 1623 688 1655 statutis.
723 1624 785 1654 Tot

86 1667 142 1698 illa
157 1672 246 1698 erant
268 1677 407 1703 numero,
425 1671 500 1708 quot
524 1665 680 1698 curricula
694 1672 783 1698 erant

85 1710 284 1753 peragenda:
308 1716 439 1752 septena
460 1709 602 1752 proinde,
627 1716 660 1740 ut
683 1710 781 1753 pluri-

85 1764 184 1791 mum,
218 1765 273 1796 pro
303 1759 432 1796 septeno
467 1753 690 1785 curriculorum
722 1764 780 1785 nu-

85 1808 182 1834 mero,
199 1797 253 1839 qui
277 1797 414 1829 solennis
436 1796 572 1828 maxime
589 1802 665 1828 erat.
712 1797 780 1828 Pri-

84 1851 135 1872 mo
164 1840 318 1872 curriculo
347 1846 486 1883 peracto,
517 1851 614 1871 unum
641 1851 735 1871 ovum
765 1851 782 1872 e

85 1883 189 1915 medio
229 1884 407 1921 tollebatur,
446 1884 585 1915 secundo
627 1883 782 1915 curriculo

86 1929 231 1963 alterum,
248 1933 280 1958 et
301 1927 346 1958 sic
366 1928 406 1959 de
429 1927 570 1969 reliquis.
615 1927 696 1958 Haec
720 1927 784 1958 fere

85 1971 268 2002 Salmasius.

129 2015 170 2045 39
196 2014 352 2050 Efficiam,
377 2021 405 2045 et
428 2020 517 2044 metas
540 2013 675 2054 trans*]
703 2013 781 2044 Haec

86 2057 191 2099 explet
224 2062 385 2098 utcunque
419 2057 594 2088 Marcellus
624 2057 781 2093 Donatus,

85 2099 225 2142 legitque
248 2107 276 2130 et
304 2101 436 2137 rhedam,
459 2106 487 2130 et
515 2107 603 2131 meras
630 2102 784 2131 transitus.

87 2143 189 2175 Nobis
212 2143 384 2175 consultius
407 2143 530 2174 videtur
553 2143 657 2175 locum
681 2143 783 2174 intac-

85 2190 153 2217 tum
182 2187 371 2229 relinquere,
401 2197 497 2228 quam
526 2187 608 2218 male
639 2192 781 2218 curatum

85 2230 245 2261 exhibere.
292 2230 382 2262 Idem
398 2236 429 2261 et
445 2230 478 2260 in
500 2229 538 2260 iis
553 2241 623 2271 quae
644 2240 780 2271 sequun-

85 2277 134 2304 tur
159 2273 284 2316 judicat
314 2273 483 2314 legendum
514 2283 593 2310 esse,
623 2279 651 2304 et
680 2284 780 2304 caveas

75 2315 208 2358 smeas,
239 2328 291 2357 per
326 2328 398 2357 quas
432 2318 699 2347 intromitterentur
725 2316 780 2358 fe—

84 2370 137 2391 rae.
172 2361 226 2391 Sat
242 2359 387 2392 feliciter.
425 2361 464 2391 In
480 2359 681 2391 Circensibus
697 2359 782 2390 enim

86 2402 169 2434 ludis
192 2414 254 2435 non
276 2404 377 2434 solum
400 2413 492 2434 cursu
516 2405 705 2439 certabatur,
726 2402 783 2434 sed

86 2451 118 2477 et
140 2447 274 2478 ferarum
297 2447 378 2478 inter
393 2457 437 2483 se,
455 2452 509 2478 aut
532 2457 604 2478 cum
625 2446 782 2478 bestiariis

85 2500 198 2532 pugnae
214 2490 397 2521 edebantur.

129 2534 171 2564 40
195 2533 234 2563 In
258 2540 353 2564 monte
375 2534 488 2563 Albano
513 2532 693 2573 consulibus]

85 2575 284 2618 perspicuum
300 2582 347 2608 est
362 2575 483 2618 aliquid
499 2575 619 2607 deesse.

131 2618 167 2649 4]
196 2619 349 2651 Particum
371 2621 406 2650 ab
431 2621 493 2650 aede
516 2620 642 2650 Saturni
667 2620 699 2649 in
725 2620 783 2650 Ca-

85 2661 219 2700 pitolium
260 2664 295 2693 ab
333 2664 515 2698 senaculum,
554 2674 588 2693 ac
630 2673 717 2702 super
754 2664 784 2693 id

86 2706 217 2747 curiam]
246 2706 387 2738 Fortasse
410 2706 579 2748 legendum
605 2707 637 2736 in
662 2706 780 2745 Capito-

88 2747 137 2776 lio.
183 2748 254 2779 Fuit
276 2749 359 2780 enim
383 2749 508 2781 Saturni
532 2748 618 2780 aedes
643 2749 677 2779 in
699 2748 781 2779 clivo

88 2789 278 2831 Capitolino.
323 2793 437 2834 Itaque
453 2791 590 2836 porticus
611 2791 667 2823 illa
688 2792 781 2824 intel-

86 2832 200 2874 ligetur
236 2841 378 2876 porrecta
413 2838 449 2866 ab
483 2837 546 2867 oecle
586 2835 711 2867 Saturni
750 2835 782 2867 in

720 2532 783 2563 Hic

827 1319 909 1352 clivo
942 1319 1121 1363 Capitolino
1155 1323 1194 1352 ad
1228 1321 1410 1356 senaculum,
1439 1328 1526 1362 atque

828 1363 869 1394 ad
883 1366 996 1394 curiam
1014 1375 1086 1405 quae
1103 1370 1151 1394 est
1172 1375 1259 1404 super
1277 1366 1306 1395 id
1331 1365 1526 1398 senaculum.

828 1407 934 1438 Possis
949 1413 981 1438 et
1004 1418 1076 1438 cum
1091 1408 1111 1439 J
1114 1413 1183 1438 usto
1207 1407 1366 1449 Rycquio,
1383 1407 1462 1439 libro
1485 1409 1525 1440 de

829 1450 934 1492 Capit.
958 1461 986 1481 c.
1010 1452 1062 1480 34.
1090 1450 1194 1491 legere
1222 1457 1250 1480 et
1278 1452 1467 1481 senaculum:
1490 1457 1525 1482 ut

828 1503 937 1523 sensus
960 1493 1000 1524 sit
1023 1493 1177 1535 porticum
1193 1493 1232 1523 ab
1257 1493 1325 1523 aede
1343 1494 1468 1524 Saturni
1492 1494 1525 1525 in

829 1535 1033 1578 Capitolium,
1056 1535 1090 1566 id
1120 1542 1177 1572 est,
1201 1536 1234 1566 in
1260 1536 1413 1578 templum
1436 1538 1526 1568 Jovis

829 1579 1014 1621 Capitolini,
1044 1586 1230 1620 porrectam,
1263 1585 1295 1610 et
1328 1581 1524 1616 senaculum,

828 1627 860 1652 et
876 1622 1006 1659 curiam,
1022 1622 1127 1654 locata
1151 1633 1217 1654 esse
1234 1633 1253 1654 a
1275 1623 1455 1654 censoribus
1478 1624 1524 1655 la-

825 1665 899 1707 pide
931 1665 1018 1697 silice
1053 1666 1231 1697 sternenda.
1277 1666 1372 1697 Porro
1401 1678 1525 1698 senacu-

826 1710 899 1745 lum,
922 1709 987 1740 sive
1011 1711 1190 1745 senatulum,
1211 1709 1270 1740 hoc
1285 1709 1378 1740 *enim
1401 1720 1526 1752 quoque

826 1752 918 1783 modo
942 1752 1099 1790 scribitur,
1123 1758 1182 1789 est,
1206 1758 1285 1784 teste
1313 1753 1416 1789 Festo,
1439 1754 1526 1785 locus

825 1794 857 1825 in
888 1806 950 1838 quo
979 1803 1096 1828 senatus
1124 1798 1223 1827 haberi
1251 1795 1340 1832 solet,
1372 1795 1437 1827 sive
1468 1808 1524 1839 po-

826 1838 899 1874 tius,
930 1841 960 1869 in
991 1851 1045 1880 quo
1071 1841 1197 1870 solebant
1225 1841 1418 1881 magistratus
1447 1841 1525 1871 ἅιιη-

828 1888 907 1913 tuoeat
942 1894 1010 1913 cum
1046 1885 1205 1914 senioribus
1238 1884 1410 1913 deliberare.
1463 1885 1525 1914 Cu-

827 1924 906 1956 riam
922 1925 960 1957 de
977 1937 1041 1968 qua
1060 1926 1111 1957 hic
1128 1926 1241 1968 agitur,
1257 1925 1342 1957 idem
1358 1926 1526 1968 Rycquius

828 1968 986 2000 existimat
1013 1969 1107 2000 fuisse
1131 1970 1250 2000 curiam
1275 1969 1462 2006 Kalabrasm
1486 1970 1526 2001 de

827 2023 891 2055 qua
906 2012 968 2043 vid.
984 2013 1130 2044 Macrob.
1147 2013 1272 2044 Saturn.
1289 2012 1312 2044 l.
1328 2013 1358 2045 Ι.
1373 2023 1402 2044 c.
1419 2014 1471 2044 15.

870 2056 912 2086 42
936 2056 977 2086 Et
1011 2067 1042 2086 eo
1076 2057 1192 2096 publico
1221 2057 1258 2086 ab
1293 2058 1354 2087 oede
1392 2056 1524 2097 Veneris]

829 2098 1012 2141 Suspicatus
1042 2100 1219 2131 Gronovius
1248 2106 1274 2130 er
1310 2100 1458 2130 basilicam.
1487 2102 1526 2130 ud

829 2144 920 2172 oedem
940 2143 1066 2173 Vener-is.

870 2186 911 2216 43
936 2185 1071 2225 Ipsorum
1106 2187 1232 2225 pecnnia
1270 2185 1397 2226 dicebat]
1444 2186 1524 2217 Ver-

825 2229 900 2259 bum
917 2228 1076 2270 adjectum
1093 2235 1140 2260 est
1155 2239 1193 2260 ex
1209 2234 1314 2259 mente
1332 2227 1462 2269 Sigonii.

868 2272 910 2302 44
935 2272 976 2303 Et
1014 2272 1180 2308 Pollentiae,
1211 2273 1297 2302 etiam
1335 2283 1441 2311 aquam
1470 2273 1524 2302 ad-

825 2315 1005 2356 ducendam]
1067 2315 1128 2346 Vel
1166 2315 1236 2356 lege
1279 2321 1305 2345 et
1347 2314 1524 2345 Pollentiam

825 2370 931 2399 aquam
955 2360 1180 2389 adducendam:
1203 2358 1253 2389 vel
1275 2358 1308 2388 in
1331 2368 1408 2389 voce
1438 2360 1523 2388 etiam

825 2401 936 2433 latebit
964 2412 1078 2433 nomen
1109 2402 1242 2444 alicujus
1271 2401 1399 2432 alterius
1427 2401 1523 2434 urbis.

825 2444 859 2475 in
874 2455 969 2487 quam
991 2444 1120 2476 Fulvius
1143 2455 1259 2487 aquam
1282 2444 1461 2475 ducendam
1479 2444 1523 2475 lo-

827 2488 957 2519 caverit.
1294 2494 1300 2499 ·

871 2532 913 2563 45
939 2532 979 2562 Et
1002 2531 1185 2573 Sinuessam]
1210 2530 1369 2562 Emendat
1383 2529 1522 2561 Marcel-

827 2573 876 2605 lus
903 2575 1060 2611 Donatus,
1084 2581 1111 2605 εἰ
1134 2574 1279 2605 Sinuessoe
1305 2575 1427 2616 glarea:
1451 2584 1524 2615 sup-

827 2617 890 2660 ple,
908 2618 992 2649 viam
1015 2618 1225 2649 sternendam.
1273 2618 1313 2648 In
1332 2617 1370 2647 iis
1390 2627 1460 2658 quoe
1475 2626 1524 2646 se-

829 2667 966 2702 quuntur
993 2661 1163 2703 legendum
1191 2666 1282 2702 putat
1311 2659 1467 2700 Sigonius,
1497 2665 1524 2689 er

825 2706 952 2736 cloacam
969 2706 999 2735 in
1005 2706 1140 2747 fluvium
1155 2704 1442 2735 circumducendum.

869 2748 911 2778 46
934 2748 1027 2779 Janos
1048 2748 1121 2790 tres]
1155 2747 1198 2778 Hi
1213 2746 1286 2777 sani
1310 2751 1399 2776 erant
1421 2750 1523 2776 trans-

825 2790 937 2822 itiones
960 2791 1086 2834 perviae.
1133 2790 1207 2821 Vici.
1224 2794 1289 2820 not.
1307 2789 1359 2821 78.
1377 2787 1418 2820 ad
1438 2789 1458 2820 l.
1476 2788 1524 2821 ΙΙ.

827 2844 854 2864 c.
871 2835 921 2865 49.
