1826 3149
285 92 359 133 162
820 92 957 132 T1T1
998 91 1162 131 LIVII

75 208 116 241 U.
132 208 169 243 C.
181 208 255 239 584.

75 251 103 281 A
129 252 154 282 C
184 252 241 281 168
285 216 393 242 men.
452 202 631 243 Flumen
652 210 740 244 erat
760 202 875 243 haud
904 215 1103 256 magnum
1132 198 1306 256 propius
1334 197 1517 240 hostium
1538 194 1698 247 castris,

285 274 338 300 ex
367 274 453 315 quo
481 268 523 301 et
550 260 800 300 Macedones
831 267 872 299 et
904 257 1083 298 Romani
1113 257 1392 312 aquabantur,
1413 254 1616 311 praesidiis
1645 268 1696 304 ex

286 323 465 372 utraque
495 316 585 372 ripa
619 316 777 371 positis,
809 323 858 355 ut
888 314 931 355 id
963 315 1098 355 facere
1128 322 1222 355 tuto
1248 320 1427 369 possent.
1488 312 1600 351 Duae
1632 325 1698 350 co-

286 372 426 413 hortes
456 388 481 413 a
508 381 627 428 parte
658 374 945 412 Romanorum
980 378 1111 420 erant,
1144 369 1388 410 Marrucina
1421 376 1462 409 et
1496 367 1695 423 Peligna3

287 429 385 469 duae
406 436 556 470 turmae
579 427 827 469 Samnitium
848 427 1053 483 equitum,
1076 427 1230 482 quibus
1250 433 1426 481 praeerat
1449 425 1511 464 M.
1530 423 1699 479 Sergius

290 484 400 526 Silus
430 485 615 541 legatus:
648 493 689 525 et
710 484 825 524 aliud
854 499 931 539 pro
951 483 1094 524 castris
1116 482 1314 523 stativum
1338 489 1426 522 erat
1455 480 1699 536 praesidium

289 542 367 583 sub
397 543 443 582 C.
468 542 619 582 Cluvio
648 541 800 596 legato,
822 549 906 581 tres
936 541 1139 588 cohortes,
1163 539 1372 588 Firmana,
1395 537 1578 587 Vestina,
1603 538 1702 577 Cre-

288 598 517 644 monensis;
562 598 660 638 duae
695 606 845 638 turmae
877 597 1083 652 equitum,
1118 595 1360 636 Placentina
1390 602 1431 635 et
1465 593 1698 636 AEsernina.

288 656 428 704 Quum
453 654 585 695 otium
616 655 670 695 ad
702 654 858 694 flumen
887 662 1008 703 esset,
1029 652 1188 694 neutris
1221 651 1528 700 lacessentibus,
1549 649 1582 673 ²⁵
1596 650 1700 690 hora

283 711 444 752 circiter
465 719 617 766 quarta
639 712 896 767 jumentum,
918 725 939 751 e
960 710 1152 750 manibus
1176 708 1412 750 curantium
1433 707 1634 762 elapsum,
1656 706 1699 746 in

284 767 521 808 ulteriorem
562 768 694 824 ripam
733 767 893 822 effugit.
935 766 1050 823 quod
1090 781 1221 822 quum
1256 780 1331 821 per
1370 779 1536 819 aquam,
1569 764 1699 804 ferme

283 839 394 879 genu
417 832 538 865 tenus
564 825 706 873 altam,
728 832 812 864 tres
841 823 992 864 milites
1022 830 1309 878 sequerentur,
1333 821 1519 861 Thraces
1539 820 1625 861 duo
1654 819 1698 860 id

278 881 518 936 jumentum
540 897 591 921 ex
612 880 748 921 medio
778 880 895 920 alveo
915 879 958 920 in
986 895 1102 920 suam
1133 879 1266 934 ripam
1296 877 1534 924 trahentes;
1568 876 1699 917 altero

284 952 428 978 eorum
449 937 596 987 occiso,
618 945 868 993 receptoque
893 952 941 977 eo
965 936 1173 992 jumento,
1196 935 1249 975 ad
1280 934 1498 975 stationem
1529 948 1698 974 suorum

285 1009 326 1034 se
346 993 612 1049 recipiebant.
674 993 1020 1048 Octingentorum
1044 992 1258 1032 Thracum
1284 990 1521 1046 praesidium
1545 990 1587 1030 in
1607 989 1700 1029 hos-

284 1050 391 1091 tium
420 1050 512 1106 ripa
541 1059 643 1099 erat,
666 1066 717 1091 ex
747 1049 812 1089 his
841 1049 964 1105 pauci
994 1049 1142 1104 primo,
1170 1063 1279 1104 aegre
1312 1046 1421 1102 passi
1454 1046 1699 1102 popularem

286 1106 327 1146 in
372 1123 447 1147 suo
486 1115 709 1163 conspectu
756 1121 925 1156 caesum,
967 1106 1020 1146 ad
1066 1104 1373 1160 persequendos
1417 1103 1701 1144 interfectores

286 1162 462 1204 fluvium
495 1163 739 1219 transgressi
772 1170 892 1204 sunt:
926 1162 1021 1202 dein
1056 1161 1211 1217 plures,
1243 1168 1452 1217 postremo
1481 1175 1636 1209 omnes,
1657 1166 1700 1199 et

285 1235 381 1260 cum
402 1220 611 1276 praesidio,

785 1277 809 1302 κ
982 1276 1007 1302 ἢκ
1180 1276 1204 1301 διε

286 1333 480 1388 proelium
503 1333 630 1374 ducit.

346 1391 474 1431 XLI.
508 1391 710 1431 Movebat
744 1389 903 1445 imperii
939 1389 1146 1444 majestas,
1167 1387 1299 1443 gloria
1328 1387 1420 1438 viri,
1443 1395 1538 1428 ante
1564 1387 1703 1428 omnia

287 1454 401 1497 aetas,
424 1446 539 1503 quod
569 1447 700 1502 major
730 1445 945 1501 sexaginta
975 1445 1090 1486 annis
1120 1445 1323 1500 juvenum
1355 1444 1497 1485 munia
1516 1445 1558 1484 in
1581 1453 1700 1500 parte

286 1503 501 1582 praecipua
521 1503 671 1544 laboris
693 1502 950 1559 periculique
966 1502 1215 1558 capessebat.
1279 1501 1568 1551 Intervallum,
1586 1501 1701 1556 quod

305 1559 440 1600 6inter
479 1568 671 1601 caetratos
707 1568 747 1600 et
786 1559 1013 1615 phalanges
1053 1566 1155 1608 erat,
1196 1558 1368 1613 inplevit
1410 1558 1532 1613 legio,
1573 1565 1700 1613 atque

287 1616 415 1657 aciem
449 1617 633 1657 hostium
666 1615 901 1670 interrupit.
962 1616 1006 1654 A
1038 1623 1156 1669 tergo
1186 1614 1366 1655 caetratis
1395 1623 1498 1664 erat,
1519 1614 1699 1655 frontem

287 1673 486 1713 adversus
515 1673 712 1728 clipeatos
740 1671 947 1712 habebat:
981 1670 1212 1726 aglaspides
1238 1671 1568 1726 adpellabantur.
1632 1672 1701 1711 Se-

289 1729 468 1769 cundam
509 1730 711 1783 legionem
750 1729 800 1767 L.
824 1727 1007 1768 Albinus
1046 1727 1270 1768 consularis
1310 1727 1461 1767 ducere
1501 1727 1701 1767 adversus

289 1782 566 1841 leucaspidem
607 1785 854 1841 phalangem
893 1784 1062 1840 jussus:
1111 1799 1158 1824 ea
1197 1783 1334 1824 media
1372 1783 1477 1823 acies
1516 1783 1700 1824 hostium

287 1841 383 1882 fuit.
443 1842 476 1868 ²⁷
492 1844 542 1882 In
563 1842 759 1882 dextrum
792 1856 934 1890 cornu,
957 1841 1067 1880 unde
1096 1840 1203 1880 cirea
1231 1840 1407 1880 fluvium
1438 1840 1701 1881 commissum

288 1899 484 1954 proelium
505 1907 606 1949 erat,
629 1898 866 1954 elephantes
890 1897 1064 1947 inducti,
1086 1896 1119 1920 ²⁸
1133 1905 1173 1938 et
1195 1897 1259 1938 ala
1280 1896 1506 1938 sociorum:
1539 1905 1581 1938 et
1604 1896 1701 1938 hinc

331 2040 373 2069 25
398 2040 480 2070 Hora
504 2042 621 2070 circiter
649 2040 770 2080 quarta]
809 2040 902 2070 Hunc
929 2039 973 2070 lo-

289 2091 359 2112 cum
382 2082 425 2111 sic
448 2088 479 2113 et
505 2083 661 2119 emendat,
685 2088 716 2113 et
737 2082 872 2124 explicat
896 2083 974 2113 Gro-

290 2124 417 2154 novius:
455 2126 536 2155 Hora
563 2128 680 2156 circiter
708 2138 783 2155 vuana
802 2128 975 2164 jumentum

289 2177 305 2196 e
348 2169 479 2198 manibus
521 2171 690 2198 morantium
735 2167 891 2199 hominum
935 2169 973 2198 de

290 2215 376 2250 parte
405 2211 549 2241 Romana
583 2212 709 2250 elapsum
746 2214 776 2240 in
811 2213 974 2241 alleriorem

290 2253 382 2291 ripam
407 2253 522 2294 effizgif,
542 2253 572 2283 id
598 2259 655 2289 est,
676 2254 780 2294 fugere
805 2254 974 2294 inceperat.

294 2295 376 2327 Quod
400 2307 486 2335 quam
512 2307 564 2335 per
589 2298 805 2337 aqzranzfernze
827 2308 904 2335 genn
933 2303 972 2326 tf>-

290 2348 345 2367 wts
373 2339 463 2367 altam
492 2345 548 2368 tres
580 2340 683 2369 milites
714 2339 849 2369 Romani
879 2351 974 2378 seque-

290 2386 405 2414 rentur,
447 2381 567 2411 Thrace.)
605 2384 662 2411 (lna
699 2381 975 2411 Macedonicorum

293 2423 476 2452 auxiliorum
497 2435 523 2453 eir
554 2426 645 2452 madio
666 2424 744 2453 alvea
771 2425 801 2453 ιἠ,
826 2436 907 2453 suam
936 2425 975 2452 111-

291 2476 360 2504 pum
394 2467 558 2497 traherent:
593 2467 682 2495 almo
711 2477 817 2499 eorum,
855 2466 886 2495 id
920 2471 976 2499 est,

294 2507 462 2543 Thracum,
488 2510 584 2541 occiso,
614 2514 778 2547 'receptoque
807 2520 836 2538 ea
855 2511 976 2545 jamen-

294 2556 331 2585 το,
361 2553 399 2581 ad
427 2553 575 2580 stationem
601 2562 718 2579 suna-wa
746 2556 806 2580 tres
835 2550 879 2580 illi
910 2551 973 2580 Ro-

292 2594 376 2624 mani
398 2593 509 2623 milites
524 2605 550 2623 se
566 2594 748 2631 recipiebant.
794 2593 974 2633 Legendum

292 2641 381 2676 putat
405 2638 473 2666 hora
495 2648 581 2671 nana,
597 2640 758 2677 propterea
778 2636 861 2675 quod
884 2645 976 2675 supra

292 2678 411 2709 dictum
434 2685 480 2709 est
501 2678 583 2709 diem
608 2677 774 2708 extraxisse
796 2678 825 2707 in
849 2678 976 2708 consilio

293 2722 461 2755 consulem,
478 2726 507 2751 et
528 2721 712 2751 Plutarchus
735 2720 846 2750 diserte
871 2720 976 2750 scribit

292 2774 427 2804 pugnam
440 2770 575 2805 coeptam
588 2775 653 2794 esse
666 2763 738 2805 ὥροις
754 2763 876 2796 infirm.
894 2764 975 2793 Con-

293 2805 376 2836 fusas
401 2807 519 2837 scilicet
544 2813 632 2837 notas
657 2806 749 2836 fuisse
780 2806 831 2835 [Γ.
858 2811 888 2835 et
917 2806 975 2835 IX.

294 2849 394 2879 Voces
425 2851 454 2879 id
472 2853 640 2888 janiculum
669 2849 803 2887 ablegat,
828 2854 976 2888 tanquam

1017 2038 1166 2070 scholium
1183 2039 1302 2070 inutile.
1348 2037 1493 2079 Denique
1506 2036 1628 2079 corrigit
1641 2044 1703 2068 tra-

1017 2083 1127 2118 herent,
1155 2083 1239 2123 quia,
1267 2082 1291 2112 si
1320 2082 1440 2122 legatur
1467 2083 1620 2115 trahentes,
1646 2091 1701 2112 sua

1018 2136 1078 2155 non
1115 2130 1214 2166 potest
1244 2124 1372 2155 orationi
1407 2129 1546 2154 constare
1575 2123 1700 2164 integri-

1017 2175 1074 2198 tas.

1059 2212 1100 2241 ‘26
1125 2210 1207 2240 Inter
1229 2215 1348 2240 cetratos
1370 2215 1396 2238 et
1418 2208 1592 2248 phalanges]
1624 2208 1702 2238 Haee

1017 2258 1061 2283 est
1096 2254 1201 2294 primae
1237 2251 1379 2283 editionis
1407 2256 1438 2281 et
1467 2249 1701 2290 Sigonianarum

1018 2295 1126 2326 lectio:
1151 2296 1247 2337 proba
1272 2295 1327 2324 illa
1352 2293 1489 2334 quidem,
1514 2303 1609 2333 quum
1631 2293 1701 2323 duae

1018 2340 1144 2373 *erana
1184 2343 1218 2368 ut
1253 2347 1345 2378 supra
1383 2335 1632 2370 memoravimus,
1669 2336 1702 2366 in

1018 2382 1153 2411 exercitu
1170 2380 1272 2411 Persei
1289 2379 1476 2420 phalangem
1498 2389 1568 2419 quae
1585 2383 1616 2408 et
1630 2388 1700 2408 mox

1020 2434 1038 2453 a
1062 2423 1149 2453 Livio
1171 2422 1376 2463 appellantur,
1402 2421 1589 2462 Aglaspides
1611 2420 1701 2450 nimi-

1019 2477 1086 2496 rum
1116 2472 1147 2496 et
1177 2464 1393 2504 Leucaspides.
1439 2462 1611 2496 'rGronovii
1636 2463 1702 2493 edi-

1020 2509 1091 2538 dere
1105 2509 1289 2548 phalangem.

1061 2552 1100 2580 27
1127 2551 1163 2580 In
1191 2552 1323 2579 destrunt
1345 2559 1435 2578 cornu.
1456 2569 1464 2577 .
1488 2569 1495 2576 .
1519 2569 1526 2576 .
1543 2549 1703 2587 elephantes

1020 2593 1147 2632 indm-ti]
1189 2592 1378 2632 Elephantes
1415 2590 1531 2620 inducti
1568 2591 1598 2620 in
1633 2601 1702 2620 eam

1018 2642 1135 2676 partem
1151 2645 1213 2675 qua
1228 2634 1369 2664 dextrum
1387 2638 1452 2662 erat
1474 2644 1568 2663 cornu
1584 2633 1701 2664 Roma-

1018 2689 1136 2708 norum.

1060 2722 1100 2750 ‘28
1134 2720 1173 2749 Et
1205 2720 1254 2749 ala.
1288 2719 1441 2758 sociorum]
1487 2719 1587 2749 Utra'!
1620 2719 1702 2749 Duae

1019 2763 1100 2792 enim
1128 2762 1222 2797 fuere,
1247 2768 1279 2791 ut
1302 2761 1367 2801 jain
1395 2761 1557 2802 aliquoties
1583 2761 1701 2791 monui-

1020 2815 1097 2837 mus.
1112 2805 1219 2835 dextra
1243 2810 1272 2834 et
1295 2803 1425 2834 sinistra.
1471 2804 1628 2834 Altemtra
1644 2814 1700 2833 vox

1020 2847 1140 2878 videtur
1156 2847 1204 2877 hic
1221 2846 1382 2877 excidisse.
