1816 3159
289 110 446 159 lxxxii
799 99 1256 152 PRAEFATIO.

294 267 471 299 manus
512 263 624 297 cum
665 242 867 294 Achaeis
914 258 1085 305 agens,
1122 257 1178 289 ea
1222 255 1327 302 quse
1365 237 1497 301 apud
1533 240 1748 282 senatum

295 330 454 393 questi
476 333 612 376 erant
635 321 1015 375 Lacedaemonii,
1037 319 1290 382 displicere
1313 314 1503 363 senatui
1526 313 1751 361 ostendit.

301 406 490 456 Caedem
521 404 732 468 primum
764 400 828 447 ad
864 397 1152 447 conflictum
1173 397 1371 459 factam
1406 408 1582 447 eorum,
1609 391 1693 453 qui
1725 407 1755 436 a

301 484 667 546 Plcilopoemene
700 481 766 527 ad
786 493 981 526 eausam
1005 477 1256 524 dicendam
1288 472 1474 520 evocati
1500 470 1752 517 venissent.

303 560 438 610 Huic
470 559 585 607 loco
610 557 719 604 haec
751 554 1010 616 subjicitur
1045 550 1286 601 Gronovii
1322 555 1458 597 nota.
1530 555 1561 574 ‘⁴
1589 545 1757 594 Locus

302 648 332 667 “
359 635 780 700 corruptissimus.
819 633 1052 680 Andreas
1070 630 1264 685 Romae,
1282 630 1347 677 ad
1362 625 1637 690 confictum.
1672 622 1759 670 An

305 722 335 742 “
361 715 479 762 fuit?
503 715 676 762 eoedem
687 713 902 777 primum
918 707 1256 772 eontrafidem
1269 708 1433 755 datam
1455 719 1614 752 eorum
1633 702 1761 764 quia

305 800 333 820 “
362 791 790 856 Philopoemene.’'
830 789 992 838 Nobis
1018 785 1235 836 suboluit
1260 785 1311 832 in
1335 799 1459 831 voce
1482 780 1762 845 conflictum

304 871 458 918 latere
474 884 658 916 nomen
677 867 785 928 ejus
800 865 899 913 loci
920 864 1053 928 apud
1074 878 1218 926 quem
1240 860 1404 909 caedes
1422 859 1556 905 facta
1571 856 1762 904 fuisset.

309 948 426 996 Hoc
441 963 628 995 nomen
646 945 699 992 in
715 943 934 1005 Polybio
951 941 1271 1006 quaerendum
1287 934 1765 998 essejudicavimus‚

306 1026 679 1089 reperimusque
704 1022 755 1069 in
781 1021 1021 1085 Excerpt.
1047 1020 1199 1082 legat.
1226 1023 1305 1066 37.
1331 1032 1443 1062 eum
1469 1014 1638 1062 locum
1663 1010 1766 1058 dic-

309 1110 414 1152 tum
440 1103 589 1150 fuisse
617 1099 945 1162 Compasium.
1016 1096 1196 1160 Itaque
1232 1095 1395 1156 legere
1432 1092 1611 1139 debere
1636 1089 1768 1136 vide·

310 1196 420 1228 mur
437 1179 489 1226 in
509 1177 675 1225 Livio:
719 1176 910 1225 Coedein
926 1176 1142 1239 primum
1164 1175 1231 1221 ad
1251 1171 1562 1235 Compasium
1570 1169 1769 1231 fitetam

310 1274 473 1306 eorum
497 1258 581 1320 qui
602 1274 633 1303 a
659 1255 1040 1317 Philopoemene.

97 1354 243 1391 nemque
261 1360 300 1380 ex
379 1333 628 1396 Denique,
649 1330 731 1378 ubi
757 1330 853 1377 alia
876 1346 971 1377 nos
997 1328 1228 1392 praesidia
1253 1327 1557 1380 defecerunt,
1581 1323 1767 1386 aliquid

97 1400 290 1478 {ffii'ffimffl
315 1411 461 1461 etiam
487 1407 794 1470 conjecturis
827 1405 1077 1453 dedimus.
1149 1403 1230 1452 Sic
1256 1404 1338 1451 lib.
1366 1400 1489 1449 VII.
1514 1418 1559 1449 c.
1585 1406 1632 1450 8.
1661 1407 1773 1464 post

97 1483 272 1554 {gssfflffasffi
315 1495 562 1539 narratam
598 1485 928 1533 Hernicorum
966 1483 1180 1538 cladem,
1208 1481 1318 1528 libri
1348 1496 1521 1527 omnes
1546 1478 1651 1526 sine
1674 1478 1775 1526 ulla

100 1577 184 1598 “³¹¹⁵-
316 1566 553 1615 varietate
589 1563 802 1610 habent:
856 1561 1145 1625 Agmenque
1163 1559 1476 1624 fugientium
1512 1556 1571 1604 ab
1606 1557 1773 1619 signis,

314 1661 458 1709 quum
468 1650 650 1708 praeter
665 1641 838 1688 incenia
854 1656 1012 1687 eorum
1030 1637 1352 1701 infrequentia
1367 1637 1513 1700 signa
1527 1643 1776 1699 conspecta
1813 1656 1814 1677 ;

315 1729 485 1776 essent,
495 1721 684 1783 fusum,
708 1736 765 1766 ae
782 1735 875 1781 per
898 1734 1048 1783 agros
1073 1717 1268 1778 trepida
1281 1715 1420 1779 juga
1437 1713 1664 1776 palatum
1688 1721 1773 1760 est.
1812 1715 1813 1763 ᾗ

318 1801 614 1851 Glareanus,
642 1795 725 1858 qui
751 1811 926 1842 omnes
952 1793 1027 1840 sui
1053 1792 1240 1840 ordinis
1267 1791 1488 1838 candore
1512 1789 1682 1846 vincit,
1708 1790 1779 1837 in-
1811 1788 1816 1847 ἧς

319 1892 479 1940 genue
505 1875 685 1920 fatetur
709 1872 814 1919 liaec
842 1888 896 1918 se
917 1870 1065 1917 verba
1088 1885 1189 1916 non
1214 1867 1506 1929 intelligere.
1547 1867 1778 1930 Sigonius
1811 1853 1816 1941 i

323 1950 676 2008 confidentior,
713 1956 762 1995 et
799 1947 1037 2011 carpendi
1078 1946 1310 1994 Glareani
1353 1945 1777 1993 studiosissimus:
1810 1934 1812 1954 ζ

324 2040 353 2057 “
384 2028 592 2078 Nullum
629 2026 777 2072 habet
803 2024 971 2072 vitium
1001 2024 1078 2072 hic
1106 2023 1262 2079 locus,
1290 2030 1465 2070 contra
1491 2027 1642 2084 atque
1668 2039 1782 2069 cen-
1810 2009 1811 2034 ³

327 2116 358 2135 “
385 2112 461 2154 set
484 2105 780 2153 Glareanus.
853 2102 1040 2149 Sensus
1061 2106 1163 2148 est:
1200 2116 1349 2163 quum
1373 2098 1514 2161 signa
1537 2098 1779 2146 Hernico-
1808 2140 1810 2145 .

327 2194 356 2212 “
384 2199 490 2231 rum
516 2198 674 2245 prope
699 2179 879 2227 moenia
899 2178 1068 2242 oppidi
1094 2183 1366 2241 conspecta
1391 2183 1560 2223 essent
1585 2176 1783 2223 deserta
1808 2145 1816 2261 j

329 2272 357 2292 “
385 2263 447 2309 ab
479 2260 596 2315 suis,
625 2275 805 2321 agmen
840 2274 1010 2304 eorum
1043 2256 1127 2319 qui
1166 2255 1228 2302 ab
1260 2254 1412 2316 signis
1449 2255 1689 2316 fugerant,
1715 2253 1784 2300 fu-

330 2348 358 2366 “
386 2354 495 2386 sum
511 2337 835 2397 fugatumque
853 2333 973 2381 est.”
1017 2332 1118 2379 Sed
1146 2330 1348 2378 nimium
1373 2329 1516 2377 facile
1532 2329 1623 2377 sibi
1644 2328 1783 2391 plau-
1807 2316 1811 2374 Ἰ,

331 2415 406 2462 dit
442 2413 688 2476 Sigonius.
760 2411 1036 2464 Quodnam
1072 2409 1203 2457 enim
1239 2414 1315 2456 est
1358 2407 1479 2455 illud
1520 2406 1782 2469 oppidum,

331 2497 507 2554 praeter
541 2488 685 2548 cujus
710 2487 891 2535 moenia
921 2486 1250 2549 infrequentia
1288 2483 1616 2531 Hernicorum
1645 2483 1788 2547 signa

334 2575 607 2629 conspecta
631 2566 777 2612 sunt?
815 2565 965 2618 Quod
992 2564 1196 2628 quidem
1222 2563 1284 2609 ab
1311 2561 1452 2609 Livio
1477 2561 1787 2609 nominatum

334 2644 483 2692 fuisse
507 2642 700 2690 indicat
721 2657 815 2687 vox
838 2657 1014 2688 eorum.
1085 2638 1306 2685 Omnino
1326 2645 1588 2701 corruptus
1614 2644 1688 2685 est
1707 2637 1786 2684 hic

334 2721 493 2775 locus,
519 2717 886 2780 legendumque
901 2716 962 2762 ab
987 2714 1233 2779 Signinis,
1306 2714 1473 2776 Signia
1489 2722 1563 2762 est
1587 2715 1787 2763 colonia

336 2797 571 2845 Romana
606 2812 709 2843 non
739 2794 886 2856 longe
922 2793 984 2840 ab
1026 2792 1358 2841 Hernicorum
1395 2792 1589 2849 finibus,
1613 2799 1790 2856 praeter
