1826 3149
265 70 341 105 286

349 176 516 214 praeficitur
532 177 634 214 classi,
650 180 705 214 37,
725 180 774 207 23.
793 177 917 212 fugatur
934 185 951 204 a

305 219 449 256 Rhodiis,
471 224 523 249 24.

347 263 485 302 profugit
509 263 546 293 ad
572 264 734 300 Prusiam3
760 261 826 302 ejus
853 271 948 297 mors,

305 309 360 342 39,
380 309 429 335 51.

261 349 298 379 L.
315 350 454 385 Annius,
473 353 586 387 praetor
603 349 801 383 Latinorum,
816 348 947 376 Romam

302 396 461 425 evocatus,
481 397 511 426 8,
528 397 557 421 3.
576 393 642 428 ejus
659 393 690 420 in
712 391 845 420 concilio
861 391 947 419 Lati-

302 445 414 464 norum
430 436 551 469 oratio,
570 440 599 463 4.
621 436 650 463 in
676 439 786 463 senatu
803 435 949 463 Romano

300 479 453 517 postulat,
466 483 500 506 ut
515 478 623 506 consul
637 478 714 507 alter
725 482 755 507 et
769 482 948 507 senatorum

300 531 371 560 pars
388 522 515 551 dimidia
530 531 546 549 e
562 521 653 549 Latio
669 526 846 558 sumantur,
863 526 890 550 5.
905 521 951 550 la-

300 565 386 594 bitur
401 569 432 593 et
449 565 493 593 ita
510 565 694 603 impingitur
710 574 796 602 saxo,
814 568 850 594 ut
866 565 948 604 sopi-

300 612 383 644 atur,
403 611 431 636 6.
575 622 578 625 ·

257 651 292 679 T.
306 652 444 682 Annius.
455 650 599 679 triumvir
610 650 739 680 coloniae
751 651 950 686 deducendae,

300 695 340 723 ob
374 695 518 723 Boiorum
555 694 754 723 rebellionem
786 695 946 724 Mutinam

301 737 457 775 confugit,
476 741 529 770 21,
549 741 600 766 25.

255 781 294 810 T.
310 781 436 809 Annius
459 781 591 817 Luscus,
615 784 741 819 praetor,
758 786 812 817 41,
830 784 880 809 22.
904 781 950 809 le-

298 828 390 862 gatus
413 824 450 853 ad
475 833 521 853 res
545 825 727 863 repetendas
752 825 783 853 iu
802 825 948 853 Macedo·

300 867 382 896 niam
397 868 521 899 missus,
535 872 590 905 42,
606 872 655 896 25.
671 868 816 897 triumvir
828 869 946 897 colonis

300 911 476 948 Aquileiam
495 911 694 944 deducendis,
711 916 766 948 43,
790 915 836 942 19.

254 952 292 981 Τ.
311 954 437 983 Annius
455 955 546 987 Milo,
565 955 652 992 Epit.
674 958 743 984 104.
765 959 839 987 107.

254 997 403 1026 Annouae
414 998 522 1027 habita
532 998 731 1027 curaRomae.
745 1002 777 1033 2,
791 1002 946 1031 9.10,11.

254 1039 400 1070 Annonae
424 1042 551 1079 caritas,
567 1046 660 1080 atque
685 1042 757 1071 inde
781 1042 893 1079 turbae,
913 1047 946 1078 2,

297 1088 350 1113 34.
367 1088 400 1120 4,
422 1088 469 1113 12.

253 1126 400 1156 Annonae
417 1128 534 1164 vilitas,
555 1131 609 1160 31,
628 1132 677 1157 50.
695 1131 797 1159 tanta,
814 1132 850 1156 ut
867 1138 945 1156 mer—

297 1174 384 1199 cator
414 1180 470 1209 pro
499 1174 627 1200 vectura
655 1171 758 1200 nautis
787 1172 946 1210 reliquerit

297 1214 504 1247 frumentum,
524 1218 579 1249 30,
597 1218 650 1243 38.

253 1256 374 1286 Annuli
392 1257 540 1295 gemmati
557 1257 692 1290 sabinis,
715 1261 744 1293 1,
764 1261 811 1285 11.

274 1319 317 1324 -
334 1302 417 1329 aurei
442 1310 535 1339 quare
551 1304 582 1329 et
599 1301 723 1338 quando
739 1301 846 1329 Romae
863 1301 945 1338 posi-

296 1343 346 1371 ti?
375 1348 408 1379 9,
428 1348 457 1375 7.
476 1347 526 1373 46.

274 1402 318 1408 =-—
333 1387 505 1416 occisorum
531 1388 568 1416 ad
586 1388 712 1415 Cannas
732 1387 945 1416 Romanorum

297 1430 442 1466 detracti,
457 1431 596 1459 modium
614 1432 750 1468 explent.
769 1434 823 1466 ⁴23,
846 1435 894 1459 12.

252 1473 384 1502 Annulo
394 1474 533 1503 Marcelli
552 1474 836 1512 potitnrAnnibal,
848 1483 946 1511 coque

297 1516 413 1546 frustra
425 1518 463 1546 ad
477 1518 616 1546 fraudem
630 1518 717 1546 abuti
734 1522 879 1551 conatur,
895 1521 950 1552 27,

298 1563 348 1588 ⁶28.

248 1603 363 1633 Annus
377 1608 395 1632 a
406 1603 512 1632 Numa
525 1604 679 1642 Pompilio
691 1604 727 1632 ad
745 1612 869 1632 cursum
886 1604 948 1632 Lu-

297 1656 345 1675 nae
368 1648 400 1676 in
426 1648 589 1676 duodecim
614 1656 735 1676 menses
759 1647 946 1686 descriptus,

300 1694 328 1724 l,
350 1695 398 1722 19.

252 1733 339 1762 Anni
372 1734 545 1762 consularis
576 1733 765 1772 principium
796 1733 946 1763 Kalendae

297 1776 440 1812 Sextiles,
456 1782 490 1812 3,
505 1780 533 1805 6.
553 1777 627 1806 Idus
644 1777 754 1812 Maiae,
771 1782 804 1813 3,
823 1780 876 1806 36.
892 1782 944 1805 38.

297 1820 372 1849 Idus
390 1821 591 1853 Decembres,
610 1825 641 1851 4,
659 1824 713 1851 37.
732 1824 764 1856 5,
781 1826 809 1851 9.
829 1821 947 1850 Kalen-

296 1864 341 1892 dae
357 1863 521 1897 Octobres,
541 1868 571 1897 5,
589 1868 618 1893 9.
644 1863 792 1892 Kalendae
816 1864 944 1896 Quinti-

298 1907 353 1943 les,
369 1911 400 1942 5,
413 1911 466 1937 32.
481 1912 512 1942 8,
527 1912 577 1936 20.
603 1907 678 1935 Idus
694 1907 828 1942 Martiae,
849 1912 902 1943 22,
918 1912 945 1937 1.

251 1950 419 1979 Annorum
431 1951 560 1985 indices,
572 1950 665 1986 clavi,
681 1951 763 1988 apud
774 1951 944 1985 Volsinios,

295 1998 327 2029 7,
343 1997 374 2022 3.
391 1993 456 2022 vid.
474 1993 598 2022 Clavus.

252 2036 457 2073 Anquisitum
475 2037 599 2075 capitis,
616 2040 649 2073 2,
665 2040 717 2066 52.
735 2039 788 2074 26,
804 2041 833 2066 3.
851 2046 944 2075 pecu-

296 2080 369 2116 niae,
388 2079 461 2108 ilsd.

252 2123 387 2152 Anseres
399 2123 521 2152 Junoni
538 2123 628 2159 sacri,
644 2122 793 2161 Capitolii
807 2128 944 2153 servato-

295 2176 354 2199 res,
373 2171 403 2199 5,
421 2170 473 2198 47.

250 2209 460 2240 Antemnates
479 2210 611 2238 Romam
637 2210 674 2238 ad
699 2209 788 2238 ludos
808 2210 948 2248 proficis-

295 2258 424 2288 cuntur,
448 2258 475 2286 1,
493 2258 521 2284 9.
540 2253 654 2282 bellum
679 2257 793 2291 parant
811 2254 852 2282 ob
874 2263 945 2292 rap-

294 2300 361 2325 tum
387 2296 531 2330 filiarum,
560 2301 608 2325 lo.
632 2297 774 2335 palantes
804 2297 835 2326 in
863 2298 944 2333 agris

294 2340 528 2377 opprimuntur,
549 2344 596 2368 11.

251 2382 395 2411 Antenor
407 2383 555 2420 Trojanis
571 2392 641 2412 cum
656 2383 862 2412 multitudine
878 2384 942 2412 He-

294 2429 402 2454 netum
416 2426 502 2454 venit
518 2427 549 2455 in
568 2427 670 2455 sinum
689 2426 897 2463 Adriaticum,
915 2431 943 2460 l,

298 2473 324 2498 1.

251 2512 408 2548 Antenor,
419 2512 582 2550 praefectus
595 2512 701 2541 classis
717 2512 940 2546 Macedorficae,

293 2559 348 2590 44,
367 2560 418 2584 28.
435 2559 489 2589 45,
512 2560 557 2583 10.
575 2560 628 2584 31.

249 2599 400 2629 Antefixa
422 2599 529 2628 fictilia
553 2599 690 2627 Deorum
715 2598 942 2635 Romanorum,

293 2646 348 2678 34,
365 2647 393 2670 4.

250 2685 434 2723 Autepilani
451 2685 482 2714 in
499 2684 624 2720 militia,
642 2689 672 2717 8,
692 2689 720 2712 3.

252 2729 464 2767 Antesignani
497 2728 670 2767 legionum,
696 2732 728 2763 2,
752 2731 803 2756 ΩΟ.
829 2732 860 2764 7,
889 2732 942 2756 33.

295 2775 347 2806 22,
364 2776 393 2801 5.
412 2776 464 2808 27,
486 2776 534 2801 ιε.

251 2816 363 2846 Antias
381 2816 536 2853 Valerius,
551 2815 610 2844 vicl.
628 2814 782 2844 Valerius.

711 67 889 104 INDEX
920 64 979 102 IN
1007 64 1052 100 T.
1083 62 1222 100 LIVII

997 173 1156 210 Antiates,
1173 174 1235 202 vffd.
1253 174 1396 205 Antium.

995 217 1149 255 Anticyra
1176 223 1355 255 oppugnata
1378 224 1409 248 et
1432 222 1524 257 capta
1552 219 1685 248 traditur

1036 260 1161 294 AEtolis,
1177 264 1231 297 26,
1250 265 1300 290 26.
1324 263 1386 292 vid.
1405 266 1431 291 ct
1456 267 1509 300 28,
1528 266 1557 291 8.
1574 268 1603 292 et
1626 267 1682 299 32,

1041 307 1089 331 18.

995 345 1235 382 Antigonensis,
1251 352 1305 384 42,
1323 352 1374 377 58.
1392 352 1445 381 43,
1463 352 1513 377 25.

994 389 1168 423 Antigonia
1183 390 1284 428 Epiri,
1301 396 1355 427 32,
1372 395 1402 420 5.
1419 395 1473 428 43,
1491 395 1543 420 25.

994 432 1171 471 Antigonia
1186 434 1392 471 Macedoniae,
1408 439 1464 470 44,
1483 438 1533 463 10.

994 476 1148 510 Antigoni
1165 478 1411 516 apophthegma,
1428 483 1460 510 4.
1479 481 1531 507 21.

993 519 1190 557 Antigonus,
1217 520 1397 550 Echecratis
1428 521 1522 557 filius,
1549 524 1603 552 40,
1633 523 1683 548 54.

1037 562 1215 601 Philippum
1230 564 1335 593 edocet
1347 565 1486 594 ordinem
1500 572 1624 593 omnem
1637 564 1685 591 in-

1036 606 1185 635 sidiarum
1210 607 1311 636 Persei
1339 608 1371 636 in
1400 608 1609 641 Demetrium,
1633 611 1684 635 55.

1036 658 1106 678 eum
1124 649 1182 678 sibi
1196 650 1333 679 destinat
1347 660 1552 680 successorem
1567 650 1685 687 Philip-

1035 701 1106 730 pus,
1124 695 1174 721 56.
1192 693 1313 731 legatus
1329 695 1442 723 missus
1466 695 1501 723 ad
1524 693 1687 722 concitan-

1036 736 1091 764 dos
1103 736 1285 774 Bastarnas,
1301 742 1352 769 57.
1365 747 1435 767 eum
1453 737 1601 767 interficit
1615 738 1687 765 Per-

1035 788 1121 815 seus,
1141 784 1192 809 58.

992 823 1186 859 Antigonus,
1211 827 1402 861 purpuratus
1427 823 1542 855 Persei,
1561 826 1614 854 44.
1633 825 1684 851 26.

1034 866 1175 895 mittitur
1186 866 1315 895 AEniam
1332 876 1402 896 cum
1417 867 1500 895 mille
1511 865 1685 903 equitibus,

1034 913 1086 938 32.

992 952 1215 988 Antimachus,
1239 953 1402 990 praefectus
1433 952 1489 981 alae
1521 960 1628 985 sacrae,
1651 951 1684 979 in

1034 996 1099 1024 acie
1115 996 1210 1029 cadit,
1226 999 1281 1031 42,
1301 998 1351 1024 66.

990 1039 1215 1075 Antimachus,
1228 1039 1391 1077 praefeetus
1403 1037 1623 1072 Demetriadis,
1632 1040 1685 1071 44,

1039 1086 1087 1111 13.
1107 1086 1158 1110 24.

991 1126 1165 1160 Antinous,
1179 1125 1323 1164 princeps
1339 1124 1477 1153 civitatis
1491 1123 1684 1159 Passaronis,

1034 1169 1176 1197 desciscit
1207 1177 1224 1197 a
1248 1169 1399 1197 Romanis
1428 1171 1459 1196 et
1485 1167 1684 1200 interficitur,

1034 1216 1089 1247 45,
1108 1214 1158 1240 26.

990 1255 1175 1288 Antiochia,
1188 1258 1306 1289 33,19.
1325 1257 1376 1283 41.
1394 1257 1449 1289 88,
1469 1257 1515 1282 13.
1531 1253 1684 1290 templum

1033 1299 1123 1327 Jovis
1146 1298 1315 1336 Capitolini
1341 1297 1541 1334 magnificum
1566 1296 1684 1325 Antio-

1035 1341 1125 1376 chiae,
1142 1345 1197 1376 41,
1216 1344 1268 1369 25.

991 1385 1170 1415 Antiochus
1194 1385 1343 1422 Magnus,
1369 1392 1420 1411 rex
1443 1382 1555 1420 Syriai,
1580 1382 1684 1411 foedus

1033 1428 1089 1456 icit
1120 1436 1190 1456 cum
1215 1426 1374 1464 Philippo,
1402 1429 1457 1459 81,
1492 1429 1541 1454 14.
1569 1425 1681 1454 bellum

1033 1472 1266 1508 transitumque
1297 1471 1330 1499 in
1356 1465 1516 1507 'Europam
1544 1469 1686 1506 molitur,

1033 1519 1088 1546 33.
1111 1518 1158 1544 13.
1180 1522 1287 1543 omnes
1311 1513 1453 1542 civitates
1471 1512 1629 1541 Ptoxemaei
1652 1513 1684 1541 in

1035 1557 1229 1595 Coele-Syria
1244 1558 1276 1586 in
1294 1566 1380 1585 suam
1397 1559 1585 1594 potestatem
1604 1556 1684 1584 redi-

1033 1601 1094 1639 git,
1116 1605 1159 1631 19.
1176 1601 1268 1639 legati
1278 1600 1471 1629 Rhodiorum
1485 1599 1522 1627 ad
1535 1608 1619 1635 eum,
1632 1603 1686 1630 20.

1033 1648 1065 1672 et
1077 1645 1304 1680 Romanorum,
1318 1648 1369 1673 35.
1383 1643 1530 1671 hibernat
1544 1643 1659 1681 Ephesi
1673 1653 1683 1681 3

1033 1688 1100 1724 ejus
1118 1697 1164 1716 res
1181 1693 1276 1726 gestae
1292 1688 1323 1716 in
1341 1687 1429 1722 Asia,
1447 1691 1499 1715 38.
1518 1686 1683 1717 Cornelius

1034 1730 1154 1768 legatus
1170 1732 1282 1759 missus
1292 1731 1330 1759 ab
1341 1733 1452 1759 senatu
1465 1730 1501 1758 ad
1513 1730 1685 1759 dirimenda

1033 1774 1316 1803 interAutioehum
1328 1778 1359 1802 et
1369 1773 1570 1801 Ptolemaeum
1585 1777 1686 1801 certa-

1033 1817 1130 1850 mina,
1149 1822 1201 1848 39.
1219 1818 1299 1855 regis
1322 1825 1516 1854 responsum,
1535 1819 1587 1844 40.
1605 1817 1684 1845 redit

1033 1861 1066 1889 in
1081 1861 1186 1890 Asiam
1204 1861 1395 1895 Antiochus,
1407 1860 1589 1897 patiturque
1604 1868 1685 1888 nau-

1032 1904 1178 1940 fragium,
1195 1908 1247 1933 41.
1264 1903 1304 1932 ab
1327 1913 1363 1932 eo
1380 1903 1494 1932 bellum
1519 1902 1682 1931 imminere

1032 1948 1199 1983 Romanis,
1216 1948 1318 1976 decern
1336 1946 1430 1981 legati
1447 1945 1614 1983 nunciant,
1630 1950 1683 1975 44.

1032 1992 1069 2020 ad
1087 2001 1156 2020 eum
1173 1991 1254 2026 fugit
1270 1987 1426 2025 Annibal,
1442 1993 1495 2019 49.

1077 2035 1205 2063 molitur
1218 2034 1333 2063 bellum
1347 2034 1492 2062 adversus
1505 2032 1681 2066 Romanos,

1031 2082 1088 2113 35,
1107 2082 1154 2107 13.
1169 2078 1235 2115 ejus
1252 2087 1322 2106 cum
1335 2077 1432 2105 Villio
1448 2076 1551 2114 legato
1564 2074 1684 2112 discep-

1031 2121 1125 2157 tatio,
1145 2125 1194 2150 15.
1218 2119 1337 2160 trajicit
1354 2120 1611 2157 Hellespontum,
1629 2121 1681 2146 23.

1033 2165 1121 2194 venit
1134 2164 1376 2198 Demetriadem,
1389 2162 1553 2191 arcessitus
1570 2161 1608 2190 ab
1624 2162 1682 2190 AE·

1031 2208 1118 2244 tolis,
1137 2212 1190 2237 43.
1206 2208 1273 2245 ejus
1296 2208 1328 2236 in
1353 2206 1486 2235 concilio
1502 2205 1679 2233 AEtolorum

1030 2251 1145 2288 oratio,
1160 2255 1212 2280 44.
1259 2251 1432 2288 Imperator
1454 2248 1628 2287 appellatur
1643 2247 1682 2276 ab

1029 2292 1155 2327 AEtolis‚
1169 2298 1218 2323 45.
1229 2298 1334 2323 tentat
1345 2294 1559 2322 Romanorum
1568 2291 1682 2326 socios,

1031 2342 1082 2369 47.
1100 2338 1126 2366 ei
1150 2341 1257 2375 portas
1279 2336 1426 2376 aperiunt
1441 2334 1678 2370 Chalcidenses;

1031 2381 1214 2419 Salganeam
1238 2384 1270 2409 et
1292 2380 1453 2409 castellum
1471 2379 1509 2407 ad
1525 2377 1680 2414 Euripum

1030 2425 1126 2462 capit,
1144 2428 1193 2453 51.

1072 2467 1218 2505 adjungit
1240 2466 1299 2495 sibi
1324 2466 1465 2499 Boeotos,
1481 2465 1536 2499 36,
1555 2465 1586 2492 6.
1610 2463 1680 2491 An-

1032 2511 1144 2539 nibalis
1159 2509 1294 2539 orationi
1310 2518 1373 2537 non
1388 2507 1499 2542 credit,
1514 2511 1544 2539 7,
1562 2509 1591 2535 8.
1605 2505 1680 2544 legit

1030 2563 1101 2582 ossa
1113 2553 1320 2582 Macedonum
1332 2552 1369 2580 ad
1379 2550 1681 2588 Cynoscephalasss.

1029 2597 1251 2625 Thessalorum
1275 2595 1370 2633 legati
1392 2595 1428 2622 ad
1446 2603 1530 2629 eum,
1547 2597 1578 2623 9.
1595 2592 1680 2630 capit

1030 2640 1144 2668 Pheras
1168 2643 1200 2668 et
1222 2639 1415 2673 Scotussam,
1432 2637 1507 2666 ibid.
1528 2639 1594 2665 arte
1616 2636 1677 2672 Ap.

1031 2682 1153 2711 Claudii
1172 2683 1345 2710 deterretur
1368 2681 1406 2709 ab
1431 2679 1604 2709 obsidenda
1620 2679 1678 2707 La-

1031 2727 1120 2762 rissa,
1144 2730 1190 2753 10.
1209 2725 1295 2753 ducit
1313 2725 1462 2759 virginem
1489 2722 1677 2751 Chalciden-

1031 2779 1114 2805 scm;
1132 2769 1197 2805 ejus
1210 2768 1363 2797 exercitus
1375 2767 1498 2796 luxuria
1508 2765 1679 2803 corrumpi-

1030 2817 1095 2850 tur,
1117 2816 1164 2843 11.
1210 2811 1356 2841 Medione
1383 2813 1543 2849 exceptus,
1560 2807 1679 2849 Tliyrio
