1816 3159
252 75 328 108 328

709 68 883 105 INDEX
913 68 969 104 IN
999 66 1046 104 T.
1073 65 1211 103 LIVII

300 184 333 209 et
347 180 482 218 Agassas
493 178 755 216 diripiendas,27.
769 182 800 207 et
816 178 852 206 ad
870 177 941 216 Illy·
980 177 1099 206 Fanum
1114 175 1272 212 Herculis,
1290 180 1343 211 40,
1357 181 1408 206 51.

301 224 362 252 rios
378 222 625 261 depopulandos,
642 226 693 251 33.

261 265 579 299 Q.FabiusMaximus
589 265 711 302 consul,
720 264 819 293 Paulli
835 271 943 300 uepOS,

302 319 372 339 cum
392 308 612 346 Allobrogibus
629 307 854 347 pngnat.Epit.
869 309 922 334 61.

260 353 302 385 Q.
315 353 429 383 Fabius
446 352 550 381 Pictor
572 352 713 389 Delphos
729 350 767 379 ad
783 349 940 379 oraculum

302 397 450 428 mittitur,
468 400 522 431 22,
538 398 588 425 57.
606 393 737 432 Delphis
750 393 880 422 Romam
899 401 942 421 re-

301 440 361 476 dit,
375 445 618 478 responsumque
631 446 670 465 ex
688 437 804 474 scripto
821 436 942 469 recitat,

303 486 358 518 23,
377 486 390 511 1
401 486 426 510 1.
442 481 503 510 vid.
521 490 616 518 snpra
631 480 745 509 Fabius
765 479 879 508 Pictor.

261 528 304 559 Q.
332 526 447 555 Fabius
473 524 588 560 Pictor,
618 524 729 552 flamen
761 521 945 554 Quirinalis.

302 573 424 599 creatur
445 570 574 606 praetor,
597 569 651 599 37,
678 571 730 597 47.
754 566 780 594 ei
806 565 947 594 Sardinia

302 611 463 652 provincia
485 610 601 643 evenit,
633 614 684 639 50.
715 608 898 648 prohibetur
928 617 946 637 a

302 655 452 694 pontifice
466 653 601 682 maximo
623 653 667 682 ire
689 653 722 682 in
743 652 946 691 provinciam,

305 704 355 729 51.
372 696 516 732 moritur,
532 700 587 732 45,
602 699 653 725 44.

263 743 304 774 Q.
332 741 447 771 Fabius
475 739 663 773 Vibulanus,
692 738 813 771 consul,
837 742 870 774 4,
895 737 948 767 37.

303 785 449 814 tribunus
465 783 602 812 militum
619 782 775 812 consulari
793 784 947 820 potestate

304 828 431 863 iterum,
448 828 629 865 49.primus
642 825 709 865 ejus
724 825 904 854 trilunarus
914 825 948 854 iu

306 871 398 900 Livio
412 880 473 898 non
494 872 649 908 reperitur
660 880 672 898 .-
696 869 750 897 .sed
761 867 949 907 supplendus

305 916 349 943 est
362 924 402 943 eat
419 914 526 942 Fastis
543 913 733 951 Capitolinis
746 914 774 940 et
797 910 949 947 Diodoro,

305 957 347 985 ad
360 958 488 986 tertium
503 960 575 986 ante
590 965 719 988 annum,
739 959 875 983 extremo
893 954 948 982 Lz'-

305 1000 392 1028 viani
407 1000 484 1029 libri
499 999 563 1029 JV.
579 1009 645 1038 cap.
664 1003 717 1029 47.
732 998 881 1034 interrex,
898 1001 948 1026 51.

263 1043 459 1079 Fabraterni,
485 1043 605 1081 populi,
628 1042 821 1080 recipiuntur
844 1050 862 1069 a
886 1041 947 1069 Ro-

307 1087 408 1115 manis
424 1087 456 1114 in
475 1086 577 1119 fidem,
591 1090 622 1121 8,
644 1090 692 1116 19.

264 1130 300 1159 C.
314 1129 484 1162 Fabricius,
501 1129 538 1157 ad
555 1129 705 1167 Pyrrhum
723 1128 849 1160 missus,
865 1127 951 1165 Epit-

312 1176 362 1202 13.

265 1217 303 1246 C.
320 1215 480 1245 Fabricius
499 1214 665 1248 Luscinus,
681 1216 807 1251 praetor,
822 1213 951 1242 sortitur

302 1258 551 1295 jurisdictionem
579 1257 743 1292 urbanam,
769 1260 822 1289 33,
846 1260 899 1285 42.
922 1261 952 1285 c!

307 1306 359 1331 43.
376 1301 508 1339 legatus,
525 1305 580 1336 37,
599 1305 629 1328 4.

264 1343 400 1375 Fabrfim
415 1344 565 1372 centuria?
589 1343 657 1371 duae
681 1342 712 1370 in
728 1342 828 1380 prima
843 1341 950 1376 classe,

313 1392 340 1420 1.
359 1391 411 1416 43.

266 1431 407 1463 Faesulae,
426 1433 480 1464 22,
498 1432 527 1456 3.

264 1474 415 1507 Falarica,
430 1481 527 1507 genus
543 1472 611 1507 teli,
627 1475 681 1507 21,
701 1476 728 1499 8.
746 1474 800 1505 34,
817 1473 865 1498 14.

264 1518 399 1547 Falcatae
417 1515 586 1553 quadrigae,
603 1515 664 1543 vid.
691 1513 867 1553 Quadrigae.

266 1560 412 1589 Falerina
426 1559 526 1587 tribus
545 1558 661 1594 addita,
678 1562 709 1594 9,
728 1562 777 1586 20.

265 1603 391 1638 Falerii,
404 1602 467 1631 vid.
490 1601 614 1630 Falisci.

265 1648 415 1676 Falernus
428 1654 511 1680 ager,
527 1649 558 1681 7,
575 1646 625 1672 26.
647 1647 697 1677 10,
714 1646 764 1670 20.
781 1645 810 1669 ct
828 1644 880 1669 21.
896 1643 950 1674 22,

313 1694 361 1719 13.
390 1687 553 1723 dividitur,
580 1695 677 1724 usque
700 1687 736 1714 ad
761 1684 951 1713 Vulturnum

309 1732 457 1767 fluvium,
475 1731 557 1768 plebi
573 1730 737 1761 Romanae,
755 1733 785 1761 8,
804 1731 851 1755 11.

268 1776 382 1806 Falisci
413 1775 527 1803 auxilio
553 1774 686 1802 veniunt
709 1770 894 1800 Veientibus
922 1772 953 1797 et

308 1817 525 1849 Fidenatibus,
549 1821 580 1849 4,
601 1820 648 1846 17.
666 1815 703 1844 ad
719 1815 825 1847 Veios,
850 1822 868 1841 a
888 1812 951 1841 Ro-

307 1862 408 1891 manis
423 1860 579 1896 obsessos,
594 1859 759 1893 accedunt,
776 1861 809 1894 5,
836 1860 863 1884 8.
881 1856 954 1884 ado-

308 1905 434 1934 riuntur
456 1907 557 1932 castra
580 1903 806 1936 Romanorum,
827 1898 899 1928 ibid.
923 1903 952 1926 ct

314 1953 361 1977 13.
379 1948 552 1976 vincuntur
565 1955 583 1974 a
606 1945 751 1978 Camillo,
779 1947 826 1973 19.
845 1950 950 1970 eorum

309 1996 411 2020 castra
435 1989 612 2027 capiuntur,
638 1992 669 2016 et
692 1987 764 2016 urbs
780 1985 954 2021 obsidetur,

311 2036 362 2063 26.
394 2032 534 2071 magistri
566 2031 717 2060 Faliscam
750 2027 950 2069 juventutem

311 2076 472 2115 prodentis
487 2074 688 2113 supplicium,
707 2078 758 2104 27.
773 2072 885 2102 Falisci
902 2071 953 2099 de-

311 2121 391 2149 dunt
401 2129 432 2148 se
448 2118 606 2151 Romanis,
617 2116 880 2151 ibid.rebellant,7
888 2137 894 2148 ,
904 2117 952 2145 17.

311 2163 452 2192 inducias
468 2161 675 2200 quadraginta
687 2168 840 2189 annorum
855 2158 951 2195 impe-

310 2209 411 2242 trant,
437 2210 489 2235 22.
513 2205 550 2234 iis
574 2204 686 2233 bellum
710 2203 870 2237 indicitur,
901 2205 952 2236 10,

312 2254 362 2279 45.
376 2258 480 2287 pacem
498 2248 677 2285 petentibus
691 2246 824 2275 induciae
841 2254 952 2273 annua:

311 2294 404 2329 datae,
418 2294 468 2320 46.
486 2300 591 2320 corum
609 2289 704 2329 legati
722 2290 880 2318 Romanos
897 2287 951 2316 do-

311 2339 395 2371 eent,
417 2335 568 2364 Etruscos
591 2333 722 2363 concilia
744 2333 781 2361 de
804 2341 878 2370 pace
901 2339 952 2369 pe-

312 2379 407 2408 tenda
421 2377 546 2412 habere,
566 2381 615 2411 10,
632 2381 680 2405 14.

271 2420 412 2451 Faliscus
426 2429 511 2458 ager,
540 2423 591 2456 10,
613 2424 659 2448 12.
678 2421 728 2447 26.
745 2422 774 2446 ct
790 2420 841 2448 27.

268 2466 378 2496 Fames
393 2464 514 2497 Romae,
537 2465 569 2498 2,
593 2466 643 2492 34.
668 2466 702 2496 3,
722 2464 774 2490 32.
797 2463 899 2496 tanta,
918 2465 955 2489 ut

313 2506 405 2538 multi
420 2515 457 2535 ex
480 2505 580 2543 plebe,
608 2504 762 2543 capitibus
784 2503 954 2539 obvolutis,

314 2561 346 2580 se
361 2551 393 2578 in
417 2548 553 2579 Tiberim
582 2546 820 2586 praecipitarint,
845 2551 876 2580 4,
904 2550 953 2575 12.

314 2594 377 2624 vicl.
391 2596 420 2621 tt
437 2595 489 2621 52.
507 2591 634 2629 Capuae,
648 2595 700 2626 25,
721 2593 768 2618 13.

270 2639 391 2668 Fanum
408 2634 591 2672 AEsculapii,
608 2633 722 2663 tabulis
749 2631 840 2671 pictis
866 2640 952 2660 exor-

314 2683 438 2714 natum,
453 2682 508 2713 43,
526 2679 555 2705 6.

289 2742 332 2749 .-.
348 2721 516 2761 Apollinis,
539 2723 571 2748 et
593 2719 749 2748 oraculum
773 2717 810 2747 ad
834 2716 953 2746 Hieran

314 2768 449 2801 Comen,
462 2769 517 2800 38,
539 2767 587 2792 12.
603 2767 631 2792 et
651 2766 698 2791 13.

292 2825 336 2833 —
351 2809 474 2840 Dianae,
493 2811 521 2843 1,
536 2809 588 2835 45.

292 2869 335 2877 ..-
352 2850 502 2883 Feroniae.
527 2854 555 2886 1,
571 2853 623 2877 30.

1002 237 1045 243 -
1060 219 1202 256 Palloris‚
1223 224 1253 256 1,
1272 224 1322 249 27.

1003 277 1046 285 ——
1061 263 1204 299 Pavoris,
1223 263 1294 292 ibid.

1002 321 1046 327 —
1060 306 1265 344 Proserpinae,
1297 310 1349 342 29,
1379 310 1427 334 18.
1456 305 1625 343 expilatum
1650 314 1668 333 a

1025 348 1188 385 Pleminio,
1207 354 1260 386 29,
1278 354 1309 379 8.
1338 354 1368 378 et
1401 353 1449 378 18.
1475 349 1538 377 v‘d.
1560 353 1589 377 et
1613 352 1669 385 31,

1032 395 1077 420 12.
1095 395 1150 428 32,
1169 396 1196 421 1.

1004 450 1048 457 -
1064 434 1203 470 Quietis,
1219 439 1250 467 ιι,
1269 439 1285 463 4
1297 439 1321 463 ι.

1004 493 1047 500 —
1061 477 1218 514 Termini,
1238 481 1267 514 1,
1294 481 1343 507 55.

1004 519 1251 557 —Voltumnae,
1268 525 1300 556 4,
1315 526 1365 550 23.
1384 525 1433 550 25.
1447 525 1475 550 et
1495 523 1547 549 61.
1566 524 1596 554 5,
1619 524 1666 550 17.

1029 565 1061 596 6,
1080 567 1109 592 2.

986 607 1106 635 Fanum
1123 606 1278 644 quomodo
1291 607 1413 636 differat
1428 606 1466 635 ab
1483 607 1670 641 aede,10,37.

986 650 1141 679 Fanorum
1156 650 1292 688 expiatio
1317 650 1348 678 in
1374 650 1459 679 libris
1482 659 1536 688 per
1559 650 1671 679 duum-

1029 693 1111 722 viros
1127 693 1268 731 quaesita,
1285 696 1316 729 5,
1331 697 1382 722 50.

987 736 1019 764 in
1036 736 1130 765 Fauis
1146 736 1303 770 omuibus,
1328 736 1361 764 in
1385 736 1497 774 quibus
1520 736 1670 765 lectister-

1030 779 1117 808 nium
1134 779 1280 816 majorem
1303 783 1422 818 partem
1446 779 1521 808 anni
1537 779 1601 808 fieri
1622 789 1672 809 so-

1031 821 1086 857 let,
1109 823 1253 851 consules
1276 831 1323 851 res
1346 823 1467 852 divinas
1497 823 1668 860 majoribus

1031 864 1142 893 hostiis
1157 865 1291 900 faciunt,
1307 868 1362 901 36,
1385 871 1411 895 l.

988 907 1091 937 Farris
1108 907 1225 937 selibrae
1243 910 1288 937 M.
1305 909 1426 938 Manlio
1441 910 1534 945 datae,
1553 913 1585 945 5,
1603 914 1655 941 47.

989 952 1084 980 Faces
1102 960 1164 980 non
1181 951 1274 981 ambo
1295 953 1438 982 consules
1461 953 1493 982 in
1519 952 1594 981 urbe
1618 953 1672 981 ha-

1032 995 1119 1028 bent,
1137 999 1169 1031 2,
1190 999 1214 1023 1.

1012 1055 1051 1059 —
1068 1038 1185 1076 populo
1198 1036 1343 1066 submissi
1359 1047 1377 1067 a
1393 1039 1425 1068 P.
1439 1038 1576 1075 Valerio,
1594 1043 1625 1075 2,
1645 1043 1674 1070 7.

1011 1098 1053 1103 —
1069 1082 1151 1118 capti
1168 1090 1187 1109 a
1202 1080 1321 1117 Poenis,
1345 1087 1508 1120 ponuntur
1531 1087 1603 1111 aute
1620 1083 1674 1111 tri·

1035 1124 1128 1152 bunal
1152 1124 1360 1162 imperatoris,
1378 1128 1432 1162 25,
1454 1127 1501 1155 16.

1012 1182 1055 1190 —-
1070 1176 1088 1196 a
1096 1167 1299 1196 multitudine
1309 1169 1464 1198 concitata
1474 1169 1676 1207 franguntur,

1035 1214 1065 1243 Q,
1081 1214 1130 1238 55.
1145 1214 1176 1241 3,
1188 1214 1241 1241 49.

993 1253 1077 1281 Fasti
1092 1253 1155 1281 dies
1168 1253 1242 1282 facti
1258 1261 1276 1281 a
1293 1262 1360 1287 rege
1375 1253 1493 1290 Numa,
1516 1258 1541 1286 ι,
1563 1258 1610 1285 19.

993 1297 1104 1325 Fastos
1130 1296 1212 1324 circa
1231 1296 1331 1324 forum
1360 1297 1391 1324 in
1422 1297 1494 1326 albo
1529 1298 1677 1336 proponit

1035 1339 1173 1375 Flavius,
1189 1343 1236 1371 ut,
1254 1339 1378 1376 quando
1395 1340 1460 1378 lege
1487 1341 1535 1379 agi
1559 1345 1674 1379 posset,

1034 1382 1178 1417 sciretur,
1191 1386 1224 1417 9,
1234 1384 1288 1411 46.

993 1425 1092 1462 Fasti,
1109 1425 1142 1454 in
1165 1434 1242 1463 quos
1259 1425 1388 1453 nomina
1402 1426 1564 1455 consulum
1582 1427 1679 1456 dicta-

1036 1472 1203 1505 torumque
1225 1477 1296 1496 cum
1319 1477 1425 1497 eorum
1457 1469 1549 1498 rebus
1581 1470 1678 1508 gestis

1036 1511 1262 1547 referebantur,
1279 1515 1312 1546 9,
1334 1515 1381 1539 18.

993 1555 1115 1584 Fatales
1133 1555 1216 1589 libri,
1233 1554 1294 1583 vid.
1311 1554 1466 1592 Sibyllini,
1483 1559 1512 1583 et
1537 1555 1634 1586 Libri.

994 1599 1111 1626 Fauces
1127 1597 1392 1634 adAntigoniam‚
1405 1602 1459 1634 32,
1476 1602 1506 1628 5.

993 1641 1110 1670 Fauces
1124 1640 1250 1673 Isthmi,
1274 1644 1328 1676 32,
1346 1644 1397 1670 21.

994 1685 1110 1713 Fauces
1124 1683 1320 1713 Thessaliam
1345 1684 1383 1712 ab
1397 1684 1589 1714 Athamania
1602 1685 1679 1714 divi-

1036 1727 1157 1759 dentes,
1171 1730 1226 1761 32,
1245 1730 1295 1756 14.

995 1769 1126 1805 Fauces,
1145 1778 1212 1807 quae
1228 1769 1374 1798 feruntiu
1386 1769 1516 1808 Tempe,
1530 1775 1586 1807 33,
1608 1774 1656 1799 13.

996 1813 1111 1842 Faucia
1127 1814 1223 1847 curia,
1239 1817 1271 1848 9,
1287 1816 1340 1841 38.

995 1853 1133 1885 Faucula
1148 1855 1272 1891 Cluvia,
1286 1855 1348 1884 vid.
1368 1855 1488 1884 Cluvia-

997 1898 1097 1928 Fauni
1113 1899 1204 1934 aedes,
1220 1898 1303 1927 facta
1318 1898 1349 1926 in
1371 1898 1479 1928 Insula
1498 1908 1533 1928 ex
1550 1899 1682 1937 pecunia

1037 1941 1222 1976 multaticia,
1235 1946 1288 1974 33,
1306 1945 1358 1970 42.
1368 1942 1523 1979 dedicata,
1534 1946 1589 1978 34,
1606 1946 1657 1972 53.

996 1985 1160 2021 Faventia,
1176 1985 1262 2022 Epit.
1286 1988 1337 2013 88.

996 2028 1137 2063 Faveria,
1161 2028 1310 2066 oppidum
1336 2027 1449 2065 Istriae,
1465 2029 1495 2058 vi
1519 2027 1638 2067 capitur
1662 2036 1681 2056 a

1039 2071 1202 2107 Romanis,
1215 2074 1335 2107 41,15.

995 2114 1126 2143 Favonii
1144 2114 1243 2149 venti,
1259 2118 1314 2150 37,
1334 2117 1383 2142 23.

994 2158 1179 2193 Faustulus,
1193 2157 1269 2196 regii
1291 2155 1410 2196 pecoris
1431 2156 1592 2193 magister,
1617 2156 1680 2184 Ro-

1037 2201 1115 2230 muli
1141 2204 1173 2228 et
1194 2200 1285 2229 Remi
1309 2203 1449 2229 servator
1471 2203 1503 2227 et
1517 2199 1678 2236 educator,

1043 2248 1070 2280 1,
1084 2248 1113 2272 4.
1127 2247 1157 2271 et
1174 2246 1204 2272 5.

996 2287 1143 2318 Faustus,
1161 2285 1255 2314 Sullae
1268 2285 1360 2315 filius.
1378 2285 1438 2314 vid.
1463 2284 1638 2314 Cornelius.

996 2330 1059 2358 Fax
1083 2330 1193 2367 ingens
1221 2328 1298 2357 arsit
1319 2328 1352 2357 in
1379 2328 1470 2357 coelo.
1494 2327 1554 2356 vid.
1572 2327 1694 2356 Prodi--

1037 2372 1138 2411 gium.

996 2415 1129 2444 Facibus
1151 2414 1333 2443 ardentibus
1356 2416 1474 2442 armata
1496 2413 1678 2449 multitudo,

1038 2463 1071 2493 4,
1090 2462 1142 2487 33.

996 2501 1129 2531 Facibus
1144 2498 1323 2529 ardentibus
1339 2497 1555 2537 anguibusque
1570 2498 1679 2536 praela—

1037 2545 1079 2573 tis
1106 2542 1279 2572 sacerdotes
1301 2540 1575 2579 Tarquiniensium
1599 2541 1682 2570 mili-

1037 2590 1100 2616 tem
1112 2587 1288 2615 Romanum
1304 2587 1434 2618 terrent,
1452 2588 1482 2618 7,
1504 2587 1553 2615 17.

996 2629 1171 2659 Februariae
1187 2627 1346 2663 Kalendae,
1362 2631 1417 2663 37,
1434 2630 1484 2655 58.

996 2672 1130 2702 Fecenia
1147 2670 1293 2708 Hispala,
1309 2670 1369 2699 vid.
1389 2669 1528 2708 Hispala.

996 2714 1162 2746 Fecialium
1185 2712 1369 2742 caerimoniae
1385 2713 1418 2741 in
1433 2712 1606 2742 sanciendis
1623 2713 1681 2741 foe-

1038 2757 1174 2793 deribus,
1202 2760 1229 2789 l,
1253 2760 1303 2785 24.
1327 2761 1361 2792 9,
1388 2760 1417 2785 5.
1449 2757 1481 2785 in
1511 2756 1679 2785 indicendo

1039 2800 1134 2837 bello,
1156 2804 1183 2832 1,
1200 2803 1253 2828 32.

998 2843 1131 2873 Feciales
1156 2842 1328 2872 mittuntur
1353 2842 1390 2872 ad
1415 2851 1460 2871 res
1485 2840 1680 2880 repetendas,
