<?xml version="1.0" encoding="UTF-8"?>
<!DOCTYPE html PUBLIC "-//W3C//DTD XHTML 1.0 Transitional//EN"
    "http://www.w3.org/TR/xhtml1/DTD/xhtml1-transitional.dtd">
<html xmlns="http://www.w3.org/1999/xhtml" xml:lang="en" lang="en">
 <head>
  <title>
</title>
<meta http-equiv="Content-Type" content="text/html;charset=utf-8" />
  <meta name='ocr-system' content='tesseract 3.04.00' />
  <meta name='ocr-capabilities' content='ocr_page ocr_carea ocr_par ocr_line ocrx_word'/>
</head>
<body>
  <div class='ocr_page' id='page_1' title='image "./historiarumaburb04livyuoft/historiarumaburb04livyuoft_0046.png"; bbox 0 0 1826 3149; ppageno 0'>
   <div class='ocr_carea' id='block_1_1' title="bbox 112 186 292 260">
    <p class='ocr_par' dir='ltr' id='par_1_1' title="bbox 112 186 292 260">
     <span class='ocr_line' id='line_1_1' title="bbox 115 186 292 218; baseline 0.006 -1"><span class='ocrx_word' id='word_1_1' title='bbox 115 186 201 217; x_wconf 77' lang='lat'><strong>1&#39;.(&#39;.</strong></span> <span class='ocrx_word' id='word_1_2' title='bbox 219 188 292 218; x_wconf 75' lang='lat'><strong>579.</strong></span> 
     </span>
     <span class='ocr_line' id='line_1_2' title="bbox 112 229 287 260; baseline 0.011 -2"><span class='ocrx_word' id='word_1_3' title='bbox 112 229 196 260; x_wconf 76' lang='lat' dir='ltr'><strong>A.C.</strong></span> <span class='ocrx_word' id='word_1_4' title='bbox 219 230 287 260; x_wconf 78' lang='lat'><strong>173.</strong></span> 
     </span>
    </p>
   </div>
   <div class='ocr_carea' id='block_1_2' title="bbox 107 870 304 945">
    <p class='ocr_par' dir='ltr' id='par_1_2' title="bbox 107 870 304 945">
     <span class='ocr_line' id='line_1_3' title="bbox 110 870 304 911; baseline 0.01 -12"><span class='ocrx_word' id='word_1_5' title='bbox 110 870 304 911; x_wconf 63' lang='lat' dir='ltr'>Helaitaejus-</span> 
     </span>
     <span class='ocr_line' id='line_1_4' title="bbox 107 920 289 945; baseline 0.022 -4"><span class='ocrx_word' id='word_1_6' title='bbox 107 924 139 942; x_wconf 74' lang='lat' dir='ltr'>su</span> <span class='ocrx_word' id='word_1_7' title='bbox 156 920 289 945; x_wconf 57' lang='lat' dir='ltr'>senatus.</span> 
     </span>
    </p>
   </div>
   <div class='ocr_carea' id='block_1_3' title="bbox 94 2164 296 2323">
    <p class='ocr_par' dir='ltr' id='par_1_3' title="bbox 94 2164 296 2323">
     <span class='ocr_line' id='line_1_5' title="bbox 94 2164 296 2194; baseline 0.015 -2"><span class='ocrx_word' id='word_1_8' title='bbox 94 2164 223 2193; x_wconf 68' lang='lat' dir='ltr'>Perseus</span> <span class='ocrx_word' id='word_1_9' title='bbox 232 2164 296 2194; x_wconf 81' lang='lat' dir='ltr'>ani-</span> 
     </span>
     <span class='ocr_line' id='line_1_6' title="bbox 96 2207 294 2238; baseline 0.025 -4"><span class='ocrx_word' id='word_1_10' title='bbox 96 2216 159 2236; x_wconf 85' lang='lat' dir='ltr'>mos</span> <span class='ocrx_word' id='word_1_11' title='bbox 169 2207 294 2238; x_wconf 70' lang='lat' dir='ltr'>Graeco-</span> 
     </span>
     <span class='ocr_line' id='line_1_7' title="bbox 96 2249 233 2279; baseline 0.022 -3"><span class='ocrx_word' id='word_1_12' title='bbox 96 2259 158 2278; x_wconf 79' lang='lat' dir='ltr'>rum</span> <span class='ocrx_word' id='word_1_13' title='bbox 176 2249 233 2279; x_wconf 85' lang='lat' dir='ltr'>sibi</span> 
     </span>
     <span class='ocr_line' id='line_1_8' title="bbox 95 2291 251 2323; baseline 0.026 -4"><span class='ocrx_word' id='word_1_14' title='bbox 95 2291 251 2323; x_wconf 71' lang='lat' dir='ltr'>conciliat.</span> 
     </span>
    </p>
   </div>
   <div class='ocr_carea' id='block_1_4' title="bbox 324 77 1186 119">
    <p class='ocr_par' dir='ltr' id='par_1_4' title="bbox 324 77 1186 119">
     <span class='ocr_line' id='line_1_9' title="bbox 324 77 1186 119; baseline 0.012 -11"><span class='ocrx_word' id='word_1_15' title='bbox 324 77 372 109; x_wconf 80' lang='lat'>38</span> <span class='ocrx_word' id='word_1_16' title='bbox 821 77 962 116; x_wconf 65' lang='lat' dir='ltr'>&#39;1‘1T1</span> <span class='ocrx_word' id='word_1_17' title='bbox 1012 79 1186 119; x_wconf 79' lang='lat' dir='ltr'>LIV11</span> 
     </span>
    </p>
   </div>
   <div class='ocr_carea' id='block_1_5' title="bbox 306 184 1744 2225">
    <p class='ocr_par' dir='ltr' id='par_1_5' title="bbox 315 184 1744 1128">
     <span class='ocr_line' id='line_1_10' title="bbox 320 184 1738 243; baseline 0.011 -22"><span class='ocrx_word' id='word_1_18' title='bbox 320 195 448 235; x_wconf 81' lang='lat' dir='ltr'><em>prope</em></span> <span class='ocrx_word' id='word_1_19' title='bbox 478 184 677 225; x_wconf 75' lang='lat' dir='ltr'><em>diruisset.</em></span> <span class='ocrx_word' id='word_1_20' title='bbox 750 187 986 227; x_wconf 79' lang='lat' dir='ltr'>Detraclum</span> <span class='ocrx_word' id='word_1_21' title='bbox 1018 191 1167 229; x_wconf 75' lang='lat' dir='ltr'>culmen</span> <span class='ocrx_word' id='word_1_22' title='bbox 1194 192 1352 243; x_wconf 75' lang='lat' dir='ltr'>templ0‚</span> <span class='ocrx_word' id='word_1_23' title='bbox 1374 192 1564 234; x_wconf 73' lang='lat' dir='ltr'>nudatum</span> <span class='ocrx_word' id='word_1_24' title='bbox 1596 201 1738 237; x_wconf 79' lang='lat' dir='ltr'>tectum</span> 
     </span>
     <span class='ocr_line' id='line_1_11' title="bbox 315 241 1739 306; baseline 0.011 -28"><span class='ocrx_word' id='word_1_25' title='bbox 315 245 462 290; x_wconf 75' lang='lat' dir='ltr'>patere</span> <span class='ocrx_word' id='word_1_26' title='bbox 495 241 682 282; x_wconf 80' lang='lat' dir='ltr'><em>imbribus</em></span> <span class='ocrx_word' id='word_1_27' title='bbox 708 243 1068 297; x_wconf 49' lang='lat' dir='ltr'>puttssjbciendum.</span> <span class='ocrx_word' id='word_1_28' title='bbox 1104 261 1314 297; x_wconf 82' lang='lat' dir='ltr'><em>censorem,</em></span> <span class='ocrx_word' id='word_1_29' title='bbox 1350 249 1522 290; x_wconf 75' lang='lat' dir='ltr'>moribus</span> <span class='ocrx_word' id='word_1_30' title='bbox 1555 255 1739 306; x_wconf 80' lang='lat' dir='ltr'>regendis</span> 
     </span>
     <span class='ocr_line' id='line_1_12' title="bbox 321 298 1738 356; baseline 0.011 -22"><span class='ocrx_word' id='word_1_31' title='bbox 321 303 508 347; x_wconf 72' lang='lat' dir='ltr'>creatmn,</span> <span class='ocrx_word' id='word_1_32' title='bbox 531 299 593 338; x_wconf 69' lang='lat' dir='ltr'>cici</span> <span class='ocrx_word' id='word_1_33' title='bbox 622 298 761 339; x_wconf 62' lang='lat' dir='ltr'>‘sarta</span> <span class='ocrx_word' id='word_1_34' title='bbox 794 306 896 339; x_wconf 74' lang='lat' dir='ltr'>tecta</span> <span class='ocrx_word' id='word_1_35' title='bbox 922 302 1079 355; x_wconf 66' lang='lat' dir='ltr'>erigere</span> <span class='ocrx_word' id='word_1_36' title='bbox 1097 304 1220 343; x_wconf 82' lang='lat' dir='ltr'>sacris</span> <span class='ocrx_word' id='word_1_37' title='bbox 1252 305 1430 356; x_wconf 75' lang='lat' dir='ltr'><em>publicis,</em></span> <span class='ocrx_word' id='word_1_38' title='bbox 1453 313 1490 346; x_wconf 75' lang='lat' dir='ltr'>et</span> <span class='ocrx_word' id='word_1_39' title='bbox 1513 307 1600 348; x_wconf 81' lang='lat' dir='ltr'>loca</span> <span class='ocrx_word' id='word_1_40' title='bbox 1629 316 1738 349; x_wconf 82' lang='lat' dir='ltr'>tuen-</span> 
     </span>
     <span class='ocr_line' id='line_1_13' title="bbox 321 354 1739 414; baseline 0.011 -23"><span class='ocrx_word' id='word_1_41' title='bbox 321 354 388 401; x_wconf 82' lang='lat' dir='ltr'>da,</span> <span class='ocrx_word' id='word_1_42' title='bbox 425 368 531 394; x_wconf 75' lang='lat' dir='ltr'>more</span> <span class='ocrx_word' id='word_1_43' title='bbox 561 355 751 407; x_wconf 76' lang='lat' dir='ltr'>nmjorum</span> <span class='ocrx_word' id='word_1_44' title='bbox 784 358 978 397; x_wconf 77' lang='lat' dir='ltr'>traditum</span> <span class='ocrx_word' id='word_1_45' title='bbox 1010 366 1107 399; x_wconf 81' lang='lat' dir='ltr'>esset</span> <span class='ocrx_word' id='word_1_46' title='bbox 1122 382 1135 405; x_wconf 62' lang='grc' dir='ltr'><em>ς</em></span> <span class='ocrx_word' id='word_1_47' title='bbox 1180 375 1264 401; x_wconf 83' lang='lat' dir='ltr'>eum</span> <span class='ocrx_word' id='word_1_48' title='bbox 1291 376 1368 414; x_wconf 76' lang='lat' dir='ltr'>per</span> <span class='ocrx_word' id='word_1_49' title='bbox 1400 365 1591 405; x_wconf 80' lang='lat' dir='ltr'>sociorum</span> <span class='ocrx_word' id='word_1_50' title='bbox 1625 367 1739 407; x_wconf 82' lang='lat' dir='ltr'>urbes</span> 
     </span>
     <span class='ocr_line' id='line_1_14' title="bbox 321 410 1738 476; baseline 0.01 -28"><span class='ocrx_word' id='word_1_51' title='bbox 321 410 540 453; x_wconf 71' lang='lat' dir='ltr'><em>diruentem</em></span> <span class='ocrx_word' id='word_1_52' title='bbox 563 414 723 464; x_wconf 77' lang='lat' dir='ltr'>templa,</span> <span class='ocrx_word' id='word_1_53' title='bbox 742 414 1031 468; x_wconf 76' lang='lat' dir='ltr'>nudantemque</span> <span class='ocrx_word' id='word_1_54' title='bbox 1050 423 1152 456; x_wconf 73' lang='lat' dir='ltr'>tecta</span> <span class='ocrx_word' id='word_1_55' title='bbox 1174 419 1318 458; x_wconf 76' lang='lat' dir='ltr'>(edium</span> <span class='ocrx_word' id='word_1_56' title='bbox 1337 435 1553 468; x_wconf 74' lang='lat' dir='ltr'>sacrarum,</span> <span class='ocrx_word' id='word_1_57' title='bbox 1571 424 1719 476; x_wconf 82' lang='lat' dir='ltr'>vagari</span> <span class='ocrx_word' id='word_1_58' title='bbox 1725 441 1738 462; x_wconf 91' lang='lat'><strong>.-</strong></span> 
     </span>
     <span class='ocr_line' id='line_1_15' title="bbox 321 469 1741 533; baseline 0.011 -29"><span class='ocrx_word' id='word_1_59' title='bbox 321 472 369 513; x_wconf 74' lang='lat' dir='ltr'>et,</span> <span class='ocrx_word' id='word_1_60' title='bbox 393 469 509 520; x_wconf 77' lang='lat' dir='ltr'>quod,</span> <span class='ocrx_word' id='word_1_61' title='bbox 532 469 564 507; x_wconf 76' lang='lat' dir='ltr'>si</span> <span class='ocrx_word' id='word_1_62' title='bbox 589 470 628 506; x_wconf 77' lang='lat' dir='ltr'>in</span> <span class='ocrx_word' id='word_1_63' title='bbox 659 470 828 520; x_wconf 78' lang='lat' dir='ltr'>privatis</span> <span class='ocrx_word' id='word_1_64' title='bbox 854 471 1042 511; x_wconf 77' lang='lat' dir='ltr'>sociorum</span> <span class='ocrx_word' id='word_1_65' title='bbox 1063 473 1237 524; x_wconf 56' lang='lat' dir='ltr'>(edificiis</span> <span class='ocrx_word' id='word_1_66' title='bbox 1256 474 1428 526; x_wconf 65' lang='lat' dir='ltr'>jaceret,</span> <span class='ocrx_word' id='word_1_67' title='bbox 1453 477 1659 533; x_wconf 76' lang='lat' dir='ltr'>indignum</span> <span class='ocrx_word' id='word_1_68' title='bbox 1683 480 1741 520; x_wconf 75' lang='grc' dir='ltr'>υἱ-</span> 
     </span>
     <span class='ocr_line' id='line_1_16' title="bbox 320 524 1738 590; baseline 0.011 -30"><span class='ocrx_word' id='word_1_69' title='bbox 320 524 410 561; x_wconf 78' lang='lat' dir='ltr'>deri</span> <span class='ocrx_word' id='word_1_70' title='bbox 426 531 569 575; x_wconf 77' lang='lat' dir='ltr'>posset,</span> <span class='ocrx_word' id='word_1_71' title='bbox 591 524 606 547; x_wconf 87' lang='lat'><em>⁵</em></span> <span class='ocrx_word' id='word_1_72' title='bbox 622 525 661 565; x_wconf 75' lang='lat' dir='ltr'>id</span> <span class='ocrx_word' id='word_1_73' title='bbox 682 525 812 566; x_wconf 67' lang='lat' dir='ltr'>Dezim</span> <span class='ocrx_word' id='word_1_74' title='bbox 830 527 1100 569; x_wconf 78' lang='lat' dir='ltr'><em>inmortalium</em></span> <span class='ocrx_word' id='word_1_75' title='bbox 1121 533 1268 583; x_wconf 72' lang='lat' dir='ltr'>templa</span> <span class='ocrx_word' id='word_1_76' title='bbox 1291 535 1558 575; x_wconf 78' lang='lat' dir='ltr'>demolientem</span> <span class='ocrx_word' id='word_1_77' title='bbox 1563 537 1712 590; x_wconf 81' lang='lat' dir='ltr'>facere</span> <span class='ocrx_word' id='word_1_78' title='bbox 1726 555 1738 576; x_wconf 91' lang='lat'><em>:</em></span> 
     </span>
     <span class='ocr_line' id='line_1_17' title="bbox 322 579 1744 646; baseline 0.011 -28"><span class='ocrx_word' id='word_1_79' title='bbox 322 585 359 618; x_wconf 74' lang='lat' dir='ltr'>et</span> <span class='ocrx_word' id='word_1_80' title='bbox 394 579 672 634; x_wconf 76' lang='lat' dir='ltr'>⁶ohslringere</span> <span class='ocrx_word' id='word_1_81' title='bbox 701 584 897 636; x_wconf 75' lang='lat' dir='ltr'><em>religione</em></span> <span class='ocrx_word' id='word_1_82' title='bbox 922 587 1113 638; x_wconf 75' lang='lat' dir='ltr'>populum</span> <span class='ocrx_word' id='word_1_83' title='bbox 1147 588 1385 638; x_wconf 71' lang='lat' dir='ltr'>Romanum,</span> <span class='ocrx_word' id='word_1_84' title='bbox 1418 592 1549 633; x_wconf 79' lang='lat' dir='ltr'>ruinis</span> <span class='ocrx_word' id='word_1_85' title='bbox 1582 594 1744 646; x_wconf 76' lang='lat' dir='ltr'>templo-</span> 
     </span>
     <span class='ocr_line' id='line_1_18' title="bbox 320 638 1740 702; baseline 0.011 -27"><span class='ocrx_word' id='word_1_86' title='bbox 320 650 407 675; x_wconf 77' lang='lat' dir='ltr'>rum</span> <span class='ocrx_word' id='word_1_87' title='bbox 430 638 573 689; x_wconf 81' lang='lat' dir='ltr'>templo</span> <span class='ocrx_word' id='word_1_88' title='bbox 595 640 880 690; x_wconf 64' lang='lat' dir='ltr'>aedfficantem:</span> <span class='ocrx_word' id='word_1_89' title='bbox 914 648 1117 696; x_wconf 75' lang='lat' dir='ltr'>tamquam</span> <span class='ocrx_word' id='word_1_90' title='bbox 1148 659 1224 685; x_wconf 77' lang='lat' dir='ltr'>non</span> <span class='ocrx_word' id='word_1_91' title='bbox 1258 647 1376 687; x_wconf 74' lang='lat' dir='ltr'>iidem</span> <span class='ocrx_word' id='word_1_92' title='bbox 1403 649 1539 702; x_wconf 77' lang='lat' dir='ltr'>ubique</span> <span class='ocrx_word' id='word_1_93' title='bbox 1571 650 1646 690; x_wconf 76' lang='lat' dir='ltr'>Dii</span> <span class='ocrx_word' id='word_1_94' title='bbox 1679 651 1740 690; x_wconf 79' lang='lat' dir='ltr'>in-</span> 
     </span>
     <span class='ocr_line' id='line_1_19' title="bbox 320 695 1740 760; baseline 0.011 -29"><span class='ocrx_word' id='word_1_95' title='bbox 320 695 506 733; x_wconf 75' lang='lat' dir='ltr'>mortales</span> <span class='ocrx_word' id='word_1_96' title='bbox 537 696 634 744; x_wconf 79' lang='lat' dir='ltr'>sint,</span> <span class='ocrx_word' id='word_1_97' title='bbox 665 698 735 736; x_wconf 81' lang='lat' dir='ltr'>sed</span> <span class='ocrx_word' id='word_1_98' title='bbox 766 698 906 749; x_wconf 76' lang='lat' dir='ltr'>spoliis</span> <span class='ocrx_word' id='word_1_99' title='bbox 940 700 1111 740; x_wconf 73' lang='lat' dir='ltr'>aliorum</span> <span class='ocrx_word' id='word_1_100' title='bbox 1138 703 1217 742; x_wconf 76' lang='lat' dir='ltr'>alii</span> <span class='ocrx_word' id='word_1_101' title='bbox 1245 705 1400 744; x_wconf 80' lang='lat' dir='ltr'>colendi</span> <span class='ocrx_word' id='word_1_102' title='bbox 1425 708 1740 760; x_wconf 62' lang='lat' dir='ltr'>exornandique.</span> 
     </span>
     <span class='ocr_line' id='line_1_20' title="bbox 322 750 1739 815; baseline 0.012 -27"><span class='ocrx_word' id='word_1_103' title='bbox 322 750 475 799; x_wconf 81' lang='lat' dir='ltr'>Quum,</span> <span class='ocrx_word' id='word_1_104' title='bbox 498 750 739 807; x_wconf 81' lang='lat' dir='ltr'>priusquam</span> <span class='ocrx_word' id='word_1_105' title='bbox 772 753 1009 805; x_wconf 77' lang='lat' dir='ltr'>referretur,</span> <span class='ocrx_word' id='word_1_106' title='bbox 1042 757 1273 812; x_wconf 80' lang='lat' dir='ltr'>adpareret,</span> <span class='ocrx_word' id='word_1_107' title='bbox 1296 761 1397 815; x_wconf 90' lang='lat' dir='ltr'>quid</span> <span class='ocrx_word' id='word_1_108' title='bbox 1432 762 1627 804; x_wconf 78' lang='lat' dir='ltr'>sentirent</span> <span class='ocrx_word' id='word_1_109' title='bbox 1661 765 1739 804; x_wconf 83' lang='lat' dir='ltr'>Pa-</span> 
     </span>
     <span class='ocr_line' id='line_1_21' title="bbox 321 807 1739 870; baseline 0.013 -26"><span class='ocrx_word' id='word_1_110' title='bbox 321 813 416 854; x_wconf 73' lang='lat' dir='ltr'>tres,</span> <span class='ocrx_word' id='word_1_111' title='bbox 451 807 646 848; x_wconf 77' lang='lat' dir='ltr'>relatione</span> <span class='ocrx_word' id='word_1_112' title='bbox 679 810 802 858; x_wconf 80' lang='lat' dir='ltr'>facta,</span> <span class='ocrx_word' id='word_1_113' title='bbox 836 810 877 849; x_wconf 89' lang='lat' dir='ltr'>in</span> <span class='ocrx_word' id='word_1_114' title='bbox 910 827 1033 851; x_wconf 89' lang='lat' dir='ltr'>unam</span> <span class='ocrx_word' id='word_1_115' title='bbox 1067 829 1207 855; x_wconf 86' lang='lat' dir='ltr'>omnes</span> <span class='ocrx_word' id='word_1_116' title='bbox 1240 818 1481 858; x_wconf 85' lang='lat' dir='ltr'>sententiam</span> <span class='ocrx_word' id='word_1_117' title='bbox 1513 818 1664 870; x_wconf 82' lang='lat' dir='ltr'>ierunt,</span> <span class='ocrx_word' id='word_1_118' title='bbox 1691 829 1739 862; x_wconf 83' lang='lat' dir='ltr'>ut</span> 
     </span>
     <span class='ocr_line' id='line_1_22' title="bbox 319 860 1739 932; baseline 0.013 -32"><span class='ocrx_word' id='word_1_119' title='bbox 319 860 385 900; x_wconf 78' lang='lat' dir='ltr'>hae</span> <span class='ocrx_word' id='word_1_120' title='bbox 408 863 560 917; x_wconf 70' lang='lat' dir='ltr'>tegulae</span> <span class='ocrx_word' id='word_1_121' title='bbox 582 866 845 919; x_wconf 73' lang='lat' dir='ltr'>reportandae</span> <span class='ocrx_word' id='word_1_122' title='bbox 866 867 907 906; x_wconf 89' lang='lat' dir='ltr'>in</span> <span class='ocrx_word' id='word_1_123' title='bbox 929 869 1129 923; x_wconf 84' lang='lat' dir='ltr'>templum</span> <span class='ocrx_word' id='word_1_124' title='bbox 1164 871 1409 923; x_wconf 76' lang='lat' dir='ltr'>locarentur,</span> <span class='ocrx_word' id='word_1_125' title='bbox 1431 875 1739 932; x_wconf 78' lang='lat' dir='ltr'>piaculariaque</span> 
     </span>
     <span class='ocr_line' id='line_1_23' title="bbox 318 919 1739 983; baseline 0.012 -26"><span class='ocrx_word' id='word_1_126' title='bbox 318 919 477 958; x_wconf 75' lang='lat' dir='ltr'>Jummi</span> <span class='ocrx_word' id='word_1_127' title='bbox 517 921 673 961; x_wconf 80' lang='lat' dir='ltr'>fierent.</span> <span class='ocrx_word' id='word_1_128' title='bbox 737 923 841 971; x_wconf 55' lang='lat' dir='ltr'>Quae</span> <span class='ocrx_word' id='word_1_129' title='bbox 881 923 933 963; x_wconf 84' lang='lat' dir='ltr'>ad</span> <span class='ocrx_word' id='word_1_130' title='bbox 974 924 1211 979; x_wconf 81' lang='lat' dir='ltr'>religionem</span> <span class='ocrx_word' id='word_1_131' title='bbox 1251 929 1472 983; x_wconf 76' lang='lat' dir='ltr'>pertinent,</span> <span class='ocrx_word' id='word_1_132' title='bbox 1509 947 1603 972; x_wconf 83' lang='lat' dir='ltr'>cum</span> <span class='ocrx_word' id='word_1_133' title='bbox 1639 949 1739 974; x_wconf 89' lang='lat' dir='ltr'>cura</span> 
     </span>
     <span class='ocr_line' id='line_1_24' title="bbox 319 974 1737 1042; baseline 0.011 -28"><span class='ocrx_word' id='word_1_134' title='bbox 319 974 450 1015; x_wconf 81' lang='lat' dir='ltr'>facta:</span> <span class='ocrx_word' id='word_1_135' title='bbox 499 976 659 1031; x_wconf 79' lang='lat' dir='ltr'>tegulas</span> <span class='ocrx_word' id='word_1_136' title='bbox 692 977 853 1019; x_wconf 79' lang='lat' dir='ltr'>relictas</span> <span class='ocrx_word' id='word_1_137' title='bbox 885 979 927 1019; x_wconf 92' lang='lat' dir='ltr'>in</span> <span class='ocrx_word' id='word_1_138' title='bbox 959 995 1052 1021; x_wconf 80' lang='lat' dir='ltr'>area</span> <span class='ocrx_word' id='word_1_139' title='bbox 1088 983 1244 1038; x_wconf 77' lang='lat' dir='ltr'>templi,</span> <span class='ocrx_word' id='word_1_140' title='bbox 1279 985 1378 1039; x_wconf 87' lang='lat' dir='ltr'>quia</span> <span class='ocrx_word' id='word_1_141' title='bbox 1409 988 1737 1042; x_wconf 83' lang='lat' dir='ltr'>reponendarum</span> 
     </span>
     <span class='ocr_line' id='line_1_25' title="bbox 318 1032 1739 1092; baseline 0.012 -22"><span class='ocrx_word' id='word_1_142' title='bbox 318 1045 437 1071; x_wconf 86' lang='lat' dir='ltr'>nemo</span> <span class='ocrx_word' id='word_1_143' title='bbox 469 1032 618 1073; x_wconf 84' lang='lat' dir='ltr'>artifex</span> <span class='ocrx_word' id='word_1_144' title='bbox 651 1033 752 1074; x_wconf 88' lang='lat' dir='ltr'>inire</span> <span class='ocrx_word' id='word_1_145' title='bbox 792 1035 990 1077; x_wconf 89' lang='lat' dir='ltr'>rationem</span> <span class='ocrx_word' id='word_1_146' title='bbox 1026 1040 1222 1092; x_wconf 83' lang='lat' dir='ltr'>potuerit,</span> <span class='ocrx_word' id='word_1_147' title='bbox 1258 1039 1537 1084; x_wconf 85' lang='lat' dir='ltr'>7reden1t0res</span> <span class='ocrx_word' id='word_1_148' title='bbox 1572 1046 1739 1087; x_wconf 86' lang='lat' dir='ltr'>nuncia-</span> 
     </span>
     <span class='ocr_line' id='line_1_26' title="bbox 319 1096 428 1128; baseline 0.018 -2"><span class='ocrx_word' id='word_1_149' title='bbox 319 1096 428 1128; x_wconf 86' lang='lat' dir='ltr'>runt.</span> 
     </span>
    </p>

    <p class='ocr_par' dir='ltr' id='par_1_6' title="bbox 306 1145 1739 2161">
     <span class='ocr_line' id='line_1_27' title="bbox 376 1145 1739 1212; baseline 0.012 -28"><span class='ocrx_word' id='word_1_150' title='bbox 376 1145 449 1184; x_wconf 92' lang='lat' dir='ltr'><strong>IV.</strong></span> <span class='ocrx_word' id='word_1_151' title='bbox 494 1146 562 1186; x_wconf 84' lang='lat' dir='ltr'>Ex</span> <span class='ocrx_word' id='word_1_152' title='bbox 595 1148 859 1202; x_wconf 85' lang='lat' dir='ltr'>praetoribus,</span> <span class='ocrx_word' id='word_1_153' title='bbox 892 1150 964 1212; x_wconf 74' lang='lat' dir='ltr'>qui</span> <span class='ocrx_word' id='word_1_154' title='bbox 997 1150 1037 1191; x_wconf 89' lang='lat' dir='ltr'>in</span> <span class='ocrx_word' id='word_1_155' title='bbox 1070 1152 1298 1207; x_wconf 85' lang='lat' dir='ltr'>provincias</span> <span class='ocrx_word' id='word_1_156' title='bbox 1330 1155 1475 1206; x_wconf 86' lang='lat' dir='ltr'>ierant,</span> <span class='ocrx_word' id='word_1_157' title='bbox 1511 1158 1562 1197; x_wconf 94' lang='lat' dir='ltr'>N.</span> <span class='ocrx_word' id='word_1_158' title='bbox 1583 1159 1739 1200; x_wconf 84' lang='lat' dir='ltr'>Fabius</span> 
     </span>
     <span class='ocr_line' id='line_1_28' title="bbox 319 1201 1737 1266; baseline 0.013 -27"><span class='ocrx_word' id='word_1_159' title='bbox 319 1201 516 1241; x_wconf 73' lang='lat' dir='ltr'>Massiliae</span> <span class='ocrx_word' id='word_1_160' title='bbox 537 1203 726 1253; x_wconf 88' lang='lat' dir='ltr'>moritur,</span> <span class='ocrx_word' id='word_1_161' title='bbox 749 1221 879 1260; x_wconf 89' lang='lat' dir='ltr'>quum</span> <span class='ocrx_word' id='word_1_162' title='bbox 900 1222 941 1246; x_wconf 82' lang='lat' dir='ltr'>ln</span> <span class='ocrx_word' id='word_1_163' title='bbox 974 1208 1201 1249; x_wconf 81' lang='lat' dir='ltr'>citeriorem</span> <span class='ocrx_word' id='word_1_164' title='bbox 1232 1210 1475 1266; x_wconf 80' lang='lat' dir='ltr'>Hispaniam</span> <span class='ocrx_word' id='word_1_165' title='bbox 1498 1213 1586 1255; x_wconf 89' lang='lat' dir='ltr'>iret.</span> <span class='ocrx_word' id='word_1_166' title='bbox 1650 1216 1737 1257; x_wconf 84' lang='lat' dir='ltr'>Ita-</span> 
     </span>
     <span class='ocr_line' id='line_1_29' title="bbox 315 1259 1737 1324; baseline 0.012 -28"><span class='ocrx_word' id='word_1_167' title='bbox 315 1272 411 1311; x_wconf 78' lang='lat' dir='ltr'>que,</span> <span class='ocrx_word' id='word_1_168' title='bbox 434 1274 565 1312; x_wconf 88' lang='lat' dir='ltr'>quum</span> <span class='ocrx_word' id='word_1_169' title='bbox 599 1259 642 1300; x_wconf 89' lang='lat' dir='ltr'>id</span> <span class='ocrx_word' id='word_1_170' title='bbox 674 1262 915 1303; x_wconf 86' lang='lat' dir='ltr'>nunciatum</span> <span class='ocrx_word' id='word_1_171' title='bbox 943 1279 967 1303; x_wconf 87' lang='lat' dir='ltr'>a</span> <span class='ocrx_word' id='word_1_172' title='bbox 1000 1265 1327 1307; x_wconf 78' lang='lat' dir='ltr'>Massiliensibus</span> <span class='ocrx_word' id='word_1_173' title='bbox 1360 1268 1504 1324; x_wconf 82' lang='lat' dir='ltr'>legatis</span> <span class='ocrx_word' id='word_1_174' title='bbox 1536 1280 1655 1321; x_wconf 86' lang='lat' dir='ltr'>esset,</span> <span class='ocrx_word' id='word_1_175' title='bbox 1678 1288 1737 1313; x_wconf 87' lang='lat' dir='ltr'>se-</span> 
     </span>
     <span class='ocr_line' id='line_1_30' title="bbox 315 1315 1737 1380; baseline 0.012 -28"><span class='ocrx_word' id='word_1_176' title='bbox 315 1322 437 1354; x_wconf 81' lang='lat' dir='ltr'>natus</span> <span class='ocrx_word' id='word_1_177' title='bbox 469 1315 665 1366; x_wconf 87' lang='lat' dir='ltr'>decrevit,</span> <span class='ocrx_word' id='word_1_178' title='bbox 688 1326 733 1358; x_wconf 90' lang='lat' dir='ltr'>ut</span> <span class='ocrx_word' id='word_1_179' title='bbox 759 1319 804 1358; x_wconf 90' lang='lat' dir='ltr'>P.</span> <span class='ocrx_word' id='word_1_180' title='bbox 825 1319 979 1360; x_wconf 84' lang='lat' dir='ltr'>Furius</span> <span class='ocrx_word' id='word_1_181' title='bbox 1011 1329 1050 1361; x_wconf 89' lang='lat' dir='ltr'>et</span> <span class='ocrx_word' id='word_1_182' title='bbox 1081 1322 1156 1361; x_wconf 84' lang='lat' dir='ltr'>Cn.</span> <span class='ocrx_word' id='word_1_183' title='bbox 1183 1323 1393 1374; x_wconf 81' lang='lat' dir='ltr'>Servilius,</span> <span class='ocrx_word' id='word_1_184' title='bbox 1415 1326 1568 1380; x_wconf 87' lang='lat' dir='ltr'>quibus</span> <span class='ocrx_word' id='word_1_185' title='bbox 1601 1343 1737 1370; x_wconf 85' lang='lat' dir='ltr'>succe-</span> 
     </span>
     <span class='ocr_line' id='line_1_31' title="bbox 314 1369 1737 1440; baseline 0.013 -32"><span class='ocrx_word' id='word_1_186' title='bbox 314 1369 506 1419; x_wconf 84' lang='lat' dir='ltr'>debatur,</span> <span class='ocrx_word' id='word_1_187' title='bbox 529 1371 634 1412; x_wconf 86' lang='lat' dir='ltr'>inter</span> <span class='ocrx_word' id='word_1_188' title='bbox 656 1388 696 1413; x_wconf 89' lang='lat' dir='ltr'>se</span> <span class='ocrx_word' id='word_1_189' title='bbox 719 1375 977 1426; x_wconf 82' lang='lat' dir='ltr'>sortirentur,</span> <span class='ocrx_word' id='word_1_190' title='bbox 1001 1385 1093 1417; x_wconf 88' lang='lat' dir='ltr'>uter</span> <span class='ocrx_word' id='word_1_191' title='bbox 1113 1378 1341 1421; x_wconf 85' lang='lat' dir='ltr'>citeriorem</span> <span class='ocrx_word' id='word_1_192' title='bbox 1377 1382 1620 1437; x_wconf 80' lang='lat' dir='ltr'>Hispaniam</span> <span class='ocrx_word' id='word_1_193' title='bbox 1642 1400 1737 1440; x_wconf 89' lang='lat' dir='ltr'>pro-</span> 
     </span>
     <span class='ocr_line' id='line_1_32' title="bbox 315 1426 1735 1491; baseline 0.013 -27"><span class='ocrx_word' id='word_1_194' title='bbox 315 1434 457 1480; x_wconf 81' lang='lat' dir='ltr'>rogato</span> <span class='ocrx_word' id='word_1_195' title='bbox 494 1426 665 1482; x_wconf 86' lang='lat' dir='ltr'>imperio</span> <span class='ocrx_word' id='word_1_196' title='bbox 700 1430 915 1472; x_wconf 74' lang='lat' dir='ltr'>obtineret.</span> <span class='ocrx_word' id='word_1_197' title='bbox 989 1432 1116 1473; x_wconf 76' lang='lat' dir='ltr'>8Sors</span> <span class='ocrx_word' id='word_1_198' title='bbox 1151 1444 1388 1491; x_wconf 86' lang='lat' dir='ltr'>opportuna</span> <span class='ocrx_word' id='word_1_199' title='bbox 1425 1439 1532 1486; x_wconf 84' lang='lat' dir='ltr'>fuit;</span> <span class='ocrx_word' id='word_1_200' title='bbox 1579 1441 1626 1480; x_wconf 92' lang='lat' dir='ltr'>P.</span> <span class='ocrx_word' id='word_1_201' title='bbox 1650 1442 1735 1483; x_wconf 84' lang='lat' dir='ltr'>Fu-</span> 
     </span>
     <span class='ocr_line' id='line_1_33' title="bbox 312 1481 1733 1542; baseline 0.013 -22"><span class='ocrx_word' id='word_1_202' title='bbox 312 1481 397 1521; x_wconf 84' lang='lat' dir='ltr'>rius</span> <span class='ocrx_word' id='word_1_203' title='bbox 433 1482 556 1532; x_wconf 84' lang='lat' dir='ltr'>idem,</span> <span class='ocrx_word' id='word_1_204' title='bbox 588 1485 708 1539; x_wconf 83' lang='lat' dir='ltr'>cujus</span> <span class='ocrx_word' id='word_1_205' title='bbox 743 1502 790 1526; x_wconf 86' lang='lat' dir='ltr'>ea</span> <span class='ocrx_word' id='word_1_206' title='bbox 824 1488 1035 1542; x_wconf 77' lang='lat' dir='ltr'>provincia</span> <span class='ocrx_word' id='word_1_207' title='bbox 1070 1490 1220 1540; x_wconf 79' lang='lat' dir='ltr'>fuerat,</span> <span class='ocrx_word' id='word_1_208' title='bbox 1257 1503 1496 1535; x_wconf 86' lang='lat' dir='ltr'>remaneret.</span> <span class='ocrx_word' id='word_1_209' title='bbox 1573 1498 1733 1539; x_wconf 88' lang='lat' dir='ltr'>Eodem</span> 
     </span>
     <span class='ocr_line' id='line_1_34' title="bbox 311 1542 1733 1609; baseline 0.013 -32"><span class='ocrx_word' id='word_1_210' title='bbox 311 1553 431 1587; x_wconf 74' lang='lat' dir='ltr'>anno,</span> <span class='ocrx_word' id='word_1_211' title='bbox 466 1555 597 1593; x_wconf 90' lang='lat' dir='ltr'>quum</span> <span class='ocrx_word' id='word_1_212' title='bbox 631 1542 718 1597; x_wconf 82' lang='lat' dir='ltr'>agri</span> <span class='ocrx_word' id='word_1_213' title='bbox 757 1542 965 1598; x_wconf 82' lang='lat' dir='ltr'>Ligustini</span> <span class='ocrx_word' id='word_1_214' title='bbox 999 1554 1040 1586; x_wconf 89' lang='lat' dir='ltr'>et</span> <span class='ocrx_word' id='word_1_215' title='bbox 1075 1547 1238 1597; x_wconf 81' lang='lat' dir='ltr'>Gallici,</span> <span class='ocrx_word' id='word_1_216' title='bbox 1272 1550 1386 1604; x_wconf 91' lang='lat' dir='ltr'>quod</span> <span class='ocrx_word' id='word_1_217' title='bbox 1421 1551 1529 1591; x_wconf 86' lang='lat' dir='ltr'>bello</span> <span class='ocrx_word' id='word_1_218' title='bbox 1564 1562 1733 1609; x_wconf 87' lang='lat' dir='ltr'>captum</span> 
     </span>
     <span class='ocr_line' id='line_1_35' title="bbox 310 1595 1734 1659; baseline 0.014 -27"><span class='ocrx_word' id='word_1_219' title='bbox 310 1603 412 1643; x_wconf 81' lang='lat' dir='ltr'>erat,</span> <span class='ocrx_word' id='word_1_220' title='bbox 450 1595 710 1650; x_wconf 85' lang='lat' dir='ltr'>aliquantum</span> <span class='ocrx_word' id='word_1_221' title='bbox 752 1609 930 1650; x_wconf 83' lang='lat' dir='ltr'>vacaret,</span> <span class='ocrx_word' id='word_1_222' title='bbox 968 1604 1369 1646; x_wconf 86' lang='lat' dir='ltr'>senatusconsultum</span> <span class='ocrx_word' id='word_1_223' title='bbox 1409 1607 1581 1659; x_wconf 84' lang='lat' dir='ltr'>factum,</span> <span class='ocrx_word' id='word_1_224' title='bbox 1618 1618 1665 1651; x_wconf 94' lang='lat' dir='ltr'>ut</span> <span class='ocrx_word' id='word_1_225' title='bbox 1699 1611 1734 1653; x_wconf 89' lang='lat' dir='ltr'>is</span> 
     </span>
     <span class='ocr_line' id='line_1_36' title="bbox 309 1651 1733 1708; baseline 0.014 -20"><span class='ocrx_word' id='word_1_226' title='bbox 309 1666 406 1704; x_wconf 71' lang='lat' dir='ltr'>ager</span> <span class='ocrx_word' id='word_1_227' title='bbox 440 1651 593 1692; x_wconf 86' lang='lat' dir='ltr'>viritim</span> <span class='ocrx_word' id='word_1_228' title='bbox 626 1654 893 1697; x_wconf 77' lang='lat' dir='ltr'>divideretur.</span> <span class='ocrx_word' id='word_1_229' title='bbox 956 1658 1221 1700; x_wconf 82' lang='lat' dir='ltr'>Decemviros</span> <span class='ocrx_word' id='word_1_230' title='bbox 1254 1661 1294 1701; x_wconf 93' lang='lat' dir='ltr'>in</span> <span class='ocrx_word' id='word_1_231' title='bbox 1329 1678 1418 1703; x_wconf 81' lang='lat' dir='ltr'>eam</span> <span class='ocrx_word' id='word_1_232' title='bbox 1440 1678 1525 1704; x_wconf 86' lang='lat' dir='ltr'>rem</span> <span class='ocrx_word' id='word_1_233' title='bbox 1547 1681 1597 1705; x_wconf 85' lang='lat' dir='ltr'>ex</span> <span class='ocrx_word' id='word_1_234' title='bbox 1620 1682 1733 1708; x_wconf 87' lang='lat' dir='ltr'>sena-</span> 
     </span>
     <span class='ocr_line' id='line_1_37' title="bbox 310 1708 1732 1770; baseline 0.013 -24"><span class='ocrx_word' id='word_1_235' title='bbox 310 1708 566 1749; x_wconf 77' lang='lat' dir='ltr'>tusconsulto</span> <span class='ocrx_word' id='word_1_236' title='bbox 599 1711 750 1751; x_wconf 81' lang='lat' dir='ltr'>creavit</span> <span class='ocrx_word' id='word_1_237' title='bbox 773 1713 826 1752; x_wconf 91' lang='lat' dir='ltr'>A.</span> <span class='ocrx_word' id='word_1_238' title='bbox 844 1713 1001 1754; x_wconf 88' lang='lat' dir='ltr'>Atilius</span> <span class='ocrx_word' id='word_1_239' title='bbox 1023 1724 1180 1770; x_wconf 88' lang='lat' dir='ltr'>praetor</span> <span class='ocrx_word' id='word_1_240' title='bbox 1212 1717 1410 1768; x_wconf 86' lang='lat' dir='ltr'>urbanus,</span> <span class='ocrx_word' id='word_1_241' title='bbox 1434 1721 1496 1760; x_wconf 89' lang='lat' dir='ltr'>M.</span> <span class='ocrx_word' id='word_1_242' title='bbox 1513 1721 1732 1766; x_wconf 86' lang='lat' dir='ltr'>AEmilium</span> 
     </span>
     <span class='ocr_line' id='line_1_38' title="bbox 310 1763 1730 1831; baseline 0.013 -30"><span class='ocrx_word' id='word_1_243' title='bbox 310 1763 534 1818; x_wconf 85' lang='lat' dir='ltr'>Lepidum,</span> <span class='ocrx_word' id='word_1_244' title='bbox 560 1766 605 1805; x_wconf 90' lang='lat' dir='ltr'>C.</span> <span class='ocrx_word' id='word_1_245' title='bbox 626 1767 829 1818; x_wconf 86' lang='lat' dir='ltr'>Cassium,</span> <span class='ocrx_word' id='word_1_246' title='bbox 855 1770 907 1809; x_wconf 88' lang='lat' dir='ltr'>T.</span> <span class='ocrx_word' id='word_1_247' title='bbox 924 1771 1148 1812; x_wconf 86' lang='lat' dir='ltr'>AEbutium</span> <span class='ocrx_word' id='word_1_248' title='bbox 1184 1774 1353 1825; x_wconf 84' lang='lat' dir='ltr'>Carum,</span> <span class='ocrx_word' id='word_1_249' title='bbox 1379 1777 1425 1816; x_wconf 92' lang='lat' dir='ltr'>C.</span> <span class='ocrx_word' id='word_1_250' title='bbox 1443 1777 1730 1831; x_wconf 84' lang='lat' dir='ltr'>Tremellium,</span> 
     </span>
     <span class='ocr_line' id='line_1_39' title="bbox 310 1820 1728 1888; baseline 0.014 -31"><span class='ocrx_word' id='word_1_251' title='bbox 310 1820 356 1858; x_wconf 88' lang='lat' dir='ltr'>P.</span> <span class='ocrx_word' id='word_1_252' title='bbox 374 1821 611 1861; x_wconf 84' lang='lat' dir='ltr'>Cornelium</span> <span class='ocrx_word' id='word_1_253' title='bbox 649 1824 897 1880; x_wconf 83' lang='lat' dir='ltr'>Cethegum,</span> <span class='ocrx_word' id='word_1_254' title='bbox 921 1828 968 1876; x_wconf 79' lang='lat' dir='ltr'><strong>Q.</strong></span> <span class='ocrx_word' id='word_1_255' title='bbox 992 1836 1031 1868; x_wconf 90' lang='lat' dir='ltr'>et</span> <span class='ocrx_word' id='word_1_256' title='bbox 1066 1828 1116 1867; x_wconf 93' lang='lat' dir='ltr'>L.</span> <span class='ocrx_word' id='word_1_257' title='bbox 1133 1830 1380 1885; x_wconf 86' lang='lat' dir='ltr'>Appuleios‚</span> <span class='ocrx_word' id='word_1_258' title='bbox 1416 1834 1478 1873; x_wconf 91' lang='lat' dir='ltr'>M.</span> <span class='ocrx_word' id='word_1_259' title='bbox 1499 1835 1728 1888; x_wconf 68' lang='lat' dir='ltr'>Caecilium,</span> 
     </span>
     <span class='ocr_line' id='line_1_40' title="bbox 309 1876 1728 1947; baseline 0.015 -34"><span class='ocrx_word' id='word_1_260' title='bbox 309 1877 355 1914; x_wconf 82' lang='lat' dir='ltr'><strong>C.</strong></span> <span class='ocrx_word' id='word_1_261' title='bbox 382 1876 606 1927; x_wconf 83' lang='lat' dir='ltr'>Salonium,</span> <span class='ocrx_word' id='word_1_262' title='bbox 651 1880 697 1919; x_wconf 90' lang='lat' dir='ltr'>C.</span> <span class='ocrx_word' id='word_1_263' title='bbox 723 1881 976 1923; x_wconf 86' lang='lat' dir='ltr'>Munatium.</span> <span class='ocrx_word' id='word_1_264' title='bbox 1051 1884 1323 1928; x_wconf 85' lang='lat' dir='ltr'>⁹Diviserunt</span> <span class='ocrx_word' id='word_1_265' title='bbox 1364 1888 1470 1930; x_wconf 87' lang='lat' dir='ltr'>dena</span> <span class='ocrx_word' id='word_1_266' title='bbox 1502 1891 1654 1947; x_wconf 84' lang='lat' dir='ltr'>jugera</span> <span class='ocrx_word' id='word_1_267' title='bbox 1687 1894 1728 1935; x_wconf 87' lang='lat' dir='ltr'>in</span> 
     </span>
     <span class='ocr_line' id='line_1_41' title="bbox 307 1931 1727 2005; baseline 0.015 -36"><span class='ocrx_word' id='word_1_268' title='bbox 307 1931 504 1986; x_wconf 78' lang='lat' dir='ltr'>singulos,</span> <span class='ocrx_word' id='word_1_269' title='bbox 541 1934 657 1975; x_wconf 86' lang='lat' dir='ltr'>sociis</span> <span class='ocrx_word' id='word_1_270' title='bbox 692 1937 866 1978; x_wconf 87' lang='lat' dir='ltr'>nominis</span> <span class='ocrx_word' id='word_1_271' title='bbox 904 1940 1043 1980; x_wconf 90' lang='lat' dir='ltr'>Latini</span> <span class='ocrx_word' id='word_1_272' title='bbox 1080 1950 1206 1982; x_wconf 89' lang='lat' dir='ltr'>terna.</span> <span class='ocrx_word' id='word_1_273' title='bbox 1284 1945 1364 1984; x_wconf 89' lang='lat' dir='ltr'>Per</span> <span class='ocrx_word' id='word_1_274' title='bbox 1404 1945 1512 1987; x_wconf 88' lang='lat' dir='ltr'>idem</span> <span class='ocrx_word' id='word_1_275' title='bbox 1549 1956 1727 2005; x_wconf 85' lang='lat' dir='ltr'>tempus,</span> 
     </span>
     <span class='ocr_line' id='line_1_42' title="bbox 306 1988 1728 2050; baseline 0.015 -25"><span class='ocrx_word' id='word_1_276' title='bbox 306 2003 390 2041; x_wconf 85' lang='lat' dir='ltr'>quo</span> <span class='ocrx_word' id='word_1_277' title='bbox 423 1988 511 2028; x_wconf 77' lang='lat' dir='ltr'>haec</span> <span class='ocrx_word' id='word_1_278' title='bbox 544 1991 788 2045; x_wconf 74' lang='lat' dir='ltr'>agebantur,</span> <span class='ocrx_word' id='word_1_279' title='bbox 810 1994 933 2050; x_wconf 84' lang='lat' dir='ltr'>legati</span> <span class='ocrx_word' id='word_1_280' title='bbox 968 2012 1017 2036; x_wconf 88' lang='lat' dir='ltr'>ex</span> <span class='ocrx_word' id='word_1_281' title='bbox 1043 1998 1200 2038; x_wconf 81' lang='lat' dir='ltr'>AEtolia</span> <span class='ocrx_word' id='word_1_282' title='bbox 1233 2000 1408 2041; x_wconf 88' lang='lat' dir='ltr'>Romam</span> <span class='ocrx_word' id='word_1_283' title='bbox 1444 2014 1644 2047; x_wconf 90' lang='lat' dir='ltr'>venerunt</span> <span class='ocrx_word' id='word_1_284' title='bbox 1676 2007 1728 2048; x_wconf 86' lang='lat' dir='ltr'>de</span> 
     </span>
     <span class='ocr_line' id='line_1_43' title="bbox 306 2043 1728 2113; baseline 0.016 -32"><span class='ocrx_word' id='word_1_285' title='bbox 306 2043 519 2084; x_wconf 82' lang='lat' dir='ltr'>discordiis</span> <span class='ocrx_word' id='word_1_286' title='bbox 553 2047 904 2106; x_wconf 84' lang='lat' dir='ltr'>seditionibusque</span> <span class='ocrx_word' id='word_1_287' title='bbox 938 2053 1035 2103; x_wconf 82' lang='lat' dir='ltr'>suis,</span> <span class='ocrx_word' id='word_1_288' title='bbox 1064 2063 1104 2095; x_wconf 90' lang='lat' dir='ltr'>et</span> <span class='ocrx_word' id='word_1_289' title='bbox 1139 2055 1327 2097; x_wconf 83' lang='lat' dir='ltr'>Thessali</span> <span class='ocrx_word' id='word_1_290' title='bbox 1360 2057 1500 2113; x_wconf 85' lang='lat' dir='ltr'>legati,</span> <span class='ocrx_word' id='word_1_291' title='bbox 1532 2062 1728 2104; x_wconf 83' lang='lat' dir='ltr'>nuncian-</span> 
     </span>
     <span class='ocr_line' id='line_1_44' title="bbox 308 2101 1106 2161; baseline 0.016 -23"><span class='ocrx_word' id='word_1_292' title='bbox 308 2107 382 2149; x_wconf 85' lang='lat' dir='ltr'>tes,</span> <span class='ocrx_word' id='word_1_293' title='bbox 404 2115 500 2155; x_wconf 84' lang='lat' dir='ltr'>quae</span> <span class='ocrx_word' id='word_1_294' title='bbox 521 2101 561 2141; x_wconf 88' lang='lat' dir='ltr'>in</span> <span class='ocrx_word' id='word_1_295' title='bbox 586 2103 831 2146; x_wconf 86' lang='lat' dir='ltr'>Macedonia</span> <span class='ocrx_word' id='word_1_296' title='bbox 855 2118 1106 2161; x_wconf 74' lang='lat' dir='ltr'>gererentur.</span> 
     </span>
    </p>

    <p class='ocr_par' dir='ltr' id='par_1_7' title="bbox 375 2157 1727 2225">
     <span class='ocr_line' id='line_1_45' title="bbox 375 2157 1727 2225; baseline 0.016 -30"><span class='ocrx_word' id='word_1_297' title='bbox 375 2157 422 2196; x_wconf 92' lang='lat' dir='ltr'>V.</span> <span class='ocrx_word' id='word_1_298' title='bbox 457 2159 644 2209; x_wconf 87' lang='lat' dir='ltr'>Perseus,</span> <span class='ocrx_word' id='word_1_299' title='bbox 660 2161 747 2216; x_wconf 84' lang='lat' dir='ltr'>jam</span> <span class='ocrx_word' id='word_1_300' title='bbox 787 2161 941 2205; x_wconf 84' lang='lat' dir='ltr'>bellum</span> <span class='ocrx_word' id='word_1_301' title='bbox 977 2165 1071 2206; x_wconf 87' lang='lat' dir='ltr'>vivo</span> <span class='ocrx_word' id='word_1_302' title='bbox 1110 2176 1228 2223; x_wconf 81' lang='lat' dir='ltr'>patre</span> <span class='ocrx_word' id='word_1_303' title='bbox 1259 2170 1485 2225; x_wconf 80' lang='lat' dir='ltr'>cogitatum</span> <span class='ocrx_word' id='word_1_304' title='bbox 1519 2173 1560 2214; x_wconf 91' lang='lat' dir='ltr'>in</span> <span class='ocrx_word' id='word_1_305' title='bbox 1592 2175 1727 2218; x_wconf 86' lang='lat' dir='ltr'>animo</span> 
     </span>
    </p>
   </div>
   <div class='ocr_carea' id='block_1_6' title="bbox 298 2294 1728 2691">
    <p class='ocr_par' dir='ltr' id='par_1_8' title="bbox 303 2294 1724 2395">
     <span class='ocr_line' id='line_1_46' title="bbox 346 2294 1724 2352; baseline 0.014 -28"><span class='ocrx_word' id='word_1_306' title='bbox 346 2295 364 2323; x_wconf 89' lang='lat'><strong>4</strong></span> <span class='ocrx_word' id='word_1_307' title='bbox 389 2294 475 2326; x_wconf 78' lang='lat' dir='ltr'>Sarla</span> <span class='ocrx_word' id='word_1_308' title='bbox 504 2300 591 2340; x_wconf 76' lang='lat' dir='ltr'>tecta]</span> <span class='ocrx_word' id='word_1_309' title='bbox 623 2299 697 2330; x_wconf 71' lang='lat' dir='ltr'>Vid.</span> <span class='ocrx_word' id='word_1_310' title='bbox 719 2307 780 2332; x_wconf 85' lang='lat' dir='ltr'>not.</span> <span class='ocrx_word' id='word_1_311' title='bbox 805 2302 843 2332; x_wconf 75' lang='lat' dir='ltr'>ad</span> <span class='ocrx_word' id='word_1_312' title='bbox 868 2304 991 2335; x_wconf 68' lang='lat' dir='ltr'><strong>XXIX.</strong></span> <span class='ocrx_word' id='word_1_313' title='bbox 1036 2306 1167 2337; x_wconf 76' lang='lat' dir='ltr'>Videtur</span> <span class='ocrx_word' id='word_1_314' title='bbox 1190 2308 1354 2348; x_wconf 81' lang='lat' dir='ltr'>legendum</span> <span class='ocrx_word' id='word_1_315' title='bbox 1380 2333 1387 2340; x_wconf 92' lang='lat'><strong>.</strong></span> <span class='ocrx_word' id='word_1_316' title='bbox 1410 2331 1418 2339; x_wconf 88' lang='lat'><strong>.</strong></span> <span class='ocrx_word' id='word_1_317' title='bbox 1443 2311 1522 2352; x_wconf 63' lang='lat' dir='ltr'>ficit,</span> <span class='ocrx_word' id='word_1_318' title='bbox 1550 2319 1583 2342; x_wconf 51' lang='lat' dir='ltr'>¹ut</span> <span class='ocrx_word' id='word_1_319' title='bbox 1607 2314 1644 2343; x_wconf 93' lang='lat' dir='ltr'><strong>P.</strong></span> <span class='ocrx_word' id='word_1_320' title='bbox 1662 2313 1724 2344; x_wconf 69' lang='lat' dir='ltr'>Fu-</span> 
     </span>
     <span class='ocr_line' id='line_1_47' title="bbox 303 2336 1724 2395; baseline 0.016 -31"><span class='ocrx_word' id='word_1_321' title='bbox 303 2336 353 2365; x_wconf 80' lang='lat'><strong>37.</strong></span> <span class='ocrx_word' id='word_1_322' title='bbox 1037 2351 1114 2378; x_wconf 74' lang='lat' dir='ltr'>rius:</span> <span class='ocrx_word' id='word_1_323' title='bbox 1151 2351 1231 2390; x_wconf 89' lang='lat' dir='ltr'>quod</span> <span class='ocrx_word' id='word_1_324' title='bbox 1262 2351 1404 2383; x_wconf 77' lang='lat' dir='ltr'>Pithoeus</span> <span class='ocrx_word' id='word_1_325' title='bbox 1434 2353 1515 2395; x_wconf 85' lang='lat' dir='ltr'>apud</span> <span class='ocrx_word' id='word_1_326' title='bbox 1553 2355 1724 2387; x_wconf 84' lang='lat' dir='ltr'>Hearnium</span> 
     </span>
    </p>

    <p class='ocr_par' dir='ltr' id='par_1_9' title="bbox 298 2379 1724 2600">
     <span class='ocr_line' id='line_1_48' title="bbox 345 2379 1724 2437; baseline 0.015 -29"><span class='ocrx_word' id='word_1_327' title='bbox 345 2380 364 2408; x_wconf 85' lang='lat'><em>5</em></span> <span class='ocrx_word' id='word_1_328' title='bbox 396 2379 432 2409; x_wconf 72' lang='lat' dir='ltr'>Id</span> <span class='ocrx_word' id='word_1_329' title='bbox 460 2382 544 2411; x_wconf 51' lang='lat' dir='ltr'>desan¹</span> <span class='ocrx_word' id='word_1_330' title='bbox 573 2384 779 2415; x_wconf 68' lang='lat' dir='ltr'>immortalium</span> <span class='ocrx_word' id='word_1_331' title='bbox 809 2389 912 2425; x_wconf 78' lang='lat' dir='ltr'>templa</span> <span class='ocrx_word' id='word_1_332' title='bbox 940 2391 989 2419; x_wconf 82' lang='lat' dir='ltr'>de—</span> <span class='ocrx_word' id='word_1_333' title='bbox 1034 2397 1145 2421; x_wconf 84' lang='lat' dir='ltr'>monet.</span> <span class='ocrx_word' id='word_1_334' title='bbox 1206 2393 1271 2423; x_wconf 77' lang='lat' dir='ltr'>Sars</span> <span class='ocrx_word' id='word_1_335' title='bbox 1295 2402 1454 2433; x_wconf 77' lang='lat' dir='ltr'>opportuna</span> <span class='ocrx_word' id='word_1_336' title='bbox 1471 2397 1552 2437; x_wconf 66' lang='lat' dir='ltr'>sitit,</span> <span class='ocrx_word' id='word_1_337' title='bbox 1583 2397 1655 2428; x_wconf 90' lang='lat' dir='ltr'>dum</span> <span class='ocrx_word' id='word_1_338' title='bbox 1679 2399 1724 2430; x_wconf 85' lang='lat' dir='ltr'>ita</span> 
     </span>
     <span class='ocr_line' id='line_1_49' title="bbox 302 2421 1721 2476; baseline 0.016 -27"><span class='ocrx_word' id='word_1_339' title='bbox 302 2421 460 2452; x_wconf 76' lang='lat' dir='ltr'>molientem</span> <span class='ocrx_word' id='word_1_340' title='bbox 500 2425 620 2465; x_wconf 61' lang='lat' dir='ltr'>jacere]</span> <span class='ocrx_word' id='word_1_341' title='bbox 675 2427 744 2457; x_wconf 78' lang='lat' dir='ltr'>Vox</span> <span class='ocrx_word' id='word_1_342' title='bbox 795 2430 990 2461; x_wconf 78' lang='lat' dir='ltr'>demolientem</span> <span class='ocrx_word' id='word_1_343' title='bbox 1033 2443 1095 2463; x_wconf 86' lang='lat' dir='ltr'>rem</span> <span class='ocrx_word' id='word_1_344' title='bbox 1123 2436 1281 2474; x_wconf 74' lang='lat' dir='ltr'>transegit,</span> <span class='ocrx_word' id='word_1_345' title='bbox 1305 2443 1339 2466; x_wconf 82' lang='lat' dir='ltr'>ut</span> <span class='ocrx_word' id='word_1_346' title='bbox 1370 2438 1409 2468; x_wconf 91' lang='lat' dir='ltr'><strong>P.</strong></span> <span class='ocrx_word' id='word_1_347' title='bbox 1425 2438 1535 2469; x_wconf 77' lang='lat' dir='ltr'>Furius</span> <span class='ocrx_word' id='word_1_348' title='bbox 1558 2441 1643 2476; x_wconf 69' lang='lat' dir='ltr'>idem,</span> <span class='ocrx_word' id='word_1_349' title='bbox 1669 2452 1721 2471; x_wconf 79' lang='lat' dir='ltr'>cu-</span> 
     </span>
     <span class='ocr_line' id='line_1_50' title="bbox 301 2466 1593 2518; baseline 0.015 -27"><span class='ocrx_word' id='word_1_350' title='bbox 301 2473 360 2492; x_wconf 88' lang='lat' dir='ltr'>non</span> <span class='ocrx_word' id='word_1_351' title='bbox 397 2470 496 2495; x_wconf 83' lang='lat' dir='ltr'>exstat</span> <span class='ocrx_word' id='word_1_352' title='bbox 532 2466 563 2496; x_wconf 84' lang='lat' dir='ltr'>in</span> <span class='ocrx_word' id='word_1_353' title='bbox 601 2467 699 2508; x_wconf 83' lang='lat' dir='ltr'>prima</span> <span class='ocrx_word' id='word_1_354' title='bbox 733 2469 877 2506; x_wconf 85' lang='lat' dir='ltr'>editione,</span> <span class='ocrx_word' id='word_1_355' title='bbox 911 2478 988 2504; x_wconf 83' lang='lat' dir='ltr'>teste</span> <span class='ocrx_word' id='word_1_356' title='bbox 1021 2477 1077 2513; x_wconf 81' lang='lat' dir='ltr'>jus</span> <span class='ocrx_word' id='word_1_357' title='bbox 1091 2487 1123 2505; x_wconf 79' lang='lat' dir='ltr'>ea</span> <span class='ocrx_word' id='word_1_358' title='bbox 1136 2478 1407 2518; x_wconf 73' lang='lat' dir='ltr'>prouinciufuerat,</span> <span class='ocrx_word' id='word_1_359' title='bbox 1425 2488 1593 2513; x_wconf 74' lang='lat' dir='ltr'>remaneret.</span> 
     </span>
     <span class='ocr_line' id='line_1_51' title="bbox 302 2506 1720 2567; baseline 0.016 -33"><span class='ocrx_word' id='word_1_360' title='bbox 302 2506 450 2537; x_wconf 82' lang='lat' dir='ltr'>Hearnio.</span> <span class='ocrx_word' id='word_1_361' title='bbox 495 2509 574 2538; x_wconf 81' lang='lat' dir='ltr'>Sane</span> <span class='ocrx_word' id='word_1_362' title='bbox 602 2510 699 2550; x_wconf 77' lang='lat' dir='ltr'>magis</span> <span class='ocrx_word' id='word_1_363' title='bbox 725 2512 878 2552; x_wconf 71' lang='lat' dir='ltr'>placeret:</span> <span class='ocrx_word' id='word_1_364' title='bbox 913 2516 987 2545; x_wconf 66' lang='lat' dir='ltr'>idm</span> <span class='ocrx_word' id='word_1_365' title='bbox 1073 2519 1092 2547; x_wconf 78' lang='lat'>9</span> <span class='ocrx_word' id='word_1_366' title='bbox 1118 2519 1287 2549; x_wconf 75' lang='lat' dir='ltr'>Diviserunt</span> <span class='ocrx_word' id='word_1_367' title='bbox 1316 2523 1390 2551; x_wconf 76' lang='lat' dir='ltr'>(Iena</span> <span class='ocrx_word' id='word_1_368' title='bbox 1416 2524 1531 2563; x_wconf 70' lang='lat' dir='ltr'>jugera</span> <span class='ocrx_word' id='word_1_369' title='bbox 1561 2526 1590 2555; x_wconf 84' lang='lat' dir='ltr'>in</span> <span class='ocrx_word' id='word_1_370' title='bbox 1619 2527 1720 2567; x_wconf 74' lang='lat' dir='ltr'>singu-</span> 
     </span>
     <span class='ocr_line' id='line_1_52' title="bbox 298 2548 1722 2600; baseline 0.017 -25"><span class='ocrx_word' id='word_1_371' title='bbox 298 2548 381 2577; x_wconf 74' lang='lat' dir='ltr'>dezim</span> <span class='ocrx_word' id='word_1_372' title='bbox 399 2550 602 2580; x_wconf 76' lang='lat' dir='ltr'>immortalium</span> <span class='ocrx_word' id='word_1_373' title='bbox 617 2554 848 2594; x_wconf 63' lang='lat' dir='ltr'>templis-facere.</span> <span class='ocrx_word' id='word_1_374' title='bbox 1032 2560 1086 2598; x_wconf 72' lang='lat' dir='ltr'>los]</span> <span class='ocrx_word' id='word_1_375' title='bbox 1115 2561 1177 2596; x_wconf 78' lang='lat' dir='ltr'>Qui</span> <span class='ocrx_word' id='word_1_376' title='bbox 1202 2561 1284 2592; x_wconf 87' lang='lat' dir='ltr'>cives</span> <span class='ocrx_word' id='word_1_377' title='bbox 1311 2563 1445 2594; x_wconf 81' lang='lat' dir='ltr'>Romani</span> <span class='ocrx_word' id='word_1_378' title='bbox 1472 2572 1582 2596; x_wconf 77' lang='lat' dir='ltr'>essent.</span> <span class='ocrx_word' id='word_1_379' title='bbox 1629 2568 1722 2600; x_wconf 83' lang='lat' dir='ltr'>Cete-</span> 
     </span>
    </p>

    <p class='ocr_par' dir='ltr' id='par_1_10' title="bbox 299 2592 1728 2691">
     <span class='ocr_line' id='line_1_53' title="bbox 355 2592 1728 2642; baseline 0.017 -23"><span class='ocrx_word' id='word_1_380' title='bbox 355 2592 374 2620; x_wconf 86' lang='lat'>6</span> <span class='ocrx_word' id='word_1_381' title='bbox 392 2593 410 2609; x_wconf 48' lang='grc' dir='ltr'>θ’</span> <span class='ocrx_word' id='word_1_382' title='bbox 435 2592 617 2633; x_wconf 73' lang='lat' dir='ltr'>Obstringere</span> <span class='ocrx_word' id='word_1_383' title='bbox 667 2597 802 2636; x_wconf 76' lang='lat' dir='ltr'>religione</span> <span class='ocrx_word' id='word_1_384' title='bbox 849 2601 988 2637; x_wconf 75' lang='lat' dir='ltr'>populum</span> <span class='ocrx_word' id='word_1_385' title='bbox 1031 2611 1097 2630; x_wconf 85' lang='lat' dir='ltr'>rum</span> <span class='ocrx_word' id='word_1_386' title='bbox 1120 2602 1171 2632; x_wconf 83' lang='lat' dir='ltr'>vix</span> <span class='ocrx_word' id='word_1_387' title='bbox 1196 2610 1255 2642; x_wconf 86' lang='lat' dir='ltr'>est,</span> <span class='ocrx_word' id='word_1_388' title='bbox 1277 2610 1310 2634; x_wconf 90' lang='lat' dir='ltr'>ut</span> <span class='ocrx_word' id='word_1_389' title='bbox 1333 2615 1392 2636; x_wconf 85' lang='lat' dir='ltr'>non</span> <span class='ocrx_word' id='word_1_390' title='bbox 1419 2607 1469 2637; x_wconf 83' lang='lat' dir='ltr'>hic</span> <span class='ocrx_word' id='word_1_391' title='bbox 1492 2608 1640 2640; x_wconf 79' lang='lat' dir='ltr'>exciderit</span> <span class='ocrx_word' id='word_1_392' title='bbox 1662 2611 1728 2642; x_wconf 47' lang='lat' dir='ltr'>ali-.</span> 
     </span>
     <span class='ocr_line' id='line_1_54' title="bbox 299 2631 1721 2691; baseline 0.018 -31"><span class='ocrx_word' id='word_1_393' title='bbox 299 2631 476 2676; x_wconf 63' lang='lat' dir='ltr'>Romanum]</span> <span class='ocrx_word' id='word_1_394' title='bbox 508 2636 665 2676; x_wconf 80' lang='lat' dir='ltr'>Subjicere</span> <span class='ocrx_word' id='word_1_395' title='bbox 694 2639 840 2678; x_wconf 89' lang='lat' dir='ltr'>populum</span> <span class='ocrx_word' id='word_1_396' title='bbox 869 2641 985 2672; x_wconf 83' lang='lat' dir='ltr'>Roma·</span> <span class='ocrx_word' id='word_1_397' title='bbox 1031 2643 1117 2683; x_wconf 80' lang='lat' dir='ltr'>quid.</span> <span class='ocrx_word' id='word_1_398' title='bbox 1178 2646 1297 2677; x_wconf 82' lang='lat' dir='ltr'>Debuit</span> <span class='ocrx_word' id='word_1_399' title='bbox 1332 2648 1413 2678; x_wconf 87' lang='lat' dir='ltr'>enim</span> <span class='ocrx_word' id='word_1_400' title='bbox 1444 2651 1580 2691; x_wconf 83' lang='lat' dir='ltr'>profecto</span> <span class='ocrx_word' id='word_1_401' title='bbox 1614 2653 1721 2686; x_wconf 73' lang='lat' dir='ltr'>Livius</span> 
     </span>
    </p>
   </div>
   <div class='ocr_carea' id='block_1_7' title="bbox 297 2678 1719 2812">
    <p class='ocr_par' dir='ltr' id='par_1_11' title="bbox 297 2678 1719 2812">
     <span class='ocr_line' id='line_1_55' title="bbox 298 2678 1719 2728; baseline 0.017 -25"><span class='ocrx_word' id='word_1_402' title='bbox 298 2684 368 2704; x_wconf 85' lang='lat' dir='ltr'>num</span> <span class='ocrx_word' id='word_1_403' title='bbox 385 2686 485 2716; x_wconf 74' lang='lat' dir='ltr'>poenae</span> <span class='ocrx_word' id='word_1_404' title='bbox 502 2678 682 2709; x_wconf 81' lang='lat' dir='ltr'>violatarum</span> <span class='ocrx_word' id='word_1_405' title='bbox 698 2681 889 2721; x_wconf 82' lang='lat' dir='ltr'>religionum.</span> <span class='ocrx_word' id='word_1_406' title='bbox 1028 2685 1149 2722; x_wconf 82' lang='lat' dir='ltr'>docere,</span> <span class='ocrx_word' id='word_1_407' title='bbox 1177 2695 1308 2728; x_wconf 82' lang='lat' dir='ltr'>quantus</span> <span class='ocrx_word' id='word_1_408' title='bbox 1331 2700 1474 2722; x_wconf 85' lang='lat' dir='ltr'>numerus</span> <span class='ocrx_word' id='word_1_409' title='bbox 1497 2693 1611 2725; x_wconf 87' lang='lat' dir='ltr'>civium</span> <span class='ocrx_word' id='word_1_410' title='bbox 1634 2696 1719 2727; x_wconf 81' lang='lat' dir='ltr'>Lati-</span> 
     </span>
     <span class='ocr_line' id='line_1_56' title="bbox 339 2717 1718 2780; baseline 0.017 -34"><span class='ocrx_word' id='word_1_411' title='bbox 339 2717 356 2745; x_wconf 92' lang='lat'><strong>7</strong></span> <span class='ocrx_word' id='word_1_412' title='bbox 384 2718 596 2761; x_wconf 63' lang='lat' dir='ltr'>Redemptores]</span> <span class='ocrx_word' id='word_1_413' title='bbox 619 2721 719 2763; x_wconf 84' lang='lat' dir='ltr'>liqui</span> <span class='ocrx_word' id='word_1_414' title='bbox 741 2724 860 2764; x_wconf 82' lang='lat' dir='ltr'>tegulas</span> <span class='ocrx_word' id='word_1_415' title='bbox 882 2736 982 2767; x_wconf 85' lang='lat' dir='ltr'>repor-</span> <span class='ocrx_word' id='word_1_416' title='bbox 1029 2738 1197 2770; x_wconf 83' lang='lat' dir='ltr'>norumque</span> <span class='ocrx_word' id='word_1_417' title='bbox 1226 2731 1256 2761; x_wconf 91' lang='lat' dir='ltr'>in</span> <span class='ocrx_word' id='word_1_418' title='bbox 1293 2742 1395 2763; x_wconf 88' lang='lat' dir='ltr'>eorum</span> <span class='ocrx_word' id='word_1_419' title='bbox 1425 2745 1565 2775; x_wconf 80' lang='lat' dir='ltr'>agrorum</span> <span class='ocrx_word' id='word_1_420' title='bbox 1600 2749 1718 2780; x_wconf 85' lang='lat' dir='ltr'>posses-</span> 
     </span>
     <span class='ocr_line' id='line_1_57' title="bbox 297 2759 1717 2812; baseline 0.019 -27"><span class='ocrx_word' id='word_1_421' title='bbox 297 2759 404 2788; x_wconf 56' lang='lat' dir='ltr'>sununs</span> <span class='ocrx_word' id='word_1_422' title='bbox 428 2762 644 2794; x_wconf 75' lang='lat' dir='ltr'>conduxerant.</span> <span class='ocrx_word' id='word_1_423' title='bbox 1028 2770 1142 2802; x_wconf 63' lang='lat' dir='ltr'>sionem</span> <span class='ocrx_word' id='word_1_424' title='bbox 1170 2773 1279 2804; x_wconf 85' lang='lat' dir='ltr'>missus</span> <span class='ocrx_word' id='word_1_425' title='bbox 1305 2775 1355 2806; x_wconf 84' lang='lat' dir='ltr'>sit.</span> <span class='ocrx_word' id='word_1_426' title='bbox 1413 2777 1482 2807; x_wconf 83' lang='lat' dir='ltr'>Nec</span> <span class='ocrx_word' id='word_1_427' title='bbox 1510 2778 1600 2811; x_wconf 79' lang='lat' dir='ltr'>facile</span> <span class='ocrx_word' id='word_1_428' title='bbox 1631 2781 1717 2812; x_wconf 82' lang='lat' dir='ltr'>nobis</span> 
     </span>
    </p>
   </div>
   <div class='ocr_carea' id='block_1_8' title="bbox 345 2802 1663 2861">
    <p class='ocr_par' dir='ltr' id='par_1_12' title="bbox 345 2802 1663 2861">
     <span class='ocr_line' id='line_1_58' title="bbox 345 2802 1663 2861; baseline 0.019 -32"><span class='ocrx_word' id='word_1_429' title='bbox 345 2802 362 2829; x_wconf 69' lang='grc' dir='ltr'>Β</span> <span class='ocrx_word' id='word_1_430' title='bbox 398 2804 456 2833; x_wconf 62' lang='lat' dir='ltr'>Sars</span> <span class='ocrx_word' id='word_1_431' title='bbox 486 2813 642 2844; x_wconf 52' lang='lat' dir='ltr'>opportuna</span> <span class='ocrx_word' id='word_1_432' title='bbox 663 2807 747 2847; x_wconf 68' lang='lat' dir='ltr'>fuit.-</span> <span class='ocrx_word' id='word_1_433' title='bbox 798 2810 832 2840; x_wconf 85' lang='lat' dir='ltr'><strong>P.</strong></span> <span class='ocrx_word' id='word_1_434' title='bbox 857 2810 983 2853; x_wconf 56' lang='lat' dir='ltr'>Fut-ms]</span> <span class='ocrx_word' id='word_1_435' title='bbox 1028 2814 1246 2853; x_wconf 76' lang='lat' dir='ltr'>persuademus</span> <span class='ocrx_word' id='word_1_436' title='bbox 1262 2817 1292 2849; x_wconf 83' lang='lat' dir='ltr'>id</span> <span class='ocrx_word' id='word_1_437' title='bbox 1309 2819 1347 2850; x_wconf 80' lang='lat' dir='ltr'>ab</span> <span class='ocrx_word' id='word_1_438' title='bbox 1364 2829 1398 2850; x_wconf 78' lang='lat' dir='ltr'>eo</span> <span class='ocrx_word' id='word_1_439' title='bbox 1413 2822 1663 2861; x_wconf 63' lang='lat' dir='ltr'>praetermissum.</span> 
     </span>
    </p>
   </div>
  </div>
 </body>
</html>
