1816 3159
280 41 357 74 420

285 146 524 183 Suovetaurilia‚
546 151 575 184 1,
591 150 644 177 44.
661 151 693 184 8,
714 151 763 177 10.

282 189 440 227 Superbus
455 199 510 219 cur
525 190 625 220 dictus
641 191 842 228 Tarquinius,
858 195 886 224 1,
903 195 953 222 49.

283 233 471 270 Superstitio
486 236 612 263 externa
628 243 774 273 repressa,
791 238 822 267 4,
840 238 892 263 30.
909 234 971 264 vid.

326 276 464 314 Religio.

273 319 461 357 ·Supplicare
503 320 655 356 coronati,
693 323 724 348 et
760 321 894 348 lauream
939 320 971 348 in

325 371 420 391 manu
435 365 590 398 tenentes,
601 363 753 399 jubentur
774 372 881 392 omnes
897 363 973 392 duo-

327 406 424 434 decim
441 406 531 433 annis
544 405 687 442 majores,
706 410 760 441 40,
778 410 830 437 37.

284 448 532 487 Supplicationes
559 448 596 476 ad
620 449 725 477 omnia
741 449 878 485 delubra,
894 453 925 483 3,
942 453 971 480 7.

303 507 347 514 —-·
362 492 491 521 duorum
509 490 671 520 consulum
685 493 809 521 nomine
826 492 856 521 in
874 501 971 521 unum

329 535 421 568 diem,
439 536 489 563 63.

304 578 392 606 —in
409 576 620 615 quatriduum,
639 581 669 613 5,
687 582 737 606 23.

305 637 347 644 —
363 621 402 649 ob
419 629 479 649 rem
495 620 572 648 bene
585 626 701 655 gestam
724 622 869 650 adversus
886 622 972 650 Sam-

328 664 419 695 nites,
441 667 492 698 10,
508 666 560 692 21.

305 707 394 734 -in
418 706 560 741 biduum,
586 708 795 744 prodigiorum
825 716 972 737 averrun-

328 750 496 778 candorum
514 758 634 786 caussa,
652 756 703 780 93.

284 792 477 831 Supplicatio
493 801 546 830 per
562 802 657 823 unum
683 794 761 823 diem
793 793 972 832 flisculapio

328 835 446 871 habita,
464 839 513 869 10,
529 840 580 866 47.

303 896 346 902 —
361 876 434 907 belli
466 879 732 918 Carthaginiensis
763 889 882 915 caussa,
915 882 968 914 91,

331 926 377 953 17.
393 925 447 956 22,
467 925 514 949 10.

302 974 400 1003 -per
429 965 566 994 triduum
592 965 628 994 ad
653 966 758 995 omnia
783 966 969 1004 pulvinaria,

327 1012 379 1041 22,
402 1012 426 1036 1.

303 1069 346 1076 —
361 1052 508 1080 Fortunae
540 1051 570 1079 in
601 1051 726 1090 Algido,
759 1057 811 1087 21,
842 1055 893 1081 69.
933 1052 969 1080 ad

326 1094 421 1123 aedem
439 1094 597 1127 Herculis,
615 1095 688 1123 ibid.

283 1137 530 1176 Supplicationes
559 1138 704 1165 omnibus
732 1137 810 1171 Diis,
839 1146 969 1175 quorum

324 1180 499 1218 pulvinaria
509 1180 614 1211 Romae
627 1185 710 1212 sunt,
723 1181 969 1217 indictae,24,10.

302 1240 344 1247 —
358 1224 395 1252 ad
412 1223 518 1251 omnia
536 1223 676 1258 delubra,
696 1228 749 1259 94,
772 1228 820 1252 11.

301 1281 344 1288 ·--
359 1267 397 1295 ad
414 1266 519 1295 omnia
539 1266 724 1304 pulvinaria,
754 1271 807 1303 27,
828 1272 858 1297 4.
875 1272 904 1296 et
921 1270 967 1294 11.

321 1309 381 1338 vid.
400 1313 429 1337 et
447 1313 499 1345 25,
517 1314 545 1339 7.

300 1353 391 1380 ——in
408 1361 506 1380 unum
523 1352 620 1387 diem,
633 1356 687 1388 27,
704 1356 732 1383 7.
751 1357 843 1384 0137.

300 1412 343 1418 -—
356 1404 410 1433 per
423 1395 570 1433 compita,
579 1398 647 1423 tota
663 1395 750 1431 urbe,
769 1401 820 1430 27,
833 1401 883 1425 93.

299 1439 387 1466 —in
404 1438 541 1467 triduum
570 1438 730 1467 celebratae
757 1448 775 1468 a
790 1439 861 1468 viris
883 1439 971 1469 semi-

324 1481 444 1520 nisque,
464 1486 517 1516 27,
530 1485 584 1510 51.

299 1525 387 1553 —in
406 1525 683 1562 quatriduum,29,
697 1528 742 1553 14.
760 1529 814 1561 30,
834 1529 859 1555 1.
872 1530 902 1554 et
918 1529 964 1556 17.

298 1582 342 1589 —
357 1577 411 1606 per
425 1568 562 1605 quinque
579 1568 655 1602 dies,
679 1571 733 1602 30,
748 1573 797 1597 91.

306 1626 337 1632 -
357 1612 390 1640 in
407 1611 542 1640 triduum
571 1607 744 1640 ob'victum
767 1611 967 1648 Annibalem,

321 1657 375 1687 30,
390 1658 442 1682 40.

299 1712 343 1719 -—-
357 1696 397 1726 ob
413 1697 528 1725 bellum
546 1697 689 1736 Philippo
716 1697 885 1735 decretum,
912 1703 967 1736 31,

324 1744 351 1768 8.
367 1744 396 1768 ct
408 1744 437 1770 9.

299 1798 342 1805 —
358 1783 398 1812 ob
414 1783 573 1812 victoriam
591 1783 627 1812 de
651 1783 749 1812 Gallis
766 1788 966 1822 reportatam,

320 1831 375 1862 31,
388 1830 438 1855 22.

299 1887 342 1894 -
357 1871 397 1898 ob
422 1869 605 1907 prodigium,
622 1873 676 1905 32,
696 1873 721 1897 1.
738 1872 765 1897 et
778 1873 806 1900 9.
823 1874 878 1907 35,
895 1876 946 1900 91.

297 1928 342 1934 -
356 1912 396 1941 ob
413 1922 457 1941 res
475 1912 552 1941 bene
565 1916 668 1950 gestas
683 1913 713 1941 iu
731 1913 832 1942 Gallia
843 1915 875 1943 in
892 1924 967 1953 qua-

321 1955 472 1988 triduum,
485 1959 540 1989 32,
555 1959 608 1984 31.

299 2016 342 2023 --
357 1999 397 2027 ob
420 2006 466 2026 res
483 1998 514 2026 in
530 1998 690 2027 Thessalia
714 1997 790 2027 bene
814 2002 915 2038 gestas
933 2000 965 2029 in

322 2041 385 2070 dies
401 2041 550 2078 quinque,
566 2046 620 2077 33,
632 2045 682 2070 94.

299 2100 342 2108 -
357 2085 397 2113 ob
414 2093 459 2113 res
476 2083 553 2113 bene
577 2087 680 2122 gestas
706 2084 737 2112 in
763 2084 917 2124 Hispania
934 2087 965 2115 in

320 2127 470 2160 triduum,
487 2130 543 2162 34,
563 2131 612 2155 21.
637 2126 696 2156 vid.
715 2131 743 2155 et
758 2132 812 2164 34,
829 2133 880 2158 42.

298 2187 341 2193 —
357 2170 400 2199 ob
411 2173 499 2198 terrae
515 2174 631 2205 motus,
643 2174 695 2201 34.
711 2174 761 2199 55.

299 2229 342 2236 —
357 2214 397 2242 ob
412 2222 460 2242 res
472 2213 549 2241 bene
573 2218 674 2252 gestas
691 2214 835 2243 adversus
852 2214 966 2244 Antio-

321 2257 427 2289 chum,
443 2258 496 2287 36,
512 2259 562 2284 91.

298 2300 387 2328 —in
416 2299 554 2328 triduum
577 2298 609 2327 in
634 2299 779 2328 omnibus
808 2300 965 2339 compitis,

320 2347 374 2378 38,
390 2344 441 2371 36.

297 2403 340 2411 -
354 2394 410 2423 pro
426 2384 602 2413 valetudine
625 2385 731 2423 populi
755 2385 786 2413 in
813 2385 965 2423 triduum,

319 2432 375 2464 38,
392 2430 444 2457 44.

296 2490 339 2497 .-
353 2469 563 2509 prodigiorum
580 2477 698 2502 caussa,
714 2474 771 2506 39,
789 2472 840 2499 56.
864 2475 918 2503 40.
934 2476 964 2501 9.

298 2532 341 2540 .-..
356 2513 436 2543 circa
476 2512 582 2541 onmia
619 2512 793 2549 pulvinaria.
822 2513 855 2541 in
883 2514 962 2544 diem

319 2566 431 2592 unum,
448 2559 502 2591 40,
522 2558 613 2585 19.ct
632 2558 684 2582 98.

298 2601 388 2628 -in
405 2599 547 2633 biduum,
564 2600 618 2631 40,
634 2601 686 2628 37.

295 2659 339 2667 -
354 2644 394 2673 ob
410 2640 616 2682 pestilentiam
632 2639 663 2668 in
680 2648 778 2669 unum
794 2639 887 2676 diem,
906 2645 962 2679 41,

319 2689 371 2715 96.

296 2745 341 2753 -—
354 2728 396 2759 ob
422 2727 579 2757 devictum
610 2725 770 2761 Perseum,
797 2729 851 2762 45,
880 2730 909 2755 9.
933 2730 964 2756 et

317 2770 481 2805 Gentium,
498 2773 529 2798 3.

275 2813 559 2854 Supplicationibns
575 2810 650 2840 ordo
662 2813 811 2845 statutus,
829 2815 859 2845 7,
877 2815 928 2841 98.

734 37 907 75 INDEX
938 37 996 75 IN
1027 38 1075 75 Τ.
1106 37 1239 74 LlVIl

1013 146 1192 186 Supplicum
1217 147 1352 186 insignia
1383 148 1506 188 Infulae,
1539 151 1704 182 Velamen-

1056 194 1101 224 ta,
1118 191 1208 220 Rami
1226 192 1314 227 oleae,
1330 192 1434 222 Vestis
1451 194 1583 228 sordida,
1601 199 1633 231 2,
1648 200 1701 226 39.

1057 237 1108 267 24,
1124 237 1175 263 30.
1204 238 1256 269 25,
1274 238 1326 264 25.
1351 239 1404 271 29,
1424 239 1474 266 16.
1502 241 1556 275 37,
1573 241 1625 268 28.
1647 243 1703 276 44,

1060 279 1107 307 19.
1125 281 1179 313 45,
1195 281 1246 307 95.
1262 279 1323 307 vid.
1341 280 1434 312 et35.
1451 283 1504 309 34.

1016 319 1050 347 P.
1067 319 1157 356 Sura,
1175 321 1305 357 legatus,
1328 326 1382 357 22,
1395 327 1412 350 3
1424 326 1446 350 l.

1016 361 1163 398 Surenas,
1181 364 1243 392 dux
1258 364 1456 401 Parthorum,
1470 365 1554 404 Epit.
1575 368 1644 394 106.

1017 405 1192 435 Surrentini
1209 407 1314 445 populi
1341 408 1490 437 deficiunt
1513 409 1552 437 ad
1571 409 1701 444 Poenos,

1059 452 1111 482 99,
1129 451 1181 478 61.

1017 490 1075 519 Sus
1091 495 1252 521 mansueta
1274 493 1366 522 variis
1389 494 1595 524 condimentis
1621 495 1701 524 adsi-

1060 533 1177 564 mulata
1191 535 1297 565 ferinae
1313 538 1410 571 carni,
1427 542 1482 574 35,
1500 542 1552 569 49.

1017 576 1112 605 Susus
1130 578 1365 616 Phalasarneus,
1381 581 1439 609 (lux
1459 580 1654 610 Cretensium
1669 581 1701 609 in

1061 621 1200 650 exercitu
1217 623 1332 658 Persei,
1349 627 1402 658 42,
1419 628 1471 654 51.

1017 663 1148 700 Sutrini,
1164 664 1238 693 socii
1255 665 1480 699 Romanorum,
1505 669 1537 704 6,
1556 671 1585 695 3.
1604 667 1639 694 ‹le
1653 667 1703 694 ob-

1057 707 1177 736 sidione
1192 717 1295 736 eorum
1311 709 1393 737 urbis
1409 709 1468 738 vid.
1487 710 1638 739 Sutrium.

1017 748 1162 779 Sutrinos
1175 760 1258 789 ager,
1273 753 1324 785 96,
1339 756 1391 780 34.

1017 793 1166 828 Sutrium,
1183 795 1345 833 oppidum,
1363 795 1522 824 obsidetur
1537 798 1567 823 et
1583 795 1704 833 capitur

1058 845 1076 864 a
1089 836 1213 872 Tuscis,
1229 840 1261 873 6,
1278 842 1307 866 3.
1340 838 1487 876 recipitur
1514 847 1532 866 a
1557 839 1703 874 Camilio,

1059 880 1132 907 ibid.
1150 880 1308 909 obsidetur
1319 881 1357 909 ab
1377 881 1531 916 Etruscis,
1547 886 1578 911 9.
1592 882 1714 913 libera2

1057 927 1120 956 tur,
1146 924 1217 952 ibid.
1237 923 1388 960 Sutrium,
1413 924 1583 953 claustrum
1610 925 1704 953 Etru-

1057 966 1119 999 riae,
1135 966 1173 994 ab
1189 967 1329 996 Etruscis
1352 973 1577 1006 oppugnatum,
1601 971 1632 1002 9,
1649 971 1702 996 32.

1058 1013 1087 1037 ct
1097 1012 1149 1038 35.
1164 1010 1223 1038 vid.
1241 1015 1271 1039 et
1291 1014 1340 1046 10,
1354 1014 1404 1041 14.
1418 1015 1509 1049 negat
1521 1010 1702 1039 consulibus

1056 1052 1170 1081 milites
1199 1056 1227 1081 et
1256 1054 1430 1092 pecuniam,
1456 1059 1508 1089 27,
1525 1059 1555 1084 9.
1583 1054 1618 1082 de
1645 1054 1702 1082 hac

1057 1104 1088 1124 re
1104 1098 1424 1132 senatusconsultum,
1441 1101 1493 1133 99,
1514 1101 1562 1125 15.

1015 1135 1189 1174 Sycurium,
1206 1139 1277 1168 urbs
1293 1139 1350 1168 sub
1368 1140 1520 1170 radicibus
1536 1140 1634 1176 Ossae,
1648 1143 1701 1174 42,

1056 1185 1106 1210 54.
1125 1184 1176 1210 56.
1193 1186 1242 1213 57.
1257 1185 1306 1211 69.
1324 1187 1353 1211 et
1363 1185 1415 1213 64.

1015 1222 1153 1261 Syleum,
1171 1225 1256 1261 urbs,
1273 1229 1327 1261 38,
1348 1230 1397 1255 14.

1014 1265 1115 1304 Syllus
1131 1268 1298 1304 Gnossius,
1315 1269 1376 1297 dux
1391 1270 1586 1299 Cretensium
1603 1270 1635 1299 in
1651 1280 1701 1299 ex-

1057 1311 1155 1338 ercitu
1173 1312 1285 1343 Persei,
1303 1316 1355 1345 49,
1373 1316 1425 1341 51.

1014 1352 1107 1391 Sylva
1119 1354 1205 1389 Asia,
1222 1358 1252 1388 2,
1269 1360 1299 1385 7.

1034 1413 1076 1420 ·—-
1094 1396 1238 1429 Ciminia,
1263 1402 1294 1431 9,
1309 1399 1360 1425 36.

1033 1456 1075 1462 —
1091 1439 1214 1473 Litana,
1231 1444 1284 1476 93,
1302 1444 1351 1469 94.
1368 1443 1423 1476 34,
1436 1444 1488 1470 22.

1033 1497 1075 1504 —
1091 1482 1211 1520 Maesia,
1231 1487 1260 1520 l,
1276 1488 1328 1512 33.

1033 1541 1074 1548 —-
1092 1525 1262 1559 Malitiosa,
1285 1531 1313 1562 1,
1329 1531 1380 1556 30.

1031 1586 1074 1592 -
1088 1569 1198 1602 Pieria,
1222 1574 1274 1601 44,
1290 1575 1339 1598 43.

1013 1611 1165 1649 Sylvauus
1177 1622 1212 1641 ex
1225 1613 1310 1651 sylva
1324 1611 1415 1641 Arsia
1425 1611 1582 1650 ingentem
1595 1621 1700 1642 vocem

1054 1655 1154 1684 noctis
1171 1656 1296 1685 silentio
1311 1655 1442 1684 edidisse
1457 1655 1604 1692 creditur,
1621 1660 1653 1691 2,
1669 1660 1699 1686 7.

1011 1697 1146 1738 Syleus‚
1161 1699 1288 1728 Ascanii
1314 1699 1408 1732 filius,
1434 1699 1586 1727 secundus
1612 1699 1700 1727 Albae

1054 1750 1117 1778 rex,
1136 1745 1163 1778 1,
1178 1746 1209 1770 3.
1222 1751 1294 1771 casu
1318 1742 1450 1780 quodam
1478 1741 1509 1770 in
1536 1741 1629 1779 sylvis
1646 1751 1700 1770 na-

1055 1788 1118 1820 tus,
1134 1784 1206 1814 ibid.

1012 1827 1136 1865 Sylvius
1151 1828 1277 1860 AEneaS‚
1293 1827 1403 1856 tertius
1418 1826 1506 1855 Albae
1522 1835 1586 1862 rex,
1604 1827 1678 1856 ibid.

1012 1870 1134 1908 Sylvius
1150 1869 1294 1906 Latinus,
1306 1874 1435 1908 quartus
1446 1869 1533 1899 Albae
1547 1878 1612 1903 rex,
1623 1869 1700 1899 ibid.

1012 1913 1135 1951 Sylvius
1151 1913 1317 1950 Romulus,
1334 1913 1463 1941 fulmine
1476 1912 1568 1946 ictus,
1593 1912 1664 1941 ibid.

1012 1955 1148 1995 Sylvius,
1163 1965 1333 1991 cognomen
1348 1956 1488 1985 omnium
1504 1955 1698 1985 Albanorum

1056 2008 1177 2037 regum,
1192 1999 1268 2029 ibid.

1011 2042 1169 2081 Synnada,
1185 2042 1271 2078 urbs,
1286 2046 1340 2078 38,
1357 2046 1405 2072 15.
1421 2045 1474 2076 45,
1487 2045 1538 2070 34.

1012 2085 1154 2124 Synedri,
1170 2086 1378 2114 Macedonum
1394 2087 1564 2117 senatores,
1580 2087 1634 2120 45,
1646 2087 1697 2112 23.

1012 2128 1148 2167 Syphax,
1164 2138 1216 2157 rex
1231 2128 1448 2162 Numidarum,
1461 2136 1479 2156 a
1499 2126 1699 2165 Scipionibus

1051 2171 1339 2210 appetitus,jungit
1360 2171 1526 2200 amicitiam
1549 2179 1620 2199 cum
1635 2170 1702 2199 Ro-

1051 2215 1163 2249 manis,
1183 2219 1238 2251 ⁶34,
1254 2218 1305 2243 48.
1323 2215 1459 2244 vincitur
1478 2223 1496 2242 a
1520 2212 1698 2246 Masinissa,

1050 2262 1101 2289 49.
1120 2257 1150 2286 in
1169 2257 1345 2286 Maurusios
1357 2258 1453 2296 sugit,
1480 2256 1553 2285 ibid.
1576 2255 1642 2292 ejus
1659 2256 1697 2283 ad

1051 2301 1210 2329 Romanos
1236 2299 1342 2339 legati,
1366 2308 1510 2338 prospera
1532 2308 1602 2328 cum
1624 2298 1698 2326 Car-

1051 2344 1304 2382 thaginiensibus
1331 2344 1441 2382 proelia
1477 2345 1697 2377 memorantes,

1052 2391 1104 2420 27,
1122 2390 1150 2415 4.
1175 2388 1214 2415 ad
1226 2396 1296 2416 eum
1313 2386 1446 2415 vicissim
1464 2388 1590 2414 senatus
1613 2384 1697 2421 lega-

1050 2434 1099 2459 tos
1116 2430 1226 2461 mittit.
1243 2429 1320 2460 ibid.
1335 2430 1373 2458 ad
1394 2438 1464 2458 eum
1480 2427 1582 2466 Scipio
1609 2428 1697 2456 navi-

1049 2476 1118 2511 gat,
1134 2477 1186 2507 28,
1206 2476 1253 2504 17.
1270 2473 1377 2502 eodem
1400 2474 1482 2501 tecto
1498 2469 1608 2508 recipit
1630 2470 1695 2498 Sci-

1051 2515 1173 2553 pionem
1195 2518 1227 2543 et
1242 2514 1461 2550 Asdrubalem,
1490 2516 1536 2541 18.
1561 2521 1630 2541 cum
1658 2521 1695 2541 eo

1049 2558 1151 2587 soedns
1167 2558 1221 2587 icit
1245 2558 1362 2595 Scipio,
1388 2557 1460 2586 ibid.
1478 2556 1564 2585 ducit
1579 2555 1697 2584 Asdru-

1049 2601 1127 2630 balis
1154 2600 1259 2632 filiam.
1285 2604 1337 2637 29,
1355 2604 1404 2629 93.
1433 2599 1571 2637 Scipioni
1591 2598 1699 2628 amici-

1049 2643 1125 2672 tiam
1155 2643 1328 2676 renunciat,
1356 2642 1429 2671 ilud.
1454 2641 1520 2679 ejus
1549 2642 1696 2671 adversus

1051 2685 1252 2715 Masinissam
1269 2686 1394 2720 bellum,
1420 2689 1557 2716 29—33.
1579 2685 1611 2713 in
1627 2684 1694 2721 ejus

1050 2732 1150 2757 castra
1163 2729 1249 2767 ignes
1264 2729 1438 2766 conjiciunt
1459 2727 1564 2765 Scipio
1578 2730 1611 2756 et
1626 2727 1695 2755 Ma-

1038 2771 1171 2811 sinissa,
1188 2775 1241 2805 30,
1260 2776 1287 2800 5.
1316 2772 1439 2810 Syphax
1465 2771 1609 2800 adversus
1625 2770 1695 2798 Ma-

1050 2814 1192 2845 sinissam
1202 2819 1234 2845 et
1248 2814 1375 2845 Laelium
1392 2814 1494 2854 copias
1507 2813 1623 2849 educit,
1642 2815 1690 2840 11.
