1816 3159
314 57 393 105 xiv
793 55 1252 106 PRAEFATIO.

310 212 421 259 quae
444 195 801 258 incogitantem
835 195 1030 242 Livium
1054 196 1216 259 rapuit
1251 196 1513 246 instinctus
1546 199 1749 263 quidam

311 271 463 319 studii
486 272 534 318 in
561 272 840 319 Romanam
864 271 1065 318 laudem
1093 272 1480 330 vehementioris,
1505 275 1573 322 ita
1598 281 1652 322 ut
1675 275 1749 339 ip-

311 364 419 394 sum
459 348 753 395 scribentem
791 347 984 394 falleret
1023 348 1181 410 pietas
1216 349 1265 396 in
1308 349 1531 412 patriam,
1567 351 1751 399 blanda

312 423 618 470 conciliatrix
643 423 734 471 sui.
804 422 900 470 Illa
923 439 1022 470 non
1047 424 1189 471 video
1216 442 1435 489 quonam
1470 426 1639 474 colore
1665 428 1748 475 de-

97 506 252 542 Quaedam
314 499 449 545 feudi
486 498 692 560 possint,
717 516 828 563 quae
865 499 1044 546 sedulo
1080 506 1130 547 et
1161 500 1331 548 dedita
1363 518 1515 564 opera
1550 502 1748 550 silentio

94 550 299 624 {iiiiii‘ahii‘o-
313 574 531 630 tramisit,
558 582 818 638 propterea
841 575 982 639 quod
1020 591 1189 638 parum
1215 576 1487 625 honorifica
1512 578 1614 626 sive
1641 579 1747 627 Ro-

95 636 467 709 fflssngffissi‘manae
486 650 636 713 genti,
662 651 763 698 sive
787 651 1088 715 quibusdam
1114 652 1414 700 celeberrimi
1437 654 1653 702 nominis
1681 655 1746 701 vi-

92 729 187 792 gera
204 721 372 774 ⁰¹¹¹is·ris
398 727 694 775 viderentur.
767 727 935 788 Hujus
975 728 1166 790 generis
1197 728 1389 793 aliquot
1411 731 1642 794 exempla
1672 747 1745 777 re-

307 802 430 850 ferre
454 819 614 866 operae
640 803 849 867 pretium
874 809 965 852 est.

92 890 295 922 Primumex-
372 880 627 942 Polybius,
647 880 886 928 acerrimo
906 880 1104 941 judicio
1122 887 1170 929 et
1188 881 1473 946 incorrupta
1492 884 1589 931 fide
1609 901 1745 932 com-

92 934 257 1007 ἶεῗῖιῖιζῃζρ-
306 957 568 1005 mendatus
592 957 814 1021 scriptor,
842 974 1024 1019 magna
1060 974 1179 1005 cura
1204 958 1465 1021 perpendit
1496 959 1635 1008 initio
1660 960 1744 1010 lib.

91 1018 404 1093 ffss‘giffium'lll.
431 1050 659 1097 quaenam
695 1050 857 1083 causae
882 1033 998 1081 belli
1025 1033 1203 1081 Punici
1241 1035 1448 1082 secundi
1473 1036 1667 1092 fuerint,
1696 1043 1745 1084 et

303 1115 412 1156 uter
438 1110 652 1172 populus
674 1110 868 1157 violatae
895 1110 1123 1158 amicitiae
1148 1111 1381 1174 ruptique
1406 1112 1602 1159 foederis
1639 1113 1744 1160 cul-

303 1201 419 1248 pam
443 1185 694 1233 sustineat.
766 1185 1043 1250 Postquam
1069 1186 1225 1233 multa
1249 1187 1426 1235 dehoc
1454 1196 1740 1250 argumento

303 1261 588 1324 disputavit,
611 1271 658 1308 et
678 1262 790 1309 hinc
816 1271 964 1326 atque
988 1263 1106 1309 inde
1124 1270 1376 1309 momenta
1395 1264 1640 1311 rationum
1669 1265 1743 1311 di-

301 1337 472 1398 ligenti
495 1337 675 1385 trutina
709 1338 1016 1401 ponderavit,
1041 1355 1145 1385 rem
1169 1338 1236 1385 ita
1266 1339 1540 1400 concludit,
1564 1348 1618 1388 ut
1643 1347 1742 1388 sta-

300 1420 420 1469 tuat,
448 1413 489 1460 si
514 1414 648 1477 origo
665 1414 781 1461 belli
806 1431 835 1461 a
859 1413 1067 1476 Sagunti
1091 1420 1280 1462 tantum
1307 1415 1530 1463 exscidio
1555 1424 1741 1480 repeta-

301 1495 394 1547 tur,
422 1489 608 1538 Poenos
631 1491 809 1552 injuste
841 1490 1042 1538 omnino
1069 1507 1204 1538 arma
1234 1491 1473 1551 movisse3
1511 1492 1588 1539 sin
1612 1493 1737 1541 ratio

301 1564 540 1613 habeatur
574 1566 815 1614 Sardiniae
845 1584 873 1614 a
907 1567 1165 1623 Romanis,
1193 1567 1440 1631 stipendio
1478 1569 1624 1616 etiam
1662 1587 1740 1617 su-

299 1642 636 1706 perimposito,
662 1643 963 1706 interceptae,
988 1643 1071 1706 pia
1107 1649 1156 1689 et
1171 1643 1310 1704 justa
1339 1642 1490 1691 fuisse
1510 1643 1737 1692 Anniba-

299 1718 360 1765 lis
385 1736 535 1777 arma,
554 1736 707 1784 quum
724 1720 867 1767 Poeni
887 1720 1006 1766 data
1025 1719 1294 1767 occasione
1313 1736 1397 1766 eos
1416 1719 1575 1767 ultum
1594 1720 1735 1778 irent,

299 1794 384 1857 qui
408 1812 495 1858 per
518 1795 831 1843 occasionem
856 1802 1138 1858 temporum
1162 1795 1280 1858 ipsis
1303 1804 1594 1844 nocuerant.

87 1882 179 1916 xxi.
196 1884 248 1915 19.
365 1871 498 1925 Quid
536 1872 736 1920 Livius?
779 1871 974 1934 Nempe
1007 1872 1088 1919 ille
1111 1889 1172 1918 ex
1199 1871 1477 1933 Polybiana
1512 1872 1736 1935 disputa—

297 1946 429 1994 tione
453 1965 513 1995 ea
537 1948 671 2011 eligit
694 1954 743 1995 et
767 1954 995 1994 accurate
1032 1947 1234 2010 exponit
1259 1964 1365 2010 quae
1396 1947 1736 1996 Romanorum

299 2041 462 2072 causae
487 2025 748 2072 favebant:
784 2041 894 2088 quae
919 2039 1007 2086 pro
1044 2023 1214 2072 Poenis
1240 2024 1377 2071 dicta
1411 2024 1472 2071 ab
1497 2023 1735 2087 scriptore

299 2099 478 2147 Graeco
503 2101 652 2157 fuere,
678 2100 741 2148 de
774 2099 831 2147 iis
857 2100 1059 2147 omnino
1085 2100 1223 2148 silet:
1263 2100 1392 2147 malo
1418 2117 1537 2147 sane
1575 2102 1734 2148 consi-

296 2176 380 2233 lio,
406 2184 456 2224 et
490 2177 570 2224 cui
601 2177 730 2240 apud
772 2176 1006 2224 lectorem
1033 2176 1249 2224 veritatis
1286 2177 1561 2224 studiosum
1598 2177 1735 2224 nulla

297 2254 455 2316 possit
477 2270 585 2301 esse
608 2253 765 2301 venia.

362 2329 545 2394 Neque
576 2329 707 2377 enirn
730 2330 825 2377 hoc
850 2329 1025 2377 saltem
1062 2329 1159 2377 dici
1181 2336 1364 2393 posset,
1387 2345 1574 2376 errasse
1600 2346 1728 2386 eum,

297 2412 347 2453 et
368 2405 735 2468 imprudentem
771 2406 966 2454 fecisse.
1041 2407 1294 2470 Siquidem
1320 2406 1540 2470 quisquis
1577 2405 1732 2468 Poly-

296 2480 431 2528 bium
468 2498 580 2528 cum
604 2496 663 2528 eo
692 2482 974 2538 contulerit,
999 2498 1103 2530 non
1138 2482 1315 2545 poterit
1351 2481 1578 2528 dubitare
1608 2482 1731 2545 quin

298 2574 358 2605 ea
381 2556 547 2604 omnia
565 2574 674 2620 quae
699 2558 893 2605 disserit
917 2565 1088 2605 noster
1112 2558 1174 2605 de
1198 2557 1385 2604 Lutatii
1411 2566 1459 2605 et
1478 2558 1730 2605 Asdruba-

296 2633 355 2680 lis
390 2633 587 2689 foedere,
625 2649 652 2679 e
687 2632 925 2695 scriptore
960 2633 1139 2681 Graeco
1174 2633 1503 2696 exscripserit,
1541 2640 1591 2681 et
1624 2650 1728 2680 ver-

296 2709 413 2758 bum
453 2707 601 2757 verbo
641 2726 766 2773 pene
805 2709 1092 2761 reddiderit.
1174 2708 1363 2772 Fugere
1403 2710 1550 2773 igitur
1587 2709 1726 2759 illum
