1805 3174
539 99 986 149 PRAEFA'rlo.
1434 100 1481 145 ix

45 242 250 289 modum
288 240 626 304 pronunciatae
668 247 797 296 sunt,
828 238 1057 287 alicunde
1095 236 1331 292 nancisci,
1362 239 1481 285 nihil

44 319 249 367 dubium
275 334 383 366 esse
407 324 585 381 potest,
613 318 733 381 quin
758 318 853 365 illae
879 316 1091 364 totidem
1121 314 1280 362 verbis
1308 314 1483 362 lectori

43 397 311 444 reddendae
338 396 451 455 sint,
475 412 636 460 neque
660 396 710 444 in
736 396 953 460 ipsarum
978 395 1146 442 locum
1173 393 1391 440 ludentis
1416 394 1484 440 in-

41 474 173 536 genii
198 476 346 522 foetus
371 475 705 537 supponendi.
751 475 926 538 ltaque
945 489 1045 520 non
1062 470 1355 534 negabimus
1371 488 1483 534 pec-

41 568 183 599 casse
217 552 462 608 Tacitum,
489 552 573 616 qui
609 552 659 599 in
695 553 727 600 l.
764 551 859 601 XI.
883 551 1019 597 Ann.
1052 567 1096 597 c.
1122 554 1202 596 24.
1270 548 1483 596 Claudio

41 627 333 691 Imperatori
359 629 570 676 alienam
607 637 656 677 et
679 629 901 677 fictitiam
937 627 1158 674 tribuerit
1189 625 1481 681 orationem,

40 722 190 770 quum
217 722 333 754 vera
357 713 590 763 exstaret,
618 707 761 768 cujus
793 705 1058 753 etiamnum
1094 705 1368 766 fragmenta
1401 702 1484 749 ha-

39 784 232 833 bemus.
303 784 405 832 Sed
438 783 479 831 si
515 800 737 832 verarum
774 783 923 845 copia
954 798 1058 829 non
1093 782 1169 837 sit,
1200 796 1301 828 non
1334 779 1481 828 video
1497 789 1680 839 Lips.‹30m-

40 878 175 917 sane,
201 878 289 910 cur
313 868 506 910 vetetur
527 861 568 909 is
593 861 675 926 qui
699 860 952 908 historiam
979 858 1164 915 scribit,
1190 874 1307 906 suas
1331 864 1381 905 et
1417 858 1478 905 ad
1493 839 1589 908 ’Τξὲῖ
1605 844 1637 864 ¹¹¹

39 939 376 988 excolendum
401 938 637 997 animum,
657 948 705 986 et
729 938 791 985 ad
819 937 1099 985 acuendum
1122 935 1371 998 ingenium
1397 951 1482 982 sae-

40 1033 102 1081 pe
138 1019 425 1080 profuturas
464 1017 712 1064 orationes
745 1005 920 1062 offerre
955 1012 1142 1072 lectori,
1177 1028 1330 1076 quum
1362 1028 1485 1075 prae-

39 1096 207 1142 sertim
228 1100 278 1142 et
301 1094 351 1141 in
376 1111 460 1141 eas
482 1092 662 1154 conjici
682 1091 951 1140 commode
971 1090 1163 1153 possint
1181 1089 1487 1152 sapientissi-

39 1189 120 1220 ma
149 1173 379 1237 quaedam
413 1172 601 1219 monita
624 1187 681 1218 ac
716 1175 966 1233 praecepta
997 1184 1058 1215 ex
1082 1166 1203 1231 ipsis
1238 1168 1484 1214 factorum

38 1249 311 1297 visceribus
352 1248 622 1304 nascentia,
667 1264 777 1312 quae
812 1254 978 1294 tamen
1015 1245 1145 1292 inter
1184 1244 1485 1291 narrandum

40 1335 260 1375 attexere
285 1326 487 1374 minime
518 1327 780 1383 decuerat3
817 1332 865 1372 et
892 1322 1105 1386 ingenia,
1135 1337 1312 1380 moreS,
1337 1320 1485 1367 animi

39 1405 226 1452 ducum
258 1421 315 1452 ac
347 1403 643 1466 populorum
674 1402 874 1465 propius
906 1401 969 1448 ad
1006 1406 1195 1447 naturae
1230 1398 1483 1446 veritatem

38 1480 271 1545 exprimi3
307 1488 356 1528 et
384 1496 497 1528 vero
533 1496 698 1527 causae
728 1479 824 1526 illae
848 1478 1025 1542 quibus
1055 1477 1299 1524 bellorum
1333 1476 1484 1538 origo,

39 1565 91 1606 et
136 1557 438 1607 celeberrimi
478 1557 661 1622 quique
705 1565 908 1604 eventus
957 1555 1288 1610 continentur,
1337 1562 1486 1618 atque

39 1635 187 1684 etiam
221 1635 428 1683 consilia
464 1652 527 1683 ex
565 1635 743 1700 quibus
772 1635 903 1682 facta
935 1633 1140 1690 fluxere,
1166 1631 1364 1680 liberius
1400 1648 1485 1679 co-

37 1712 321 1777 piosiusque
367 1712 581 1760 tractari.
651 1712 737 1759 Ad
784 1712 889 1759 haec
927 1718 1002 1759 tot
1043 1710 1313 1758 commoda
1357 1710 1484 1757 illud

37 1805 235 1854 quoque
277 1789 490 1846 accedit,
536 1789 669 1853 quod
707 1788 757 1835 in
796 1788 974 1835 iisdem
1010 1788 1150 1835 velut
1188 1787 1238 1834 in
1279 1782 1484 1836 amoenis

38 1865 338 1930 quibusdam
362 1865 680 1922 diverticulis,
699 1875 933 1929 perpetua
947 1863 1228 1912 narratione
1248 1865 1483 1928 defatiga-

38 1949 118 1991 tus
140 1942 390 1992 interdum
414 1943 613 1992 lectoris
633 1943 828 1991 animus
845 1942 1140 1991 suavissime
1156 1943 1480 2007 conquiescit.

103 2020 167 2069 Id
191 2027 384 2068 tantum
406 2022 683 2070 cavendum
702 2028 778 2069 est
801 2021 989 2077 lectori,
1006 2037 1068 2068 ne
1092 2038 1153 2068 ex
1173 2020 1481 2068 orationibus

36 2098 171 2146 facta
203 2115 256 2146 se
290 2098 481 2147 sincera
510 2108 559 2147 et
592 2099 878 2163 incorrupta
911 2098 1105 2146 haurire
1136 2115 1286 2162 posse
1318 2098 1483 2146 existi-

38 2182 152 2234 met,
178 2193 286 2240 quae
311 2175 361 2224 in
384 2177 442 2225 iis
467 2177 515 2224 in
540 2178 695 2240 majus
721 2185 883 2233 aucta,
905 2177 980 2224 vel
1005 2183 1278 2224 extenuata
1300 2176 1478 2232 verbis,

39 2253 103 2300 ad
143 2254 377 2301 invidiam
425 2256 693 2317 gratiamve
740 2257 1016 2311 decurtata,
1059 2255 1330 2317 depravata
1376 2254 1479 2317 ple-

37 2347 240 2395 rumque
282 2331 601 2395 reperiuntur.
673 2332 940 2380 Orationes
985 2347 1087 2379 non
1132 2338 1369 2394 tanquam
1414 2347 1477 2377 ex

38 2409 289 2472 scriptoris
325 2424 539 2472 persona
574 2408 733 2472 accipi
762 2409 961 2464 debent,
986 2408 1077 2456 sed
1101 2424 1164 2455 ex
1194 2407 1320 2468 erS‚
1348 2406 1478 2470 quis-

37 2485 146 2550 quis
181 2485 264 2534 ille
300 2493 390 2546 est,
422 2503 569 2552 quem
600 2486 811 2550 scriptor
842 2487 1124 2551 loquentem
1164 2485 1293 2534 facit.
1363 2484 1479 2547 Ipse

38 2562 301 2611 narrationi
326 2566 492 2624 fidem,
511 2565 812 2613 orationibus
832 2572 1061 2627 praestare
1080 2563 1226 2610 debet
1243 2563 1475 2624 eloquen-

37 2640 174 2688 tiam.
244 2640 297 2688 Si
321 2642 522 2704 quando
546 2650 710 2689 tamen
729 2641 822 2688 hac
841 2641 1064 2688 libertate
1088 2639 1225 2687 abuti
1245 2638 1377 2685 visus
1398 2643 1474 2683 est

39 2715 227 2773 Livius,
254 2716 305 2763 id
331 2717 589 2766 observare
611 2718 661 2765 in
685 2718 815 2766 notis
841 2734 944 2766 non
967 2717 1294 2780 negleximus.

104 2792 176 2840 At
214 2793 343 2840 enim
381 2794 463 2856 qui
496 2795 708 2843 directas
746 2794 1012 2842 conciones
1049 2792 1182 2856 operi
1221 2808 1310 2840 suo
1345 2791 1470 2839 inse-
