1831 3174
80 270 120 300 A.

87 1427 170 1457 Areo
191 1426 287 1457 Calli-

86 1470 163 1500 crati
180 1481 225 1500 re-

86 1513 226 1554 spondet.

102 226 259 300 hgfflss.
296 215 466 257 Grcecia
492 215 708 266 habuisset,
732 230 849 270 quam
875 217 980 257 Asia
1005 215 1152 258 Gallos
1180 215 1344 256 habeat.

294 105 345 145 26
821 105 968 145 T1T1
1014 104 1190 145 LIVII

1404 215 1474 255 Ea
1493 228 1562 268 spe
1582 214 1723 268 depul-

188 269 261 300 174.
293 288 370 323 sus,
401 288 480 314 non
515 280 648 314 tamen
680 274 776 314 belli
805 275 978 315 consilia
1007 275 1172 315 omisit.-
1205 274 1335 321 immo,
1357 273 1394 313 si
1423 286 1519 312 vera
1549 272 1723 312 volumus

294 333 439 380 dicere,
448 331 543 385 jam
574 332 778 371 inchoavit
806 331 962 372 bellum.
1024 331 1246 384 Dolopiam
1277 331 1403 371 armis
1430 329 1598 383 subegit,
1619 328 1722 368 9nec

286 389 516 442 provinciis
545 389 594 428 de
622 389 886 428 controversis
913 389 970 428 ad
999 389 1328 440 disceptationem
1352 389 1545 440 populum
1572 386 1725 426 Roma-

295 461 386 486 num
397 453 421 468 '¹¹
449 446 618 486 adivitn.
652 446 759 495 inde,
789 452 1062 499 transgressus
1085 446 1236 494 OEtam,
1259 452 1303 485 ut
1330 451 1492 497 repente
1522 445 1566 484 in
1594 443 1726 483 medio

294 503 481 543 umbilico
505 503 678 542 Groecioe
697 504 1004 556 conspiceretur,
1026 503 1209 555 Delphos
1228 503 1451 543 adscendit.
1481 502 1591 541 Haec
1610 514 1726 540 usur-

292 562 411 614 patio
432 561 594 600 itineris
617 561 774 600 insoliti
794 574 871 614 quo
892 560 1002 601 vobis
1019 566 1202 613 spectare
1222 561 1382 600 videtur
1395 563 1416 598 ?
1472 559 1725 600 Thessaliam

297 619 442 658 deinde
454 618 715 670 peragravit.
748 619 855 671 quod
872 618 960 659 sine
979 618 1102 658 ullius
1120 631 1270 667 eorum,
1292 631 1387 670 quos
1409 618 1563 665 oderat,
1584 615 1726 665 nooeia,

296 676 369 716 hoc
388 676 519 729 magis
537 676 800 715 tentationem
821 681 965 717 metuo.
1024 675 1128 716 Inde
1147 676 1291 715 literas
1311 676 1368 714 ad
1396 689 1467 715 nos
1487 688 1571 714 cum
1592 687 1727 713 mune-

297 734 357 773 ris
385 733 515 785 specie
543 732 666 781 misit,
689 739 728 773 et
752 734 932 786 cogitare
949 732 1081 786 jubet,
1105 747 1182 786 quo
1211 734 1326 772 modo
1356 733 1398 772 in
1430 733 1626 785 reliquum
1657 731 1730 770 hoc

298 804 458 830 munere
487 803 568 829 non
597 804 805 843 egeamus;
839 790 913 830 hoc
941 796 1011 839 est,
1035 796 1078 831 ut
1099 792 1310 837 decretum,
1333 804 1409 843 quo
1437 795 1628 829 arcentur
1646 789 1729 828 Pe-

297 849 512 900 loponneso
530 846 789 896 Macedones,
808 848 995 887 tollamus
1005 870 1018 893 ;
1041 861 1179 888 rursus
1198 849 1351 901 legatos
1371 848 1518 901 regios,
1535 852 1574 886 et
1594 845 1731 898 hospi-

297 905 359 944 tia
380 919 464 944 cum
489 904 759 957 principibus,
783 911 822 944 et
842 919 931 944 mox*
951 905 1220 944 Macedonum
1253 906 1462 952 exercitus,
1485 905 1612 956 ipsum
1634 916 1730 956 quo-

297 976 372 1014 que
395 977 422 1001 a
447 962 622 1014 Delphis
644 964 852 1015 (quantum
878 963 983 1001 enim
1015 962 1200 1002 interluit
1213 962 1373 1015 fretum
1390 962 1431 1011 Ρ)
1462 960 1732 1014 trajicientem

297 1021 342 1059 in
375 1020 692 1071 Peloponnesum
729 1020 945 1067 videamus,
975 1018 1008 1042 ¹⁰
1022 1020 1302 1060 inmisceamur
1332 1017 1626 1058 Macedonibus
1660 1031 1732 1056 ar-

297 1077 498 1117 mantibus
517 1091 557 1117 se
577 1078 768 1116 adversus
788 1077 1007 1117 Romanos.
1068 1077 1161 1130 Ego
1181 1077 1289 1116 nihil
1318 1077 1414 1116 novi
1442 1090 1578 1116 censeo
1598 1076 1732 1115 decer-

298 1135 484 1182 nendum,
499 1135 777 1187 servandaque
792 1135 928 1174 omnia
949 1135 1124 1189 integra,
1148 1134 1178 1157 ¹¹
1193 1135 1316 1174 donec
1336 1135 1392 1173 acl
1406 1141 1552 1173 certum
1570 1133 1732 1186 diriga-

298 1198 402 1241 tur0,
428 1206 604 1232 vanusne
624 1192 689 1231 hic
709 1192 831 1231 timor
851 1198 998 1242 noster,
1020 1206 1075 1231 an
1097 1206 1211 1232 verus
1214 1191 1369 1245 fuerit.
1431 1192 1477 1232 Si
1491 1205 1581 1243 pax
1601 1190 1734 1230 invio-

297 1250 387 1288 lata
410 1250 518 1289 inter
539 1248 791 1289 Macedonas
812 1249 1096 1303 Romanosque
1115 1249 1304 1296 manebit,
1324 1248 1437 1289 nobis
1457 1262 1610 1302 quoque
1630 1247 1733 1286 ami-

298 1307 400 1346 citia
431 1313 470 1346 et
499 1307 768 1346 commercium
790 1307 865 1347 sit:
898 1320 1002 1346 nunc
1033 1308 1082 1347 de
1111 1321 1156 1347 eo
1186 1307 1367 1360 cogitare
1394 1306 1663 1359 periculosum
1693 1310 1733 1345 et

301 1365 545 1404 inmaturum
567 1365 739 1404 videtur.

360 1421 537 1461 XXIV.
572 1422 674 1461 Post
714 1421 826 1461 hunc
857 1422 986 1469 Areo,
1018 1420 1148 1461 frater
1182 1420 1397 1461 Xenarchi
1434 1420 1640 1476 praetoris,
1671 1419 1733 1460 ita

300 1478 521 1518 disseruit:
557 1478 782 1533 Difficilem
814 1479 1038 1518 orationem
1062 1479 1317 1524 Callicrates,
1342 1484 1379 1517 et
1409 1479 1522 1525 mihi,
1546 1483 1584 1517 et
1605 1477 1734 1516 omni-

301 1535 383 1584 bns,
406 1536 478 1589 qui
497 1535 548 1574 ab
570 1550 614 1575 eo
636 1536 900 1581 dissentimus,
908 1535 1019 1588 fecit
1034 1553 1046 1574 .·
1079 1536 1237 1589 agendo
1265 1535 1369 1574 enim
1392 1535 1592 1574 Romanae
1610 1534 1736 1575 socie-

301 1594 402 1633 tatis
421 1607 600 1632 caussam
622 1593 720 1645 ipse,
739 1594 971 1645 tentarique
991 1599 1029 1632 et
1045 1592 1274 1645 obpugnari
1289 1593 1471 1640 dicendo,
1490 1606 1607 1645 quam
1625 1605 1737 1632 nemo

301 1664 429 1703 neque
457 1656 602 1698 tentat,
625 1664 751 1703 neque
771 1650 992 1702 obpugnat,
1014 1649 1156 1704 efficit,
1180 1656 1236 1697 ut,
1259 1650 1330 1702 qui
1356 1649 1407 1688 ab
1427 1664 1467 1689 se
1488 1650 1736 1698 dissentiret,

302 1709 493 1748 adversus
532 1707 739 1747 Romanos
780 1708 914 1746 dicere
953 1707 1170 1746 videretur.
1233 1706 1295 1746 Ac
1331 1707 1509 1759 primum
1548 1707 1735 1756 omnium,

301 1771 507 1818 tamquam
538 1778 618 1803 non
648 1765 715 1804 hic
746 1764 945 1804 nobiscum
961 1764 1133 1817 ficisset,
1167 1765 1237 1804 sed
1265 1771 1336 1804 aut
1365 1779 1415 1803 ex
1443 1764 1558 1803 curia
1586 1764 1738 1816 populi

305 1822 486 1862 Romani
515 1823 681 1867 veniret,
705 1827 777 1861 aut
806 1836 941 1875 regum
973 1823 1139 1861 arcanis
1173 1823 1393 1868 interesset,
1426 1823 1562 1861 omnia
1594 1822 1669 1861 scit
1699 1827 1738 1861 et

302 1880 484 1923 nunciat,
509 1893 597 1932 quae
617 1880 765 1918 occulte
768 1879 896 1932 facta
916 1886 1024 1920 sunt.
1084 1878 1117 1902 ¹²
1131 1879 1313 1919 Divinat
1333 1880 1467 1927 etiam,
1486 1879 1737 1932 quaefutura

286 1936 482 1990 =fuerant,
505 1938 542 1976 si
571 1937 794 1988 Philippus
824 1937 1011 1977 vixisset:
1043 1937 1142 1989 quid
1171 1937 1232 1976 ita
1263 1938 1435 1977 Perseus
1465 1937 1582 1990 regni
1611 1935 1739 1976 ha’res

303 1994 370 2042 sit,
393 1994 493 2047 quid
511 1999 666 2046 parent
689 1993 949 2040 stlacedones,
973 1995 1073 2047 quid
1091 1995 1267 2047 cogitent
1288 1994 1481 2033 Romani.
1543 1993 1631 2034 Nos
1661 2008 1736 2033 au-

303 2057 393 2099 tem,
427 2052 509 2104 qui,
542 2065 611 2091 nec
642 2051 690 2090 ob
725 2065 843 2104 quam
873 2066 1066 2099 caussam,
1100 2066 1170 2091 nec
1205 2052 1530 2105 quemadmodum
1558 2051 1739 2104 perierit

304 2109 552 2156 Demetrius,
584 2109 725 2149 scimus
733 2132 747 2155 ,·
782 2122 852 2148 nec
882 2110 983 2162 quid
1017 2109 1247 2162 Philippus,
1280 2109 1316 2149 si
1351 2109 1528 2156 vixisset,
1542 2109 1741 2160 facturus

286 2165 477 2218 ficei-cett,
500 2167 558 2205 ad
575 2166 672 2214 haec,
694 2180 784 2219 qua?
808 2168 951 2218 palam
976 2173 1189 2220 geruntur,
1212 2167 1383 2207 consilia
1414 2172 1555 2206 nostra
1578 2166 1738 2205 adcom-

305 2224 469 2262 modare
489 2230 658 2276 oportet.
719 2222 752 2246 1⁵
760 2223 821 2264 Ac
840 2225 994 2273 scimus,
1022 2225 1187 2272 Persea,
1210 2238 1334 2278 regno
1355 2229 1529 2276 accepto,
1552 2224 1609 2262 ad
1627 2223 1740 2276 lega-

349 2298 375 2314 m
397 2296 496 2334 populi
513 2296 638 2325 Romani
654 2296 753 2327 Gron-

883 2300 900 2317 ‘1
924 2308 975 2327 nee
990 2303 1174 2336 provocantes
1188 2298 1223 2327 de
1238 2297 1436 2326 controversiis
1451 2297 1489 2325 ad
1504 2296 1738 2334 disceptatlonem

303 2339 403 2378 populi
421 2339 546 2368 Romani
561 2341 684 2369 audivit.
702 2340 794 2370 Crev.

881 2344 898 2361 ⁰
913 2342 1068 2381 redigatur
1084 2340 1164 2370 Ead.
1252 2339 1377 2380 Pfuerit
1394 2339 1491 2370 Gron.
1510 2338 1602 2369 Crev-

351 2397 371 2426 9
404 2396 466 2426 Nec
496 2397 697 2437 provocantes]
735 2397 864 2438 Supple‚
900 2397 998 2428 Dolo-
1043 2397 1094 2427 hic
1142 2398 1180 2426 ad
1220 2403 1332 2427 certum
1376 2397 1536 2437 dirigatur.

308 2449 376 2480 pas.
422 2439 526 2480 Vulgo
541 2439 592 2469 hic
612 2439 744 2469 habetur
762 2451 812 2469 nec
834 2442 999 2479 provinciis.
1046 2439 1234 2471 Gronovius.

1597 2396 1739 2427 Correxit

310 2482 508 2512 Probabilem
539 2481 689 2512 Gronovii
724 2483 935 2523 conjecturam
969 2483 1002 2513 in

310 2531 428 2555 textum
457 2524 574 2566 recepit
603 2525 754 2561 Clericus,
779 2536 836 2556 nec
868 2537 923 2556 nos
949 2537 1002 2556 ex-

310 2568 432 2598 turbare
448 2567 659 2598 sustinuimus.

356 2611 395 2640 lO
418 2610 650 2650 Immisceamnr]
691 2611 742 2641 Sic
783 2611 870 2641 dedit
914 2612 1002 2652 Sigo-

308 2653 379 2684 nius
394 2664 449 2696 pro
466 2655 668 2683 immiscemur.

356 2698 391 2726 ll
419 2697 519 2726 Donec
541 2698 579 2726 acl
601 2703 710 2725 certum
735 2697 905 2737 redigatur]
935 2696 1002 2726 Do-

311 2749 369 2769 nec
397 2744 515 2770 certum
545 2739 610 2774 fiat,
634 2739 732 2769 donec
762 2745 845 2769 certo
876 2738 1002 2769 sciatur.

311 2781 364 2811 Sic
384 2782 407 2812 l.
424 2783 543 2812 XLIV.
562 2793 588 2813 c.
610 2783 660 2812 15.
687 2783 733 2817 El,
758 2784 780 2810 si
804 2783 833 2811 id
856 2788 923 2811 ante
945 2784 1000 2811 dn-

313 2826 388 2853 bium
419 2824 539 2864 fnisset,
571 2826 728 2866 legatorum
753 2847 760 2855 .
788 2848 795 2855 .
821 2847 828 2854 .
855 2826 934 2854 rerba
964 2827 1002 2853 ad

312 2873 424 2897 act-cum
459 2870 608 2909 redegisse.
662 2869 805 2899 (lelelum
842 2867 1002 2909 legebatur

1090 2484 1128 2513 12
1156 2483 1278 2512 DIvinat
1308 2484 1394 2511 etiam
1424 2492 1490 2521 quoe
1515 2480 1633 2521 futura
1659 2481 1735 2522 fime-

1045 2526 1130 2566 rant]
1157 2526 1227 2555 Hoc
1249 2530 1350 2555 mutat
1374 2524 1561 2559 Gronovius,
1585 2529 1736 2565 tanquam

1046 2568 1259 2609 grammaticae
1289 2568 1410 2608 legibus
1443 2568 1605 2602 absonum,
1631 2567 1737 2609 jubet-

1047 2622 1107 2651 que
1134 2611 1240 2652 reponi
1257 2611 1393 2651 suerint.
1438 2609 1499 2640 Sed
1526 2609 1681 2640 sexcentis
1706 2610 1738 2640 in

1047 2653 1123 2684 locis
1153 2664 1248 2694 quum
1284 2653 1377 2689 Livii,
1406 2658 1473 2682 tum
1506 2652 1739 2693 probatissimo-

1047 2707 1114 2726 rum
1136 2696 1330 2738 scriptorum,
1355 2695 1489 2737 reperire
1512 2695 1604 2726 facile
1627 2703 1674 2727 est
1696 2695 1737 2726 si-

1047 2739 1167 2769 milium
1213 2739 1403 2769 locutionum
1448 2738 1600 2780 exempla.
1660 2738 1737 2770 Vid.

1048 2782 1170 2812 Novam
1189 2781 1375 2812 Methodum
1392 2781 1509 2821 linguae
1527 2782 1660 2812 Latinae.

1092 2826 1129 2854 13
1154 2825 1195 2854 iic
1227 2826 1331 2854 scimus
1362 2825 1465 2853 Persea

1488 2846 1496 2854 .
1516 2848 1521 2853 .
1542 2847 1548 2855 .
1565 2826 1604 2854 ad.
1633 2826 1739 2865 legatas

1048 2867 1189 2897 Rtwumas
1235 2869 1346 2903 veniae,

1392 2878 1425 2896 ac
1477 2878 1569 2908 regem
1616 2867 1737 2906 Persea]
