1831 3174
530 83 650 120 LIB.
679 84 789 122 XLI.
835 85 963 123 CAP.
995 87 1067 125 lx.

1457 98 1499 130 ll

89 197 218 231 matas
252 205 349 232 esse.
426 191 541 232 Inter
576 191 679 242 haec,
715 208 810 248 quae
850 195 1170 247 nunciabantur,
1213 198 1339 254 lupus
1379 200 1501 242 etiam
1520 211 1698 244 U.c.575.

89 247 236 288 Romae
269 246 447 288 interdiu
480 247 676 302 agitatus,
709 265 840 304 quum
864 252 1027 293 Collina
1050 261 1172 309 porta
1203 254 1409 307 intrasset,
1432 273 1504 313 per
1518 254 1608 286 A·C·
1625 255 1693 285 177.

88 304 346 358 Esquilinam
379 318 528 358 magno
555 307 878 348 consectantium
912 310 1098 351 tumultu
1130 311 1270 352 evasit.
1345 315 1504 355 Eorum

85 361 368 416 prodigiorum
415 358 558 402 caussa
597 363 784 404 consules
824 365 998 420 majores
1032 367 1187 408 hostias
1236 369 1503 421 inmolarunt,

86 425 127 457 et
149 417 254 458 diem
277 432 405 457 unum
427 417 535 458 circa
565 419 703 460 omnia
734 420 969 475 pulvinaria
1001 424 1248 479 supplicatio
1277 426 1372 467 fuit.
1436 429 1506 468 Sa„

86 472 245 514 orificiis
278 473 356 514 rite
390 475 597 529 perfectiS,
626 477 856 532 provincias
892 480 1025 521 sortiti
1061 489 1181 522 sunt:
1231 483 1408 526 Claudio
1446 485 1506 525 Is-

87 529 178 579 tria,
203 530 443 586 Sempronio
467 532 655 573 Sardinia
686 534 866 576 obvenit.
927 535 960 559 ‘²³
976 537 1133 592 Legem
1165 538 1283 579 deinp
1315 540 1366 581 de
1389 541 1506 582 sociis
1522 556 1581 585 Lex
1598 556 1635 587 de
1659 558 1720 587 11:2-

87 586 134 626 C.
153 586 355 628 Claudius
388 587 485 629 tulit
507 591 877 642 senatusconsulto,
900 601 940 634 et
968 593 1122 635 edixit:
1167 597 1234 648 qui
1252 598 1347 636 socii
1367 613 1415 637 ac
1435 612 1505 638 no-
1519 599 1601 629 unis.

80 643 201 683 minis
235 643 388 694 Latini,
421 646 499 698 ipsi
528 646 744 701 majoresve
774 663 918 699 eorum,
951 651 1017 691 M.
1037 653 1222 701 Claudio,
1252 654 1301 695 T.
1322 654 1508 702 Quinctio

78 701 313 751 censoribus,
328 708 498 755 postque
517 718 581 754 ea,
602 706 714 757 apud
729 707 854 746 socios
875 709 1049 748 nominis
1080 709 1224 749 Latini
1244 713 1348 752 censi
1367 720 1507 766 essent,

79 762 122 796 ut
141 771 270 798 omnes
290 760 331 799 in
351 773 460 799 suam
481 762 644 814 quisque
662 763 862 804 civitatem
883 771 978 804 ante
1005 766 1215 807 Kalendas
1245 768 1507 810 Novembresq

80 815 268 855 redirent.
327 816 528 868 Quaestio,
550 818 622 874 qui
656 818 714 860 ita
745 835 825 861 non
858 821 1072 873 redissent,
1097 824 1146 863 L.
1168 825 1376 866 Mummio
1403 842 1508 882 prae-

81 871 158 911 tori
194 871 360 913 decreta
393 882 466 914 est.
503 875 557 915 ad
592 876 723 930 legem
759 885 799 918 et
827 877 1009 919 edictum
1041 881 1219 922 consulis
1246 892 1508 925 senatuscon-

81 927 235 968 sultum
271 929 480 985 adjectum
509 941 593 973 est:
642 932 736 983 Μαί,
761 936 952 986 dictator,
975 938 1120 986 consul,
1145 940 1336 987 interrex,
1359 955 1505 990 censor,

71 991 240 1036 praetor,
264 989 332 1039 qui
365 997 492 1027 nuncr
522 996 634 1037 esset,
657 993 770 1043 apud
803 1003 956 1032 εωνηφη5
991 1000 1123 1047 quem‘
1154 998 1505 1046 manumitteretur,

78 1041 118 1080 in
154 1042 376 1084 libertatem
416 1046 703 1095 vindicaretur,
743 1054 785 1087 ut
810 1048 1096 1102 jusjurandum
1139 1053 1270 1102 daret,
1312 1056 1383 1107 qui
1423 1070 1508 1095 eum

76 1101 383 1149 manumitteret,
418 1103 596 1144 civitatis
635 1107 838 1145 mularzdoe
870 1121 1009 1147 caussa
1050 1122 1170 1148 manu
1206 1124 1285 1149 non
1325 1112 1506 1152 mittere:

77 1155 149 1210 qui
182 1155 224 1196 id
257 1172 338 1197 non
368 1159 546 1214 juraret,
583 1176 677 1201 eum
715 1163 1092 1205 manumittendum
1130 1181 1211 1206 non
1245 1178 1506 1211 censuerunt.

78 1211 109 1236 4⁵
123 1213 230 1253 Haec
266 1214 307 1254 in
340 1224 552 1270 posterum
573 1233 718 1259 caussa
753 1219 946 1275 jurisque
981 1221 1108 1262 dictio
1136 1224 1183 1264 C.
1205 1224 1383 1266 Claudio
1414 1242 1509 1267 con-

77 1268 154 1309 suli
176 1270 341 1313 decreta
361 1280 433 1313 est.

676 1378 692 1402 q
707 1374 875 1405 Novembris
890 1376 982 1407 CreV.

331 1415 340 1434 t
354 1420 422 1456 post
438 1426 519 1455 quem
536 1415 675 1447 additum
694 1417 775 1457 [qui]
796 1418 888 1451 Crev.

118 1371 133 1395 Ρ
145 1370 248 1401 deinde
263 1370 454 1412 conjunctim
470 1373 566 1403 Gron.
1093 1384 1103 1399 ¹·
1115 1384 1185 1409 tunc
1202 1380 1281 1410 Ead-

1381 1381 1507 1422 ⁵]ivrum

76 1410 93 1428 ἦ*
110 1412 129 1431 ³¹²
146 1412 243 1444 Gron.

117 1507 157 1537 43
190 1508 295 1549 Legem
317 1511 385 1540 dein
404 1512 439 1540 de
465 1513 545 1541 sociis
570 1514 607 1543 C.
620 1513 763 1544 Claudius

75 1549 144 1579 tulit
172 1554 436 1594 senatusconsultu]
471 1554 547 1583 Dein
578 1557 612 1584 de
638 1555 761 1586 divisim

75 1591 125 1621 edi
157 1593 316 1634 jussimus,
344 1595 497 1636 quomodo
534 1597 628 1627 habet
661 1598 761 1640 prima

75 1633 181 1671 editio,
191 1642 269 1667 teste
287 1638 439 1669 Hearnio.
485 1639 547 1669 Sed
563 1645 593 1670 et
609 1640 677 1681 lege
688 1652 759 1672 cum

76 1677 232 1710 Gronovio
247 1691 279 1710 ea:
304 1683 556 1712 senatusconsulto.
601 1683 652 1714 Sic
677 1685 759 1716 enim

74 1720 152 1751 solet
167 1722 283 1753 Livius.

116 1764 157 1793 44
185 1764 225 1794 Ut
246 1767 382 1803 dictator,
406 1767 520 1807 consul]
578 1768 681 1810 Vulgo
708 1769 758 1800 hic

74 1804 196 1846 legitur,
218 1808 257 1838 Ut
273 1810 398 1839 dictator
419 1831 426 1839 .
454 1833 462 1840 .
483 1817 592 1849 proetor
614 1813 663 1851 qni
678 1823 759 1842 nunc

74 1855 139 1879 esset
172 1853 251 1890 apud
277 1851 394 1893 forum,
422 1864 504 1892 quem
540 1857 757 1885 manumittere-

75 1897 135 1922 tur.
179 1892 246 1924 Nos
269 1901 528 1936 repraesentamus
542 1902 677 1928 veterem
701 1898 757 1929 hu-

69 1933 119 1974 jus
133 1934 193 1967 loci
215 1936 392 1975 lectionem,
411 1941 535 1979 qualem
559 1940 758 1977 Lambecius‚

73 1976 187 2009 citante
228 1980 377 2016 Hearnio‚
408 1981 533 2012 exhibet
566 1983 688 2014 Comm.
718 1984 757 2015 de

75 2019 222 2051 Biblioth.
250 2023 385 2054 Vindob.
417 2023 435 2053 l.
455 2025 501 2054 ΙΙ.
533 2035 559 2054 c.
577 2026 607 2056 8.
636 2037 668 2067 p.
685 2027 758 2059 495.

73 2062 284 2106 depromptam
307 2076 344 2096 ex
366 2066 457 2098 unico
484 2067 603 2105 codice,
628 2069 680 2109 qui
704 2069 757 2101 ho—

73 2105 122 2136 die
138 2106 169 2136 in
192 2108 389 2139 Bibliotheca
405 2109 550 2141 Caesarea
573 2118 758 2144 asservatur.

74 2148 113 2178 Id
143 2149 242 2180 solum
275 2151 473 2188 mutavimus,
504 2153 587 2194 quod
616 2165 671 2196 pro
708 2159 758 2196 qui

75 2202 153 2221 nunc
179 2200 243 2223 esset
271 2193 425 2225 edidimus
448 2197 497 2235 qui
527 2203 597 2226 tunc
623 2204 689 2228 esset
719 2209 756 2229 ex

72 2240 173 2265 mente
201 2236 361 2273 Gronovii,
389 2243 420 2267 et
448 2238 632 2270 inseruimus
662 2251 755 2271 vocu-

74 2275 136 2307 lam
167 2279 215 2317 qui
245 2285 316 2310 ante
345 2282 611 2313 manzmzitteretur.
670 2283 755 2315 Nam

74 2324 182 2350 ceterae
205 2322 391 2353 mutationes
417 2329 448 2354 et
469 2323 647 2355 leviusculae
671 2332 753 2364 sunt,

73 2365 104 2391 et
119 2363 253 2394 evidenti
275 2365 314 2396 de
337 2376 432 2397 causa
449 2366 516 2408 jam
531 2367 604 2399 olim
628 2368 720 2399 factae
737 2381 755 2401 a

73 2403 195 2437 Simone
219 2407 364 2449 Grynaeo,
382 2409 420 2439 ab
442 2410 646 2452 omnibusque
667 2411 754 2444 dein-

72 2457 143 2488 ceps
170 2449 337 2481 editoribus
362 2452 557 2493 approbatae:
596 2457 754 2485 manumit-

73 2494 143 2520 teret
179 2503 234 2533 pro
264 2496 478 2531 manumittere,
515 2499 665 2527 mutandoe
700 2509 754 2539 pro

73 2534 242 2571 multaudoe,
270 2539 393 2576 juraret
436 2549 490 2579 pro
526 2541 648 2577 jurare,
694 2546 755 2573 etc.

74 2574 175 2616 Hujus
194 2577 286 2618 igitur
309 2581 566 2611 senatusconsulti
582 2582 664 2613 hune
687 2593 753 2615 esse

71 2627 193 2649 sensum
223 2621 387 2659 credimus,
414 2629 448 2653 ut
475 2624 528 2664 qui
554 2626 752 2657 manumitte-

69 2665 163 2697 retur,
193 2664 241 2694 vel
272 2664 305 2695 in
338 2666 514 2696 libertatem
546 2667 755 2699 vindicaretur

72 2703 154 2743 apud
176 2705 310 2747 aliquem
332 2708 558 2749 magistratum,
582 2716 659 2752 puta
687 2711 753 2743 dic-

72 2750 212 2783 tatorem,
238 2750 288 2779 vel
313 2751 482 2788 consulem,
507 2753 556 2783 vel
583 2764 752 2791 censorem,

72 2787 121 2817 vel
162 2788 355 2832 interregem,
393 2796 442 2824 vel
482 2800 654 2836 praetorem,
699 2798 752 2839 qui

72 2835 144 2861 tunc
169 2838 259 2869 esset,
276 2834 307 2864 id
330 2841 387 2872 est,
404 2837 456 2878 qui
477 2848 603 2870 munere
619 2839 751 2871 dictato-

817 1513 872 1549 rio,
904 1514 952 1544 vel
976 1515 1142 1551 consulari,
1170 1522 1231 1547 etc.
1264 1517 1440 1559 fungeretur
1470 1532 1506 1551 eo

816 1561 953 1597 tempore
984 1569 1044 1598 quo
1075 1566 1271 1599 perageretur
1294 1562 1506 1599 manumissio,

815 1604 849 1628 ut
886 1600 923 1634 is,
952 1599 1092 1641 inquam,
1135 1602 1187 1643 qui
1225 1605 1504 1642 manumitteretur,

810 1641 1029 1682 jusjurandum
1053 1643 1152 1680 daret,
1168 1655 1229 1675 non
1251 1657 1320 1676 eam
1336 1658 1402 1678 esse
1418 1660 1504 1679 men-

813 1689 876 1714 tem
899 1686 1160 1723 manumittentis,
1183 1693 1217 1718 ut
1239 1688 1317 1730 ipse,
1340 1690 1372 1721 id
1395 1696 1452 1727 est,
1480 1692 1506 1722 is

814 1727 867 1767 qui
896 1729 1185 1767 manumittebatur‚
1213 1731 1371 1765 civitatem
1402 1740 1502 1765 muta-

813 1776 870 1800 ret.
915 1772 1211 1813 .›1pmle0›·1mzque1n
1234 1774 1317 1805 idem
1341 1782 1387 1806 est
1410 1783 1504 1818 atque

812 1815 892 1852 apud
915 1825 1012 1844 eorum
1039 1816 1174 1855 aliquem,
1199 1828 1310 1859 nempe
1337 1819 1420 1861 apud
1447 1821 1504 1851 ali-

813 1866 906 1896 quem
936 1867 1041 1888 eorum
1070 1859 1307 1900 magistratuum
1334 1862 1387 1903 qui
1417 1862 1506 1894 initio

813 1899 963 1930 nominati
994 1908 1075 1931 sunt.
1140 1903 1199 1937 Qui
1237 1910 1308 1934 tunc
1341 1912 1408 1935 esset
1437 1917 1503 1937 om-

812 1941 885 1972 nino
900 1942 1067 1983 legendum
1090 1951 1248 1986 putamus.
1292 1948 1396 1989 Hujus
1420 1950 1503 1979 enim

813 1985 893 2016 S.C.
917 1986 964 2016 vis
987 1997 1048 2018 non
1071 1987 1103 2017 in
1126 1995 1311 2029 praesentem
1334 1991 1425 2022 modo
1448 2003 1503 2022 an-

813 2037 898 2064 num,
937 2029 991 2059 sed
1026 2035 1057 2060 et
1093 2030 1126 2060 in
1163 2031 1280 2062 futuros
1316 2034 1502 2074 pertinebat.

813 2071 970 2102 Praeterea
1014 2072 1117 2103 nullus
1154 2080 1220 2104 erat
1266 2076 1388 2111 Romae,
1427 2083 1503 2109 tunc

813 2123 908 2153 quum
924 2115 956 2145 S.
968 2115 1004 2145 C.
1023 2115 1102 2146 illud
1126 2116 1262 2154 daretur,
1279 2129 1336 2149 nec
1356 2119 1501 2158 dictator,

812 2166 870 2186 nec
895 2156 1040 2194 interrex,
1059 2169 1159 2200 neque
1183 2160 1290 2197 etiam,
1312 2168 1346 2192 ut
1367 2163 1501 2201 videtur,

811 2209 928 2229 censor.
976 2201 1123 2242 Denique
1139 2202 1172 2232 id
1187 2213 1304 2234 moram
1322 2205 1422 2236 facere
1438 2217 1499 2238 non

811 2241 915 2277 debet,
941 2243 1023 2283 quod
1049 2245 1087 2274 ab
1116 2256 1151 2275 eo
1175 2246 1228 2286 qui
1259 2248 1497 2286 manumittitur,

805 2283 1024 2326 jusjurandum
1069 2286 1202 2328 exigitur
1242 2289 1280 2320 de
1326 2297 1429 2322 mente
1467 2300 1499 2324 et

809 2327 937 2358 consilio
966 2330 1225 2362 manumittentis.
1285 2333 1369 2364 Nam
1399 2334 1497 2376 primo

808 2369 852 2400 ita
867 2381 899 2401 se
915 2382 980 2401 rem
1000 2372 1145 2404 habuisse
1168 2373 1282 2405 invicte
1305 2378 1437 2417 probant
1460 2390 1497 2409 ea

809 2423 880 2453 quae
895 2413 1033 2455 proxime
1057 2422 1227 2457 sequuntur
1250 2420 1362 2450 verba:
1395 2423 1444 2460 qm·
1467 2421 1497 2452 id

808 2467 866 2485 non
885 2459 1020 2496 juraret,
1051 2470 1116 2488 eum
1145 2463 1410 2492 manumittendum
1439 2476 1495 2495 71011

807 2507 996 2530 censuerunt.
1052 2503 1127 2532 Jam
1172 2514 1255 2539 vero,
1301 2516 1396 2545 quum
1442 2506 1496 2537 illa

807 2540 901 2577 fraus,
918 2553 989 2583 quae
1004 2543 1062 2574 hoc
1079 2545 1110 2575 S.
1125 2544 1162 2576 C.
1179 2552 1316 2583 cavetur,
1333 2548 1365 2578 in
1385 2559 1494 2580 manu-

807 2584 891 2615 missi
928 2586 1083 2627 praecipue
1121 2590 1317 2620 commodum
1359 2591 1494 2627 cederet,

806 2626 859 2657 ille
874 2627 1047 2659 habebatur
1068 2630 1162 2661 totius
1182 2632 1225 2662 rei
1250 2639 1360 2674 caput:
1401 2639 1496 2675 atque

806 2669 878 2700 ideo
894 2671 933 2701 ab
949 2682 986 2702 eo
996 2672 1214 2714 jusjurandum
1229 2676 1370 2716 exigitur.

851 2713 891 2743 45
916 2714 990 2744 Hoec
1018 2738 1026 2745 .
1049 2737 1057 2744 .
1085 2738 1092 2746 .
1116 2728 1203 2747 causa
1224 2720 1361 2757 jurisque
1389 2720 1492 2762 dictio]

807 2756 951 2787 Testatur
984 2758 1182 2795 Lambecius,
1215 2760 1423 2791 commentar.
1453 2762 1492 2793 de

808 2798 959 2831 Biblioth.
989 2801 1124 2832 Vindob.
1155 2802 1176 2831 l.
1194 2803 1241 2832 ΙΙ.
1269 2813 1294 2832 c.
1309 2804 1341 2834 8.
1366 2803 1491 2836 unicum

806 2842 964 2884 exemplar
980 2843 1112 2875 habere.-
1136 2845 1198 2874 hoec
1222 2866 1230 2874 .
1246 2866 1253 2874 .
1271 2868 1281 2876 .
1304 2849 1490 2887 causajussi·
