1831 3194
452 116 565 153 LIB.
596 115 739 153 XLIV.
782 113 907 151 CAI’.
940 112 1089 151 XXIV.
1408 120 1477 153 143

65 224 119 265 ad
154 224 370 281 pecuniam
403 223 682 280 accipiendam
717 224 827 265 missi
860 232 972 273 sunt,
1003 231 1060 272 ct,
1092 230 1260 263 auctore
1298 224 1479 264 Pantau-
1494 236 1669 266 U.C.584.

65 281 157 330 cho,
179 282 252 337 qui
277 282 475 323 Rhodum
504 281 629 337 legati
651 296 746 321 cum
779 280 1084 321 Macedonibus
1114 280 1236 329 irent,
1262 280 1480 320 Parmenio
1494 279 1532 309 A.
1549 279 1670 310 (3-1θὸ-

64 346 106 379 et
139 340 312 380 Morcus
341 338 615 380 destinantur.
649 338 804 394 quibus
835 338 894 378 ita
923 337 1182 386 mandatum,
1214 336 1292 386 uti,
1318 337 1479 392 jureju-

63 396 209 445 raudo,
230 396 543 451 obsidibusque,
566 403 607 436 ct
638 395 814 451 pecunia
843 403 1026 450 accepta,
1050 402 1141 435 tum
1169 393 1338 434 demum
1362 394 1479 434 Rho-

63 451 166 493 dum
199 453 579 509 proficiscerentur:
617 454 784 493 duorum
814 452 931 492 simui
965 466 1106 507 regum
1139 452 1292 491 nomine
1321 450 1480 491 incitari

64 509 243 550 Rhodios
276 511 332 550 ad
370 509 513 550 bellum
551 510 784 550 Romanum
821 524 946 561 posse.
993 507 1223 563 adiunctam
1262 508 1478 557 civitatem,

59 581 178 619 penes
207 581 327 622 quam
358 582 479 607 unam
510 574 590 608 tum
619 567 675 608 rei
704 567 860 608 navalis
889 565 1023 619 gloria
1054 572 1162 615 esset,
1185 580 1254 606 nec
1286 572 1481 607 terranei:

64 625 166 665 mari
199 638 306 676 spem
340 624 571 665 relicturam
606 625 818 665 Romanis.
879 622 1150 664 Venientibus
1187 623 1345 679 Illyriis
1382 624 1479 663 Per-

64 696 171 731 seus,
193 682 247 722 ab
269 681 432 737 Enipeo
461 681 571 722 amni
593 697 644 723 ex
675 681 819 723 castris
840 695 936 722 cum
965 680 1077 721 omni
1098 680 1290 736 equitatu
1321 679 1480 735 profec-

63 745 147 787 tus,
169 737 223 779 ad
245 737 375 779 Dium
405 738 604 780 obcurrit.
668 739 735 780 Ibi
766 754 828 789 ea,
850 751 947 794 quae
978 742 1287 778 conveneruntn
1308 737 1481 777 circum-

61 793 155 836 fuso
195 795 358 851 agmine
393 795 585 851 equitum
624 795 759 843 facta;
802 810 908 851 quos
948 795 1090 835 adesse
1129 793 1277 834 foederi
1312 793 1481 834 sancitae

62 866 158 892 cum
196 852 350 894 Gentio
391 852 597 894 societatis
632 852 797 894 volebat
838 867 927 902 rex,
960 851 1223 907 aliquantum
1263 865 1353 891 eam
1394 865 1480 892 rem

63 916 180 950 ratus
218 909 451 951 animorum
487 909 536 951 iis
576 909 845 966 adjecturam.
888 917 930 950 ct
969 908 1135 949 obsides
1174 908 1216 948 in
1257 915 1481 963 conspectu

61 966 248 1007 omnium
283 966 370 1008 dati
410 966 677 1022 acceptique:
720 975 777 1016 et,
816 965 974 1006 Pellam
1007 965 1061 1006 ad
1094 965 1312 1005 thesauros
1346 964 1482 1020 regios

63 1022 209 1073 missis,
232 1023 305 1079 qui
335 1023 553 1079 pecuniam
578 1023 825 1079 acciperent,
848 1021 920 1077 qui
945 1021 1146 1063 Rhodum
1177 1022 1284 1062 irent
1305 1036 1401 1061 cum
1426 1021 1482 1061 Il-
1494 1027 1602 1075 Legati
1619 1028 1692 1075 Pers·

63 1079 178 1135 lyriis
207 1080 369 1135 legatiS,
403 1080 712 1121 Thessalonicae
741 1078 1014 1120 conscendere
1038 1078 1158 1134 jussi.
1222 1077 1289 1118 Ibi
1322 1077 1482 1118 Metro-
1493 1071 1693 1145 ὃῖἓὴῦἓῖῑω

63 1136 191 1177 dorus
223 1144 326 1187 erat,
362 1137 436 1192 qui
477 1152 611 1193 nuper
645 1137 698 1178 ab
733 1136 887 1177 Rhodo
919 1143 1112 1176 venerat:
1154 1124 1512 1190 auctoribusquea
1598 1125 1615 1144 ⁰
1640 1125 1694 1144 '⁰⁵’

63 1192 228 1234 Dinone
257 1201 299 1234 et
328 1193 568 1250 Polyarato,
593 1193 852 1250 principibus
881 1191 1062 1233 civitatis
1089 1191 1194 1248 ejus,
1215 1191 1480 1241 adfirmabat,

65 1249 253 1291 Rhodios
282 1258 450 1306 paratos
478 1251 534 1291 ad
562 1250 721 1292 bellum
741 1265 839 1291 esse.
870 1249 950 1290 ⁶2⁷is
980 1248 1172 1306 princeps
1198 1248 1359 1305 junctae
1384 1262 1480 1290 cum

66 1306 222 1363 Illyriis
243 1307 459 1363 legationis
480 1307 605 1349 datus
626 1316 700 1349 est.

123 1364 299 1405 XXIV.
332 1364 495 1405 Eodem
526 1372 712 1422 tempore
742 1364 796 1406 ad
818 1365 1052 1406 Eumenem
1073 1371 1114 1406 et
1144 1362 1199 1404 ad
1219 1362 1480 1405 Antiochum
1494 1371 1626 1402 Perseus

63 1420 299 1462 communia
327 1422 538 1472 mandata,
560 1437 657 1478 quae
688 1421 891 1478 subjicere
920 1420 1104 1462 conditio
1133 1435 1273 1461 rerum
1302 1427 1479 1476 poterat.
1494 1415 1667 1487 Euxxetrgem

61 1477 228 1519 Natura
247 1478 409 1519 inimica
437 1478 538 1519 inter
557 1493 600 1519 se
619 1493 701 1520 esse
722 1479 884 1519 liberam
903 1478 1100 1518 civitatem
1122 1483 1158 1517 et
1182 1491 1332 1531 regem.
1394 1476 1482 1517 Sin-
1494 1463 1590 1531 {fun}
1602 1468 1685 1531 igili-

59 1535 177 1591 gulos
220 1536 408 1588 populum
449 1535 675 1576 Romanum
715 1535 902 1591 adgredi,
944 1541 994 1584 et,
1035 1535 1141 1589 quod
1179 1533 1381 1590 indignius
1416 1534 1482 1584 sit,
1494 1543 1581 1575 citat.

61 1607 204 1647 regum
219 1593 364 1634 viribus
379 1606 494 1647 reges
508 1593 752 1648 obpugnare.
812 1592 957 1633 Attalo
978 1592 1172 1647 adjutore,
1193 1598 1349 1644 patrem
1368 1604 1484 1632 suum

60 1650 296 1702 obpressum.
357 1650 539 1690 Eumene
578 1649 810 1704 adjuvante,
846 1655 883 1690 et
922 1651 1094 1703 quadam
1131 1663 1180 1689 ex
1214 1656 1330 1701 parte
1364 1648 1485 1689 etiam

61 1707 247 1760 Philippo
284 1714 399 1760 patre
436 1721 520 1757 suo,
553 1707 790 1749 Antiochum
831 1707 1116 1764 obpugnatum.
1156 1705 1199 1746 in
1232 1720 1273 1746 se
1305 1719 1408 1746 nunc
1444 1712 1482 1745 et

63 1764 280 1804 Eumenem
307 1771 346 1805 et
376 1765 565 1806 Prusiam
594 1771 772 1806 armatos
801 1778 893 1805 esse.
953 1764 998 1806 Si
1026 1763 1283 1805 Macedoniae
1315 1777 1484 1818 regnum

61 1821 258 1862 sublatum
281 1820 406 1874 foret,
432 1822 659 1875 proximam
686 1823 827 1864 Asiam
857 1835 968 1868 esse‚·
1001 1835 1121 1875 quam
1145 1818 1241 1875 jam
1275 1835 1326 1861 er
1351 1827 1481 1873 parte,

62 1879 134 1919 sub
175 1880 302 1931 speeie
342 1880 639 1920 liberandarum
678 1879 911 1927 civitatium,
951 1892 1066 1919 suam
1094 1876 1297 1930 fecerint.-
1346 1878 1486 1918 deinde

65 1935 236 1990 Syriam.
297 1935 397 1977 Jam
425 1937 612 1977 Prusiam
633 1937 809 1978 Eumeni
839 1937 981 1977 honore
1009 1934 1202 1988 praeferri,
1221 1933 1315 1989 jam
1339 1935 1483 1974 Antio-

63 1994 177 2034 chum
211 1994 398 2035 victorem
432 1993 466 2018 2⁸
480 1994 642 2046 preemio
681 1993 771 2034 belli
811 1994 864 2034 ab
900 1993 1092 2048 AEgypto
1131 1992 1271 2034 arceri.
1330 1991 1485 2032 29Ηιῑίτ

62 2051 308 2105 cogitantem
338 2051 541 2103 providere
555 2051 747 2106 jubebat,
770 2058 812 2092 ut
832 2056 902 2092 aut
927 2051 982 2091 ad
1004 2064 1147 2103 pacem
1175 2063 1306 2091 secum
1323 2047 1484 2101 sacien-

64 2109 161 2149 dam
190 2108 435 2160 compelleret
465 2109 682 2158 Romanos,
712 2115 782 2149 aut
811 2113 1106 2161 perseverantes
1136 2107 1178 2147 in
1210 2106 1310 2147 bello
1339 2105 1485 2160 injusto

65 2179 287 2206 communes
326 2166 482 2207 duceret
520 2166 693 2206 omnium
733 2179 875 2221 regum
915 2165 1057 2206 hostes.
1118 2164 1192 2205 Ad
1222 2163 1482 2205 Antiochum

64 2231 210 2279 aperta
229 2222 426 2264 mandata
445 2230 577 2273 erant,
599 2223 654 2264 ad
675 2224 907 2264 Eumenem
928 2237 1002 2278 per
1023 2221 1201 2277 speciem
1221 2219 1482 2275 captivorum

64 2279 400 2320 redimendorum
429 2279 579 2321 missus
608 2279 772 2335 legatus
801 2287 914 2320 erat:
949 2293 1092 2319 verum
1122 2277 1349 2318 occultiora
1368 2291 1484 2332 quae-

65 2336 163 2377 dam
192 2337 439 2392 agebantur,
461 2351 558 2393 quae
588 2336 631 2377 in
660 2335 882 2392 praesentia
911 2334 1091 2376 invisum
1121 2333 1291 2390 quidem
1323 2340 1365 2374 et
1397 2348 1484 2373 sus-

66 2401 235 2450 pectum
256 2393 456 2436 Romanis
477 2395 711 2435 Eumenem
740 2392 854 2435 falsis
882 2392 1225 2449 gravioribus**.
1287 2388 1484 2432 Proditor

553 2496 569 2514 ἢ
584 2499 773 2524 convenerant
791 2493 888 2524 Gron.
904 2491 996 2523 Crev-

69 2587 189 2619 accedit
203 2588 354 2619 similibus
373 2586 605 2622 mutationibus,
621 2597 699 2628 quas
720 2588 753 2619 in
793 2589 913 2628 proemio
928 2587 1006 2623 belli,
1021 2585 1053 2616 id
1069 2590 1126 2621 est,
1142 2585 1281 2626 AEgypto.
1306 2603 1308 2605 >

69 2630 255 2672 quibusdam
273 2630 345 2662 -aliis
364 2629 440 2662 locis
461 2631 659 2666 tentavimus,
678 2636 754 2672 puta
838 2631 880 2661 29
915 2630 987 2660 Hoec
1021 2628 1211 2670 cogitantem]
1257 2626 1328 2657 Sive
1366 2627 1482 2672 Eumej

70 2673 92 2703 1.
109 2673 251 2704 XXVII.
266 2683 293 2704 c.
308 2675 339 2704 2.
354 2673 408 2704 ubi
431 2672 491 2703 vid.
506 2679 570 2704 not.
585 2674 616 2704 6.
638 2684 707 2714 quae
722 2679 756 2705 et
796 2683 880 2708 nem,
917 2672 980 2703 sive
1017 2671 1217 2702 Antiochum.
1272 2668 1395 2700 Etenim
1432 2668 1484 2697 ubi

70 2716 133 2747 alia
147 2714 258 2746 similia
271 2716 387 2747 indicat
398 2716 552 2758 exempla.
797 2726 889 2757 supra
936 2714 1081 2745 dicuntur
1128 2714 1291 2744 cammimia
1335 2712 1484 2744 mandata,

112 2759 153 2789 27
179 2758 207 2788 Is
231 2760 362 2798 princeps
384 2781 392 2789 .
412 2781 420 2790 .
443 2781 452 2789 .
474 2760 625 2801 legationis
650 2759 752 2800 datus]
797 2757 927 2799 intelligi
943 2757 1058 2788 debent
1075 2756 1195 2790 eadem,
1213 2754 1266 2784 sed
1292 2763 1427 2784 seorsum
1444 2752 1485 2783 ad

64 2801 241 2832 *Mallemus
255 2802 401 2842 legationi.
480 2810 493 2818 ⁴·
799 2802 982 2837 Eumenem,
1022 2809 1159 2831 seorsum
1202 2796 1242 2827 ad
1285 2795 1484 2829 Antiochum,

113 2845 154 2875 28
178 2845 307 2874 Proemio
338 2845 403 2874 belli
428 2845 464 2874 ab
492 2844 618 2885 AEgypto
644 2844 754 2885 arceri]
798 2843 957 2876 mandata.

71 2887 159 2928 Tolle
196 2897 266 2917 cum
303 2886 457 2917 Gronovio
493 2886 754 2928 praepositionem:
