1805 3174
533 95 995 144 PRAEFATIO.
1407 98 1486 145 xix

30 239 121 287 tor,
139 231 281 293 cujus
308 232 540 281 facinoris
560 234 691 283 ultor
705 253 815 291 esse
835 236 1105 291 delituisset,
1123 236 1231 296 ejus
1250 237 1486 283 conscius

27 309 180 357 fuisse
205 316 506 367 nosceretur,
528 318 679 376 atque
699 313 848 361 etiam
873 313 1002 361 viam
1028 313 1092 361 ad
1118 312 1167 360 id
1195 320 1482 376 perpetran-

28 388 149 435 dum
173 390 555 452 quodammodo
584 391 854 453 aperuisse.

92 465 178 513 Ab
214 467 393 514 eodem
431 467 582 515 animi
620 470 801 518 affectu
840 486 954 517 eum
989 469 1214 532 iniquum
1250 471 1402 523 fuisse
1437 470 1639 529 ins11<pivio

29 542 372 592 Romanorum
422 545 610 602 hostes,
648 563 706 594 ac
746 547 994 610 praecipue
1038 547 1233 604 Gallos,
1277 547 1482 612 quidam
1499 532 1694 606 ζῗζιηζοέζῗι

27 628 257 684 arguunt.
331 622 467 670 Inter
490 640 617 687 quos
654 623 894 684 Dujatius
921 640 1030 672 sese
1066 624 1252 688 passim
1274 624 1325 673 in
1350 617 1701 691 notisssfjss33'¹²‡{‡dvc-

25 701 206 749 Gallici
227 700 427 749 decoris
448 709 742 749 assertorem
761 718 819 749 ac
841 701 1090 749 vindicem
1109 701 1272 762 jactat
1292 719 1302 750 ε
1341 703 1483 767 quasi
1497 714 1546 776 {1¹33
1551 703 1647 777 ssjssm

26 795 142 827 vero
167 778 445 843 quidquam
472 779 536 827 ad
570 779 969 843 splendidissimi
995 780 1140 842 hujus
1177 781 1482 829 Francorum
1500 800 1608 841 Dujat.
1627 799 1658 829 in

26 857 215 922 imperii
252 858 450 906 laudem
477 859 764 906 dedecusve
784 858 1064 922 pertineant
1088 858 1363 921 priscorum
1382 859 1487 907 illo·
1499 843 1674 917 ἓῗῗὲξᾪῐ

25 951 131 983 rum
159 935 422 983 Gallorum
441 935 645 984 virtutes
670 952 727 984 ac
751 936 883 996 vitia,
902 937 1029 984 bene
1049 944 1134 984 aut
1160 954 1304 985 secus
1330 938 1485 998 facta3
1501 930 1706 962 Vnst&

24 1013 109 1077 qui
134 1030 163 1061 a
191 1013 438 1061 Romanis
469 1014 700 1078 primum,
727 1014 907 1062 deinde
940 1033 969 1062 a
1006 1015 1231 1072 Francis,
1258 1016 1486 1080 Burgun-

27 1090 279 1150 dionibus,
308 1092 488 1139 Gothis
526 1093 718 1154 domiti,
749 1093 857 1154 jam
884 1110 912 1139 a
945 1093 1113 1140 multis
1151 1094 1333 1141 seculis
1368 1095 1491 1142 nulli

26 1177 158 1229 sunt,
183 1177 232 1217 et
250 1170 300 1217 in
320 1169 596 1218 victricium
622 1170 844 1234 gentium
869 1187 1055 1218 nomen
1081 1171 1241 1228 simul,
1269 1179 1319 1218 et
1341 1171 1490 1234 leges,

24 1246 268 1305 instituta,
292 1265 555 1312 moresque
581 1249 894 1298 transierunt.
967 1249 1067 1297 Sed
1094 1249 1151 1297 iis
1183 1266 1384 1314 quoque
1411 1249 1492 1297 Li-

28 1325 136 1374 vius
159 1342 409 1390 nusquam
446 1332 596 1388 negat
621 1325 835 1373 Martios
875 1325 1067 1373 animos
1104 1326 1270 1382 fuisse,
1297 1333 1345 1373 et
1370 1328 1495 1374 sero-

29 1421 131 1461 ces,
156 1411 206 1452 et
231 1403 358 1451 inter
384 1403 605 1466 pericula
629 1402 929 1466 impavidos.
1002 1403 1192 1450 Eorum
1216 1403 1310 1450 vim
1333 1403 1491 1467 impe-

29 1493 237 1546 tumque
257 1482 521 1530 terribilem
541 1481 724 1545 ubique
744 1481 903 1529 verbis
926 1481 1133 1529 extollit.
1207 1480 1357 1534 Quod
1377 1498 1485 1530 eos·
1502 1499 1542 1530 v.
1560 1498 1612 1528 44.

29 1561 146 1608 dem
175 1577 348 1624 parum
386 1561 552 1607 firmos
579 1559 757 1607 animis
794 1559 1200 1622 corporibusque,
1231 1559 1272 1606 si
1301 1559 1485 1608 diutius

30 1638 187 1686 hostis
215 1637 481 1694 resisteret,
509 1637 658 1685 fuisse
684 1637 769 1693 ait,
793 1645 858 1694 et,
880 1638 1310 1702 quemadmodum
1335 1638 1490 1701 prima

29 1733 203 1764 eorum
229 1716 398 1780 praelia
425 1716 689 1779 plusquam
710 1716 925 1764 virorum
951 1723 1132 1775 essent,
1148 1716 1216 1763 ita
1240 1724 1489 1779 postrema
1504 1733 1542 1762 x.
1559 1732 1611 1761 28.

26 1795 188 1842 minus
213 1811 364 1859 quam
401 1794 715 1842 foeminarum
740 1812 865 1856 esse,
889 1795 940 1842 id
978 1794 1178 1858 quidem
1217 1810 1489 1842 commune

30 1872 254 1920 omnium
280 1872 633 1929 Barbarorum,
653 1872 830 1936 quales
855 1880 959 1919 tum
984 1871 1119 1920 Galli
1143 1872 1298 1928 fuere,
1318 1872 1491 1919 vitium

29 1956 119 2005 est,
145 1948 230 2012 qui
267 1949 463 1996 etiamsi
497 1948 691 2012 impetu
722 1949 902 2005 valent,
927 1965 1066 1996 mora
1103 1956 1238 1996 certe
1264 1950 1493 2013 langues-

30 2034 166 2074 cunt.
239 2025 351 2074 Nec
378 2025 626 2074 absimilia
661 2025 846 2086 Caesar,
871 2027 1049 2074 eadem
1086 2027 1235 2090 plane
1260 2044 1365 2076 non
1390 2045 1489 2077 uno
1507 2050 1585 2080 σωκ.
1602 2048 1654 2077 lib.

32 2103 145 2151 loco
178 2103 420 2165 Polybius
449 2104 513 2151 de
538 2104 699 2151 Gallis
724 2105 954 2152 tradunt:
1005 2122 1205 2169 prorsus
1241 2114 1295 2153 ut
1319 2092 1709 2165 iinme-ffil'1ff¹⁰¹’‘³¹¹⁰

29 2181 121 2228 rito
159 2180 388 2228 videatur
423 2180 645 2244 suspicio
684 2181 1046 2230 malevolentiae
1071 2183 1120 2230 in
1146 2183 1322 2232 Gallos
1349 2184 1488 2234 Livio
1504 2176 1708 2251 {''t⁰}·1¹1³['b·11·

32 2259 220 2322 affingi.

98 2337 219 2386 Non
254 2337 600 2399 negaverimus
635 2344 805 2385 tamen
841 2338 944 2386 fieri
981 2339 1218 2402 potuisse,
1256 2347 1309 2387 ut
1343 2340 1488 2387 inter·
1504 2360 1687 2403 Propensior

31 2416 152 2462 dum
179 2431 238 2463 ea
257 2416 430 2462 mallet
453 2422 625 2463 noster
651 2433 765 2464 vera
795 2433 905 2464 esse
928 2434 1038 2480 quae
1066 2418 1309 2465 Romanis
1336 2417 1486 2473 laudi,
1504 2405 1680 2477 {fflfifi'nsssssif

29 2507 179 2554 quam
199 2509 309 2555 quae
326 2492 487 2539 Gallis
508 2500 662 2541 erant.
736 2492 983 2554 Polybius
1002 2493 1180 2541 Gallos
1201 2501 1350 2558 capta
1372 2495 1489 2541 urbe
1503 2499 1678 2563 ffhfflffssn

31 2567 266 2615 Romana
289 2579 530 2618 avocatos
556 2571 620 2618 ad
648 2586 739 2618 sua
762 2571 968 2626 tuenda,
994 2573 1132 2634 quod
1152 2572 1331 2620 Veneti
1359 2573 1487 2634 ipso-
1504 2575 1593 2649 iibb
1614 2576 1685 2605 Ι-εῑ

30 2664 140 2694 rum
175 2648 297 2694 fines
333 2664 447 2695 cum
472 2647 653 2696 infesto
688 2647 911 2695 exercitu
943 2649 1151 2710 ingressi
1180 2656 1333 2704 erant,
1362 2665 1490 2710 pace

33 2742 148 2772 cum
189 2725 434 2773 Romanis
470 2726 649 2789 quibus
687 2726 1068 2774 conditionibus
1104 2727 1305 2773 voluere
1343 2727 1490 2780 facta,

32 2802 255 2866 urbeque
288 2803 486 2851 reddita
510 2803 690 2853 abiisse
722 2812 990 2853 memorat:
1029 2804 1212 2861 Livius,
1237 2820 1325 2853 eos
1351 2821 1380 2851 a
1399 2804 1491 2852 Ca·
1506 2808 1697 2882 fiLQJ'fflb

723 2896 751 2922 B
772 2888 797 2922 2
