1816 3159
301 80 420 130 lxxii
799 79 1249 130 PRAEFATIO.

298 237 441 268 mora
456 217 710 282 defatigari
730 220 996 269 noluimus.
1048 222 1180 276 Quid
1198 222 1328 269 enim
1346 221 1567 280 attineat,
1584 227 1668 268 aut
1685 237 1745 267 ea

295 298 368 346 illi
379 297 659 356 obtrudere,
677 296 858 359 quibus
876 313 976 344 non
995 305 1153 360 egeat,
1171 315 1383 362 quaeque
1399 298 1525 345 adeo
1544 303 1743 360 respuat

298 383 347 424 et
363 381 631 432 aversetur3
668 380 753 420 aut
767 390 876 421 eum
897 374 1030 421 circa
1053 374 1228 436 longas
1247 375 1465 422 detinere
1483 375 1742 422 verborum

295 454 546 515 ambages,
570 451 620 499 in
645 451 703 499 iis
728 452 873 499 rebus
897 468 1021 515 quas
1047 452 1257 500 breviter
1282 452 1491 501 indicari
1513 452 1632 500 satis
1649 451 1742 509 sit3

293 539 379 579 aut
403 547 518 577 vero
544 547 602 577 ea
626 546 815 593 ponere
840 547 951 593 quae
977 546 1094 577 mox
1119 537 1307 578 evertas
1330 548 1388 578 ac
1412 530 1643 578 refellas?

356 608 510 654 Velut
534 607 597 654 ab
622 606 742 669 ipsis
767 606 932 654 statim
956 606 1120 664 initiis,
1146 607 1228 655 lib.
1256 607 1380 654 Livii
1409 608 1449 655 I.
1478 625 1589 670 cap.
1622 613 1663 656 l.
1688 607 1739 654 in

289 686 395 733 haec
415 684 580 741 verba,
599 683 796 732 AEnean
823 723 832 732 .
864 722 874 733 .
905 723 915 732 .
942 687 995 732 in
1014 685 1243 733 Siciliam
1258 687 1497 734 delatum:
1531 686 1592 732 ab
1610 685 1741 733 Sici-

289 764 359 811 lia
392 764 541 811 classe
577 762 875 810 Laurentem
909 781 1084 828 agrum
1120 765 1339 818 tenuisse,
1381 763 1488 810 haec
1529 761 1740 810 occurrit

288 841 527 889 Gronovii
562 849 710 889 nota:
760 849 790 868 ‘⁶
817 841 939 890 Sero
965 843 1184 905 positam
1218 843 1298 890 liic
1331 843 1524 889 videtur
1558 840 1734 888 classe.

287 926 319 947 ‘⁶
348 920 483 967 Nam
512 928 560 967 et
581 921 634 966 in
671 919 1018 967 [Macedoniam
1052 920 1213 967 classe
1247 921 1392 974 venit,
1418 927 1462 967 et
1498 918 1660 965 classe
1684 919 1736 964 in

286 1005 318 1024 ‘¹
345 998 568 1046 Siciliam
592 1005 662 1045 est
685 999 886 1045 delatas.
924 997 1129 1064 Augeat
1147 999 1462 1060 suspicionem
1484 995 1660 1058 scripti
1684 995 1736 1041 in

286 1082 318 1101 ‘⁴
343 1076 514 1138 quibas
530 1075 871 1136 omnibasfere
892 1075 1054 1122 classe
1071 1075 1132 1122 ad
1152 1074 1466 1130 Laurentem,
1482 1075 1558 1121 vel
1574 1073 1735 1120 classe

285 1160 316 1179 “
343 1169 401 1199 ac
428 1152 743 1199 Laurentem.
824 1152 948 1200 Vide
972 1153 1290 1214 nmnsuerit:
1330 1153 1393 1199 ab
1419 1151 1589 1200 Sicilia
1611 1150 1736 1198 clas-

284 1238 314 1256 “
340 1246 443 1277 sem
480 1228 776 1276 Laurentem
815 1246 985 1291 agrum
1020 1230 1253 1277 tenuisse.
1327 1232 1412 1279 Sic
1448 1230 1532 1277 lib.
1561 1227 1731 1275 XXI.

282 1315 313 1333 “
341 1306 537 1354 Novem
562 1305 942 1369 quinqueremes
972 1305 1197 1368 Liparas,
1225 1313 1338 1353 octo
1374 1307 1587 1353 insulam
1612 1306 1733 1353 Vul-

282 1392 313 1410 “
341 1383 453 1431 cani
472 1390 752 1431 tenuerunt.
807 1384 924 1432 Lib.
949 1383 1220 1433 XXXII.
1243 1384 1423 1431 Utrum
1445 1383 1732 1431 Leucadem

280 1468 311 1487 “
339 1477 398 1508 ac
427 1460 586 1507 sinum
613 1459 938 1508 Ambracium
976 1460 1212 1508 onerariae
1244 1461 1535 1509 tenuissent.
1609 1461 1728 1510 Lib.

277 1546 308 1564 “
338 1537 561 1586 XLIV.
598 1536 811 1586 Postero
838 1539 920 1586 die
940 1556 1090 1602 quam
1116 1539 1308 1602 Sybota
1326 1539 1503 1587 classis
1529 1539 1732 1588 tenuit.''

277 1614 478 1663 Patrem
505 1616 691 1663 deinde
729 1617 916 1680 excipit
939 1617 1083 1674 filius,
1113 1624 1162 1665 et
1188 1617 1380 1680 prolixa
1409 1617 1728 1682 horribilique

276 1693 628 1755 disputatione,
668 1710 820 1756 quam
862 1694 1047 1742 vitandi
1087 1694 1220 1742 taedii
1260 1712 1411 1742 causa
1449 1695 1727 1743 exscribere

275 1771 673 1832 supersedemus,
694 1772 902 1834 probare
927 1772 1096 1820 nititur
1119 1773 1385 1835 legendum
1414 1790 1538 1829 esse,
1558 1773 1619 1821 ab
1646 1774 1725 1822 Si-

275 1847 393 1893 cilia
415 1864 611 1906 errasse,
638 1865 695 1895 ac
724 1849 1019 1896 Laurentem
1042 1866 1217 1914 agrum
1242 1851 1461 1898 tenuisse.

341 1924 394 1972 Si
418 1924 528 1987 quis
566 1933 730 1972 tamen
768 1925 973 1987 paulum
1010 1926 1292 1982 attenderit,
1318 1926 1464 1974 facile
1500 1926 1724 1976 animad—

274 2009 430 2049 vertet
454 2002 573 2049 nihil
598 2003 677 2050 hic
705 2003 979 2051 mutatione
1014 2003 1117 2051 ulla
1142 2019 1267 2066 opus
1293 2021 1416 2061 esse,
1441 2021 1533 2052 nec
1567 2004 1724 2054 since-

272 2096 377 2127 ram
403 2080 556 2127 modo
582 2097 692 2127 esse
720 2080 1042 2143 scripturam,
1069 2080 1155 2128 sed
1184 2097 1382 2128 sensum
1408 2081 1723 2145 perspicuum

271 2166 320 2206 et
342 2158 649 2221 expeditum.
723 2157 871 2211 Quod
897 2156 1100 2221 quidem
1136 2174 1229 2204 nos
1260 2158 1394 2205 brevi
1420 2158 1512 2206 hac
1547 2158 1722 2206 notula

271 2235 643 2282 demonstrasse
666 2233 983 2289 confidimus,
1000 2233 1050 2281 in
1075 2250 1176 2297 qua
1200 2250 1313 2281 cum
1341 2235 1433 2283 levi
1451 2236 1722 2283 Gronovia-

268 2328 445 2359 narum
481 2311 877 2372 conjecturarum
913 2310 1179 2367 mentione,
1205 2319 1259 2359 ut
1293 2329 1378 2360 eas
1414 2329 1567 2361 causa
1602 2331 1718 2377 cog-

268 2388 374 2435 nita
395 2389 608 2450 rejectas
634 2406 662 2435 a
686 2389 829 2436 nobis
860 2405 970 2436 esse
994 2389 1151 2436 lector
1186 2397 1482 2446 moneretur,
1507 2391 1627 2454 quid
1654 2393 1716 2441 de

269 2464 382 2527 ipsa
416 2481 466 2512 re
502 2466 791 2522 sentiamus,
817 2466 989 2530 paucis
1014 2466 1173 2514 verbis
1208 2468 1520 2531 exponimus
1593 2470 1714 2518 Ideo

269 2542 489 2590 observat
512 2543 689 2591 Livius
710 2544 907 2591 AEnean
932 2545 993 2592 ab
1019 2544 1190 2592 Sicilia
1226 2545 1388 2592 classe
1414 2544 1712 2595 Laurentem

269 2637 440 2682 agrum
458 2621 693 2682 tenuisse,
710 2630 761 2669 at
779 2624 959 2670 indicet
972 2640 1075 2670 eam
1093 2640 1186 2670 non
1201 2622 1261 2669 ab
1282 2624 1459 2671 Sicilia
1477 2625 1528 2671 in
1538 2626 1713 2687 proxi-

267 2715 346 2745 ma
360 2698 527 2747 Italice
543 2706 895 2764 transgressam
902 2701 1121 2763 pedestri
1135 2701 1305 2747 deinde
1321 2702 1494 2748 itinere
1503 2703 1569 2748 ad
1577 2701 1711 2749 Lau-

265 2783 444 2823 rentem
467 2794 642 2842 agrum
657 2779 943 2841 pervenisse,
963 2779 1048 2824 sed
1067 2786 1196 2825 recto
1214 2796 1355 2826 cat-su
1371 2779 1432 2826 ab
1453 2781 1628 2828 Sicilia
1646 2781 1713 2827 ad

269 2851 534 2901 Laurentis
556 2843 672 2919 agri
697 2855 869 2902 littora
893 2853 1095 2901 navibus
1119 2855 1512 2918 delatmnsuisse.
1555 2855 1707 2904 Hunc
