1816 3159
254 53 462 101 lxxxviii
778 54 1236 104 PRAEFATIO.

254 199 333 239 tur
355 200 402 240 et
438 209 552 241 cum
588 193 740 241 taedio
778 201 1076 254 mol-aretum
1129 214 1193 245 ne
1223 197 1274 245 in
1309 196 1367 245 iis
1404 196 1621 254 urbibus,
1647 196 1717 244 lo-

258 269 344 326 cis,
372 270 669 333 regionibus,
697 287 810 334 quae
847 271 1110 334 aliquoties
1147 291 1175 321 a
1206 274 1349 322 Livio
1385 273 1715 337 appellantur,

259 347 510 396 dubitaret
533 365 665 412 saepe
688 349 847 396 lector
871 350 1070 397 ubinam
1100 352 1164 399 de
1188 352 1246 400 iis
1274 351 1565 415 egissemus.
1626 351 1714 399 Sa-

45 442 240 523 1231335320
260 426 352 473 tius
377 443 486 474 esse
514 426 741 473 ducimus
760 425 978 474 indicem
1005 428 1437 492 Geographicumb
1456 429 1717 484 conficere,

41 496 63 524 g
80 504 88 514 ι

43 529 82 556 ad
99 528 217 556 mmm
261 504 324 550 ad
351 503 545 551 calcem
581 502 737 550 totius
764 503 926 567 operis
961 505 1300 565 rejiciendum,
1325 506 1375 554 in
1400 521 1501 570 quo
1532 523 1592 553 ea
1615 522 1719 554 om-

42 571 145 608 operis
162 580 211 599 re-

35 611 156 653 jecms.
262 581 345 629 nia
370 599 480 644 quae
511 581 574 627 ad
603 580 976 645 Geographiam
1003 591 1233 646 spectant
1255 601 1317 632 ex
1340 585 1515 633 ordine
1538 584 1721 652 litteras

261 676 365 706 rum
394 659 590 721 digesta
616 659 932 722 reperiantur.

43 742 244 815 ffssi‘gss'fmm‘
327 736 719 801 Deniqueetiam
733 736 795 784 ad
811 736 1181 801 Chronologica
1194 739 1410 786 animum
1423 737 1582 800 adjeci
1593 754 1715 793 mus,

76 811 95 824 ὕ
260 815 368 871 rati,
393 815 444 862 id
470 815 608 878 quod
634 831 710 862 res
736 822 828 871 est,
858 815 1030 863 orbam
1055 834 1164 864 esse
1196 818 1352 864 altero
1378 817 1513 863 velut
1536 815 1720 862 lumine

259 892 534 948 historiam,
562 892 654 940 nisi
679 892 1063 956 descriptionem
1093 895 1318 943 locorum
1346 894 1608 942 comitetur
1633 894 1717 940 de-

46 982 248 1029 Difficssesft
263 969 448 1033 scripta
466 976 695 1017 accurate
712 977 991 1033 temporum
1013 971 1150 1019 ratio.
1190 972 1290 1019 Sed
1311 971 1539 1019 difficiles
1557 980 1604 1017 et
1619 987 1721 1018 mo-

43 1025 249 1105 Ξζῗζῐῗῗῗηῖἒ
261 1064 400 1095 rosas
418 1047 801 1112 disquisitiones,
817 1065 1022 1111 quarum
1042 1050 1146 1098 haec
1166 1050 1481 1112 potissimum
1498 1065 1576 1096 ars
1592 1050 1717 1095 fera-

44 1111 161 1140 *i‘a‘ae'
263 1125 466 1173 cissima
482 1135 570 1181 est,
585 1135 823 1189 tanquam
840 1127 902 1173 ab
917 1127 1142 1175 instituto
1160 1136 1329 1175 nostro
1349 1128 1494 1191 plane
1510 1127 1714 1182 alienas,

259 1203 534 1250 vitavimus.
583 1203 781 1250 Etenim
800 1220 860 1250 ex
877 1202 1018 1251 Livio
1037 1205 1147 1267 ipso
1167 1206 1406 1268 expedita
1425 1206 1719 1269 plerumque

259 1296 334 1327 res
359 1286 450 1336 est,
479 1279 565 1343 qui
588 1280 638 1326 in
671 1297 829 1327 annos
857 1289 906 1328 et
930 1282 1166 1329 consules
1202 1283 1537 1330 narrationem
1577 1299 1717 1330 suam

261 1358 483 1420 digessit.
532 1357 601 1404 Et
618 1365 725 1405 tota
746 1358 1030 1416 difficultas,
1054 1360 1318 1425 omnisque
1337 1361 1598 1408 doctorum
1620 1360 1719 1408 dis-

260 1436 426 1483 sensio
453 1453 537 1498 per
561 1437 988 1498 septingentorum
1013 1445 1062 1485 et
1084 1439 1450 1503 quinquaginta
1475 1454 1718 1485 annorum

260 1512 493 1575 spatium,
519 1512 568 1559 in
604 1513 817 1569 duobus,
845 1513 1064 1562 tribusve
1100 1532 1350 1562 summum
1374 1515 1532 1572 annis,
1557 1532 1719 1563 *sersa-

262 1600 365 1639 tur:
418 1592 553 1655 quod
595 1591 865 1640 discrimen
892 1599 941 1639 ut
968 1593 1030 1640 ab
1062 1592 1123 1640 iis
1148 1594 1233 1657 qui
1265 1610 1366 1641 rem
1403 1611 1467 1641 ex
1492 1594 1718 1656 professo

263 1675 493 1728 tractant,
519 1670 700 1732 negligi
737 1687 855 1718 sane
880 1688 984 1718 non
1021 1672 1186 1728 debet,
1212 1672 1278 1719 ita
1306 1672 1451 1720 nobis
1476 1672 1523 1719 in
1551 1671 1720 1734 hujus-

264 1747 399 1794 modi
420 1764 567 1810 opere
584 1748 717 1795 haud
739 1749 902 1811 magni
925 1767 1033 1798 esse
1054 1750 1291 1800 momenti
1311 1750 1470 1798 visum
1486 1757 1578 1798 est.
1621 1749 1720 1798 Ita-

265 1842 364 1889 que
388 1825 617 1888 relegatis
645 1827 949 1889 ambagibus,
972 1828 1356 1876 eruditissimum
1375 1836 1424 1876 et
1450 1827 1720 1876 accuratis-

49 1919 135 1949 Anni
152 1919 191 1946 ab
269 1903 447 1950 simum
474 1904 630 1952 virum
658 1904 814 1953 Henr.
838 1905 1164 1954 Dodwellum
1185 1915 1434 1954 auctorem
1461 1906 1616 1954 secuti
1641 1923 1720 1953 su-

50 1964 126 1991 urbe
143 1960 257 1990 condi-

52 2012 83 2033 ω
100 2010 220 2033 emme
272 1998 394 2037 mus,
422 1990 572 2046 atque
604 1983 665 2029 ad
695 1983 802 2043 ejus
829 1991 1065 2040 mentem,
1094 1993 1144 2032 et
1167 2002 1229 2032 ex
1255 1984 1436 2033 Clerici
1470 1983 1718 2047 exemplo,

51 2046 351 2125 ξιξζζξξξῗεᾙζᾳυὶ
375 2058 468 2106 sibi
493 2060 725 2107 eumdem
746 2061 926 2109 ducem
946 2062 1098 2109 fuisse
1118 2063 1388 2125 profitetur,
1410 2062 1614 2109 summis
1641 2078 1723 2124 pa-

50 2131 393 2198 gi¹¹³⁵¹¹⁰t²²‘i·ginis
420 2154 578 2184 annos
605 2139 666 2185 ab
694 2139 812 2187 urbe
837 2140 1043 2187 condita
1067 2151 1115 2188 et
1135 2149 1249 2188 ante
1274 2140 1526 2187 Christum
1550 2147 1719 2187 natum

269 2214 586 2277 praefiximus,
658 2215 716 2263 In
741 2218 889 2273 notis,
910 2218 949 2266 si
974 2236 1084 2281 quae
1103 2218 1228 2266 Livii
1247 2218 1363 2266 loca
1381 2218 1512 2266 circa
1532 2225 1723 2280 tempo-

270 2307 375 2337 rum
398 2292 635 2339 rationem
662 2293 980 2357 impeditiora
1003 2302 1184 2352 essent,
1213 2302 1298 2343 aut
1322 2312 1495 2360 parum
1522 2311 1723 2344 accura-

271 2376 337 2422 ta,
364 2384 422 2414 ea
447 2368 519 2415 vel
546 2369 815 2432 explicare,
843 2372 918 2419 vel
953 2373 1235 2429 emendare,
1262 2390 1412 2437 quam
1439 2372 1722 2421 brevissime

274 2451 324 2491 et
347 2444 630 2507 planissime
654 2447 807 2504 licuit,
834 2449 1001 2496 conati
1025 2465 1215 2498 sumus.

342 2521 493 2570 Hanc
528 2523 674 2585 igitur
709 2541 908 2588 operam
946 2526 1087 2574 Livio
1122 2527 1214 2590 ipsi
1249 2527 1577 2591 praestitimus,
1616 2536 1721 2576 tum

276 2600 325 2647 in
349 2599 668 2648 emendando
692 2609 948 2660 contextu,
977 2611 1081 2651 tum
1107 2604 1157 2652 in
1183 2604 1498 2667 explicandis
1529 2605 1585 2652 iis
1611 2623 1724 2670 quae

490 2758 501 2777 ἰ’
517 2756 681 2796 Iudicem
703 2757 1005 2809 Geographicum
1025 2774 1098 2797 non
1119 2761 1275 2797 absolvit
1297 2761 1519 2799 Grex-ieritis.
