1826 3149
202 223 276 256 585.

150 223 188 255 C.

152 266 189 298 C.
205 267 275 298 167.

97 224 138 255 U.

97 267 139 297 A.

100 1753 197 1784 Redit
207 1754 301 1784 Paul-

101 1796 150 1827 lus
164 1797 195 1826 in
208 1797 281 1827 Ma-

99 1839 273 1872 cedoniam.

303 110 377 153 198
811 106 844 145 T
859 107 875 144 1
893 106 926 144 Τ
942 106 960 144 1
1005 106 1039 144 L
1055 104 1120 144 IV
1134 106 1151 143 I
1168 106 1185 143 1

308 213 534 271 profectus,
568 214 819 256 Corinthum
859 215 988 256 altero
1022 216 1090 257 die
1129 215 1329 271 pervenit.
1362 214 1462 257 urbs
1497 222 1585 256 erat
1615 221 1715 255 tunc

309 271 510 326 praeclara
541 270 677 313 ³⁶²ante
697 271 918 312 excidium.
941 286 1015 312 arx
1038 287 1207 328 quoque
1227 281 1268 313 et
1291 271 1479 313 Isthmus
1499 271 1718 327 praebuere

311 328 618 384 spectaculum:
659 327 775 368 33arx
804 329 913 368 inter
947 330 1086 369 onmia
1124 328 1165 369 in
1204 329 1425 370 inmanem‘
1450 327 1715 369 altitudinem

311 385 438 435 edita,
467 393 626 425 scatens
654 384 866 425 fontibus:
912 385 1099 426 Isthmus
1128 385 1213 426 duo
1242 386 1385 436 maria,
1417 386 1469 426 ab
1499 400 1645 426 occasu
1676 392 1718 425 et

311 438 407 483 ortu
430 442 524 482 solis
545 441 733 491 finitima,
756 441 856 482 artis
882 441 1075 483 faucibus
1105 442 1311 483 dirimens.
1375 443 1592 498 Sicyonem
1622 440 1719 481 inde

311 507 352 540 et
374 499 514 554 Argos
543 497 701 538 nobiles
731 498 855 538 urbes
877 498 988 539 adit:
1026 499 1123 539 inde
1146 499 1262 540 haud
1281 514 1421 555 parem
1444 498 1594 555 opibus
1616 498 1734 554 Epi-⁴

312 555 505 604 daurum,
528 554 600 594 sed
619 553 804 595 inclitam
826 555 1059 611 AEsculapii
1080 556 1209 597 nobili
1231 556 1414 612 templo;
1448 555 1578 611 quod,
1601 555 1722 611 quin-

312 627 395 667 que
416 611 600 651 millibus
619 626 819 667 passuum
840 612 893 653 ab
914 612 1018 653 urbe
1039 612 1211 663 distans,
1234 627 1343 653 nunc
1369 612 1554 668 vestigiis
1583 610 1721 652 revul-

313 683 451 709 sorum
481 667 701 717 donorum,
724 677 815 709 tum
845 669 965 710 donis
989 669 1104 710 dives
1125 678 1227 720 erat,
1249 684 1346 725 quae
1362 669 1639 710 remediorum
1660 682 1722 708 sa-

312 724 512 765 lutarium
543 724 645 780 aegri
674 725 904 766 mercedem
935 734 1193 767 sacraverant
1224 727 1328 767 Deo.
1392 726 1497 768 Inde
1524 725 1722 767 Lacedae-

312 796 476 821 monem
505 781 608 831 adit,
639 796 721 822 non
749 798 923 838 operum
964 783 1283 838 magnificentia,
1315 782 1387 824 sed
1416 782 1634 838 disciplina
1662 782 1724 822 in-

313 838 555 901 stitutisque
575 838 883 879 memorabilem
901 856 910 879 2
943 839 1054 879 unde
1074 854 1148 894 per
1165 839 1464 896 Megalopolim
1482 839 1721 895 Olympiam

313 894 538 935 adscendit.
598 895 687 935 Ubi
719 904 760 937 et
793 896 872 936 alia
906 895 1077 950 quidem
1111 897 1334 952 spectanda
1364 896 1466 946 visa,
1491 903 1547 946 et,
1570 897 1721 936 «Iovem

313 950 429 992 velut
450 960 699 1008 praesentem
719 953 901 1002 intuens,
922 950 955 975 ⁵4
965 960 1102 993 motus
1123 952 1259 993 animo
1283 961 1356 995 est.
1419 953 1586 1008 Itaque,
1606 952 1722 993 haud

313 1023 430 1049 secus
465 1023 594 1064 quam
629 1009 662 1049 si
697 1009 740 1048 in
775 1009 982 1065 Capitolio
1015 1009 1290 1050 inmolaturus
1322 1017 1442 1060 esset,
1477 1009 1720 1050 sacrificium

313 1064 493 1120 amplius
528 1065 649 1106 solito
682 1065 873 1121 adparari
901 1066 1040 1122 jussit.
1104 1068 1171 1107 Ita
1203 1075 1424 1122 peragrata
1457 1066 1636 1117 Graecia,
1672 1074 1722 1108 ut

313 1120 416 1161 nihil
437 1137 597 1173 eorum,
619 1136 716 1177 quae
738 1122 916 1178 quisque
939 1123 1079 1163 Persei
1111 1124 1220 1164 bello
1251 1123 1283 1147 ³⁵
1292 1123 1488 1180 privatim
1515 1132 1589 1165 aut
1615 1123 1724 1179 pub-

314 1177 390 1218 lice
423 1178 626 1227 sensisset,
648 1179 893 1234 inquireret,
915 1195 965 1219 ne
998 1180 1119 1235 cujus
1151 1189 1265 1221 metu
1300 1180 1537 1222 sollicitaret
1565 1180 1723 1221 animos

314 1234 532 1282 sociorum,
554 1234 588 1258 ³⁶
597 1235 906 1276 Demetriadem
928 1252 1059 1291 quum
1081 1238 1267 1286 revertit,
1282 1237 1323 1277 in
1344 1237 1490 1278 itinere
1511 1237 1724 1278 sordidata

314 1292 441 1332 turba
461 1291 701 1334 AEtolorum
722 1292 927 1340 obcurrit;
963 1294 1214 1349 mirantique
1235 1303 1276 1335 et
1296 1294 1598 1350 percunctanti,
1621 1293 1725 1349 quid

314 1356 436 1399 esset,
463 1348 666 1399 defertur,
700 1349 950 1404 quingentos
980 1350 1286 1405 quinquaginta
1317 1351 1523 1406 principes
1552 1350 1605 1390 ab
1637 1351 1727 1406 Ly-

314 1404 422 1444 cisco
454 1413 495 1446 et
530 1405 723 1461 Tisippo,
744 1405 1011 1447 circumsesso
1044 1416 1188 1448 senatu
1221 1422 1294 1462 per
1321 1407 1472 1448 milites
1498 1408 1724 1457 Romanos,

314 1462 459 1502 missos
479 1477 504 1502 a
525 1462 670 1503 Baebio
692 1463 885 1518 praeside,
907 1463 1170 1511 interfectos3
1203 1464 1304 1505 alios
1329 1464 1372 1504 in
1397 1463 1587 1505 exsilium
1613 1472 1727 1506 actos

314 1533 425 1558 esse:
469 1518 662 1575 bonaque
701 1535 860 1569 eorum,
902 1520 976 1575 qui
1016 1520 1223 1562 interfecti
1263 1529 1411 1572 essent,
1453 1529 1493 1562 et
1534 1520 1726 1561 exsulum

313 1573 578 1631 ³⁷possidere,
619 1575 693 1632 qui
737 1577 981 1632 arguebant..
1053 1578 1082 1617 J
1087 1577 1190 1618 ussis
1235 1577 1524 1634 Amphipolim
1569 1577 1725 1627 adesse,

313 1630 414 1687 ipse,
457 1640 660 1673 convento
702 1634 778 1673 Cn.
817 1633 992 1674 Octavio
1028 1633 1310 1685 Demetriade,
1351 1643 1576 1691 postquam
1614 1635 1729 1675 fama

312 1688 478 1739 accidit,
515 1688 723 1744 trajecisse
750 1690 838 1745 jam
871 1705 984 1730 mare
1019 1690 1160 1731 decem
1201 1691 1373 1747 legatos,
1409 1691 1601 1732 omnibus
1635 1690 1726 1732 aliis

313 1745 488 1795 omissis,
524 1744 834 1801 ³⁸Apollon'1am
874 1747 927 1787 ad
968 1762 1036 1788 eos
1075 1747 1223 1803 pergit.
1261 1763 1346 1803 quo
1381 1763 1513 1803 quum
1550 1749 1729 1788 Perseus

313 1801 480 1842 obviam
514 1802 761 1858 Amphipoli
797 1802 918 1844 nimis
954 1803 1090 1845 soluta
1124 1804 1314 1845 custodia
1347 1804 1624 1860 processisset,
1662 1804 1726 1856 (id

314 1858 396 1899 diei
424 1858 501 1900 iter
523 1861 604 1913 est)
627 1858 766 1915 ipsum
787 1859 955 1915 quidem
977 1861 1155 1915 benigne
1176 1861 1396 1902 adlocutus
1417 1870 1494 1902 est:
1528 1868 1730 1910 ceterum,

313 1922 536 1977 postquam
558 1915 599 1955 in
622 1924 757 1957 castra
776 1917 829 1957 ad
855 1917 1145 1973 Amphipolim
1174 1918 1301 1968 venit,
1323 1917 1507 1974 graviter
1534 1918 1727 1973 increpu-

313 1987 392 2011 isse
413 1971 595 2013 traditur
619 1973 665 2013 C.
692 1972 947 2028 Sulpicium:
981 1975 1178 2029 primum,
1200 1974 1315 2030 quod
1344 1976 1496 2016 Persea
1521 1983 1607 2016 tam
1633 1989 1729 2030 pro-

314 2028 383 2068 cul
422 2044 447 2068 a
486 2044 527 2069 se
568 2029 710 2084 vagari
744 2045 818 2085 per
850 2030 1104 2086 provinciam
1145 2029 1332 2086 3⁵'passus
1372 2039 1519 2073 essetuz
1561 2030 1726 2081 deinde,

314 2085 430 2139 quod
465 2085 568 2126 adeo
600 2085 838 2127 indulsisset
871 2087 1088 2138 militibus,
1125 2096 1173 2129 ut
1206 2088 1365 2129 nudare
1401 2088 1554 2143 tegulis
1586 2102 1729 2128 muros

314 2141 430 2182 urbis
446 2141 499 2182 ad
514 2142 693 2197 tegenda
706 2143 977 2184 hibernacula
989 2160 1064 2185 sua
1076 2153 1304 2201 pateretur.
1321 2145 1549 2200 referrique
1566 2143 1728 2199 tegulas

314 2205 355 2239 ct
384 2198 570 2240 resarciri
604 2207 727 2251 tecta,
751 2199 856 2243 sicut
888 2201 1070 2252 fuerant,
1098 2200 1237 2258 jussit.
1298 2203 1358 2243 Et
1386 2203 1537 2243 Persea
1556 2200 1727 2257 quidem

933 2318 948 2335 ¹²
963 2321 1002 2345 est
1019 2315 1109 2346 Crev.

356 2405 398 2436 32
430 2407 505 2437 Ante
530 2409 700 2450 erscidium]
747 2409 913 2440 Corinthus
946 2421 998 2441 ex-

333 2447 338 2452 ,
1085 2410 1126 2441 35
1151 2410 1297 2440 Privatim
1318 2421 1353 2440 ac
1372 2408 1503 2450 publice]
1533 2406 1640 2453 Magis
1661 2406 1728 2448 pla-

313 2458 377 2478 cisa
399 2458 418 2479 a
440 2450 595 2481 Mummio
616 2456 672 2487 est,
689 2452 786 2483 altero
807 2458 839 2483 et
855 2452 999 2484 vicesimo

1041 2459 1125 2484 ceret
1153 2459 1207 2483 aut
1231 2454 1355 2491 publice,
1380 2451 1533 2493 quomodo
1562 2451 1674 2491 legitur
1694 2449 1728 2479 in

314 2496 382 2532 post
397 2491 478 2522 hunc
494 2502 584 2523 anno.

369 2534 410 2564 33
448 2535 509 2564 Arx
546 2536 622 2565 inter
655 2537 767 2577 onmia]
814 2537 1001 2569 Felicissime

315 2575 509 2607 Gronovius:
544 2589 595 2607 arar
624 2579 705 2609 intra
732 2582 846 2610 moenia.
899 2581 1001 2611 Docet

312 2617 396 2649 enim
419 2620 528 2650 Strabo
550 2620 572 2650 l.
597 2621 696 2651 VIII.
717 2632 748 2663 p.
769 2623 842 2653 379.
864 2623 998 2653 Acroco-

314 2660 448 2692 rinthum
492 2662 648 2693 communi
688 2674 758 2694 cum
797 2665 872 2696 urbe
912 2676 999 2696 muro

312 2703 446 2734 cinctam
461 2704 562 2736 fuisse.

354 2748 395 2776 34
420 2747 518 2778 Motus
541 2749 637 2778 auimo
658 2749 713 2789 est]
743 2748 929 2780 Plutarchus
951 2760 998 2781 re-

313 2787 370 2818 fert
391 2790 588 2822 memorabile
611 2790 732 2822 AEmilii
754 2791 892 2822 dictum:
922 2792 997 2823 Phi-

312 2830 379 2861 dias
415 2833 507 2869 solus,
545 2833 654 2874 inquit,
690 2834 842 2866 effinxisse
879 2835 998 2869 videtur

311 2884 381 2905 eum
395 2875 413 2905 J
418 2886 503 2907 ovem
517 2887 607 2917 quem
624 2877 735 2919 cecinit
749 2879 912 2910 Homerus.

1042 2495 1142 2537 prima
1155 2495 1301 2531 editione,
1316 2500 1394 2525 teste
1407 2493 1557 2524 Hearnio.

1086 2539 1127 2569 36
1152 2539 1364 2569 Demetriadem
1378 2547 1467 2577 quum
1481 2535 1615 2576 revertit]
1653 2535 1727 2565 Ma·

1044 2579 1078 2610 lit
1094 2580 1268 2611 Gronovius
1282 2581 1451 2610 revertisset.

1085 2624 1126 2653 37
1151 2623 1309 2659 Possidere,
1324 2624 1374 2662 qui
1387 2621 1565 2663 arguebant]
1590 2620 1652 2650 Eos
1674 2619 1727 2661 qui

1042 2665 1224 2706 arguebant,
1239 2664 1302 2695 sive
1314 2670 1518 2696 accusatores.

1086 2709 1126 2738 38
1151 2708 1346 2749 Apollmziam]
1371 2707 1516 2749 Intellige
1529 2703 1728 2747 Apolloniam

1045 2749 1270 2787 Chalcidicam,
1292 2750 1382 2781 sitam
1404 2750 1482 2781 inter
1505 2747 1675 2780 Chabrium
1697 2751 1729 2777 et

1043 2794 1207 2833 Strymona
1222 2793 1340 2824 fluvios.
1699 2830 1704 2835 ι

1084 2836 1126 2867 39
1149 2838 1258 2870 Passus
1281 2837 1338 2878 est]
1373 2837 1456 2877 Lege
1473 2844 1547 2866 cum
1572 2832 1728 2864 Gronovio

1041 2885 1119 2910 esset.
