1831 3194
427 108 552 146 ΜΒ.
581 106 727 144 xmv.
773 105 902 144 cAP.
933 106 1167 145 xxxvur.
1436 113 1509 153 159

81 229 204 270 usque
223 216 281 256 ad
308 223 495 271 quartam
519 217 659 257 horam
691 217 818 258 noctis
846 218 982 257 lunam
1014 217 1258 271 defecturam
1289 231 1381 257 csse.
1447 219 1698 268 I(I‚U.C.584.

79 275 177 327 quia
199 276 385 315 naturali
404 276 549 315 ordine
566 275 686 315 statis
701 274 943 327 temporibus
948 275 1048 327 fiat,
1068 281 1105 314 et
1120 275 1220 314 sciri
1234 281 1330 315 aute
1346 281 1383 315 et
1399 289 1508 327 prse-
1522 273 1562 304 A.
1576 272 1612 301 C.
1630 271 1700 301 ¹⁶⁸·

79 332 165 372 dici
188 346 318 385 posse.
380 332 524 386 Itaque
554 333 893 385 quemadmodum,
914 331 1048 386 ¹⁰quia
1079 333 1182 372 certi
1211 333 1307 372 sotis
1327 333 1510 386 lunaeque

79 395 119 429 et
148 396 259 431 ortus
288 395 327 430 et
355 404 515 430 occasus
554 390 650 437 sint,
683 403 788 429 nuuc
824 391 947 442 pleno
977 390 1083 437 orbe,
1116 389 1259 429 nmmo
1287 397 1511 431 senescente

78 448 224 501 exiguo
243 460 367 488 cornu
381 446 556 501 fulgere
575 448 712 487 lunam
744 461 824 486 uon
841 448 1115 493 mirarentur‚·
1150 448 1210 487 ita
1234 461 1282 487 ue
1302 447 1511 488 obscurari

78 506 249 557 quidem,
286 518 403 557 quum
433 506 633 545 condatur
663 504 801 544 umbra
842 510 976 552 terne,
1009 506 1173 545 trabere
1204 506 1247 544 in
1272 506 1509 559 prodigium

79 562 233 602 debere.
294 560 483 613 12Νοοῒο,
507 577 634 617 quam
671 561 807 617 pridie
845 562 987 602 Nonas
1026 562 1292 618 Septembres
1322 563 1510 603 insecuta

78 628 141 660 est
169 619 271 668 dies,
293 618 408 660 edita
438 619 543 660 hora
574 619 675 659 luna
706 634 841 674 quum
874 618 1107 668 defecisset,
1131 619 1332 660 Romanis
1367 620 1509 660 militi-

79 676 159 716 bus
196 675 309 717 Galli
351 676 555 732 sapientia
589 692 720 732 prope
762 676 904 717 divina
945 676 1102 717 videri:
1154 676 1422 727 Macedonas,
1460 686 1508 718 ut

77 733 197 774 triste
231 733 489 789 prodigium,
525 749 718 774 occasum
753 734 871 788 regni
904 734 1216 789 perniciemque
1246 734 1382 788 gentis
1415 749 1510 790 por-

78 790 267 840 tendens,
304 792 459 832 movit:
512 806 587 831 nec
627 791 749 832 aliter
788 799 918 832 vates.
959 791 1114 831 clamor
1155 790 1430 846 ululatusque
1465 791 1509 831 in

76 848 223 888 castris
256 848 540 889 Macedonum
562 847 660 898 fuit,
682 847 813 888 donec
834 848 935 888 luna
954 848 997 888 in
1019 862 1137 888 suam
1172 847 1305 889 lucem
1328 848 1509 889 emersit.

77 903 293 946 13Postero
325 905 393 946 dje
426 914 569 947 tantus
602 905 775 961 utrique
806 905 931 946 ardor
951 905 1155 946 exercitui
1178 905 1231 945 ad
1264 920 1510 945 concurren-

77 961 181 1002 dum
202 962 356 1013 fuerat,
379 971 428 1004 ut
448 965 515 1004 etd
536 978 677 1018 regem
698 970 739 1003 et
761 962 973 1003 consulem
991 977 1163 1003 suorum
1185 962 1374 1017 quidam,
1393 963 1510 1017 quod

78 1019 166 1059 sine
193 1019 345 1076 proelio
377 1020 605 1060 discessum
637 1028 758 1069 esset,
780 1028 1036 1060 accusarent.
1100 1020 1209 1074 Regi
1242 1028 1409 1075 promta
1441 1019 1511 1059 de-

78 1076 211 1117 fensio
232 1085 335 1127 erat,
357 1092 440 1117 non
461 1093 509 1117 eo
530 1076 680 1126 solum,
703 1075 821 1132 quod
853 1076 984 1117 hostis
1004 1075 1134 1132 prior,
1156 1084 1300 1131 aperte
1321 1091 1508 1131 pugnam

79 1132 330 1184 detrectans,
351 1134 395 1175 in
416 1142 552 1175 castra
582 1133 722 1189 copias
755 1133 1017 1181 reduxisset;
1066 1132 1139 1173 sed
1160 1133 1301 1182 etiam,
1325 1132 1442 1188 quod
1462 1148 1512 1173 eo

78 1190 169 1231 loco
210 1191 329 1247 signa
367 1190 665 1240 constituisset,
702 1206 789 1246 quo
823 1190 1023 1246 phalanx,
1057 1204 1186 1245 quam
1218 1189 1410 1231 inutilem
1444 1190 1511 1230 vel

73 1247 298 1289 mediocris
347 1247 549 1304 iniquitas
589 1247 667 1288 loci
709 1247 903 1299 efficeret,
944 1247 1180 1303 promoveri
1222 1262 1305 1288 non
1354 1256 1509 1303 posset.

81 1305 240 1346 Consul
260 1304 354 1346 1⁴¹ad
373 1305 433 1356 id,
456 1305 573 1361 quod
593 1304 729 1361 pridie
781 1305 1064 1346 raetermisisse
1092 1303 1311 1360 pugnandi
1333 1304 1511 1344 occasio-

74 1376 174 1402 -nem
195 1362 434 1413 videbatur,
457 1371 498 1404 et
520 1362 656 1403 locum
692 1320 855 1403 decll’isse
887 1362 1013 1410 hosti,
1036 1362 1069 1402 si
1092 1369 1212 1402 nocte
1232 1361 1348 1402 abire
1369 1360 1510 1411 vellet,

78 1427 180 1460 tunc
206 1435 378 1476 quoque
410 1435 485 1476 per
513 1420 691 1475 speciem
721 1419 951 1459 inmolandi
985 1427 1117 1459 terere
1149 1417 1374 1458 videbatur
1409 1426 1512 1459 tem-

79 1491 176 1532 pus,
198 1492 333 1532 quum
354 1477 446 1517 luce
467 1477 604 1533 prima
625 1477 792 1531 signum
817 1476 1082 1531 propositum
1103 1490 1259 1531 pugnae
1281 1474 1335 1514 ad
1357 1489 1511 1515 exeun-

79 1533 182 1573 dum
215 1534 258 1574 in
286 1534 416 1574 aciem
448 1533 609 1575 fuisset.
672 1533 822 1574 Tertia
853 1532 1023 1573 demum
1056 1531 1174 1582 hora,
1197 1531 1398 1573 sacrificio
1432 1532 1512 1573 rite

79 1605 154 1645 per
187 1599 336 1641 etrato,
359 1591 414 1632 ad
449 1590 668 1631 eonsilium
704 1589 895 1637 vocavit;
940 1598 1069 1644 atque
1102 1589 1176 1638 ibi,
1199 1588 1317 1645 quod
1349 1589 1408 1629 rei
1441 1604 1512 1645 ge-

78 1661 151 1687 ren
184 1664 220 1689 ae
247 1656 414 1705 tempus
445 1656 565 1697 esset,
588 1646 800 1702 loquendo
830 1654 872 1688 et
906 1646 1200 1702 intempestiVe
1235 1645 1512 1687 consultando

78 1704 304 1746 videbatur
324 1704 580 1761 quibusdam
601 1704 833 1746 extrahere.
857 1712 954 1760 post
975 1717 1183 1744 sermones
1205 1708 1344 1744 tamen
1365 1702 1511 1744 consul

80 1762 311 1803 orationem
330 1762 496 1804 habuit.
1275 1773 1277 1775 ’

138 1820 425 1861 XXXVIII.
457 1820 512 1861 P.
545 1819 718 1868 Nasica,
760 1819 943 1873 egregius
976 1819 1217 1867 adolescens,
1249 1832 1298 1857 ex
1332 1817 1512 1858 omnibus
1526 1821 1724 1871 AEmiliiora-

79 1891 193 1926 unus,
226 1878 368 1931 quibus
396 1878 580 1918 hesterno
620 1878 687 1917 die
714 1877 903 1931 pugnari
933 1876 1108 1929 placuit,
1151 1875 1373 1915 denudavit
1411 1872 1564 1939 milzisslffl
1579 1866 1709 1939 ἓῇΡῑξὲ·

78 1949 188 1976 suum
218 1936 450 1976 consilium.-
492 1935 595 1975 idem
619 1941 777 1988 postea,
807 1934 867 1973 ita
898 1940 942 1974 ut
971 1934 1167 1974 transisse
1197 1933 1240 1972 in
1271 1933 1511 1973 sententiam
1545 1920 1563 1940 a
1601 1920 1687 1940 ¹a“

81 2006 205 2033 meam
227 1994 360 2034 videri
372 1999 522 2046 posset,
544 1993 688 2033 tacuit.
742 1991 990 2040 Quibusdam
1007 1991 1105 2030 aliis
1125 1989 1322 2030 absentem
1344 2004 1513 2043 carpere

82 2050 378 2104 imperatorem,
401 2065 519 2104 quam
542 2055 783 2104 praesentem
814 2062 987 2099 monere,
1007 2049 1147 2089 melius
1177 2049 1301 2089 visum
1321 2053 1392 2088 est.
1452 2049 1512 2088 Et

671 2148 688 2172 d
702 2154 729 2179 et
743 2147 805 2179 del.
823 2148 920 2178 Gron.

129 2236 285 2270 10²*Qu-ia
314 2238 387 2266 certi
409 2236 482 2267 Solis
505 2235 656 2274 Lunoeque
678 2240 705 2264 et
727 2244 775 2263 or-

84 2285 131 2309 tus
160 2286 188 2310 et
211 2290 326 2310 occasus
351 2279 424 2320 sint]
463 2281 545 2310 Haec
576 2277 664 2308 nobis
694 2276 775 2307 male

77 2322 241 2354 ‘cohaerere
256 2322 400 2353 videntur
415 2333 485 2353 eum
502 2322 539 2352 iis
554 2332 626 2362 quae
640 2330 775 2361 sequun-

76 2371 145 2397 tur.
205 2366 278 2397 Non
308 2365 391 2396 enim
416 2365 487 2396 ideo
518 2364 639 2396 variant
677 2364 775 2393 Lunae

86 2409 211 2450 phases,
234 2408 309 2450 quia
331 2409 397 2450 ejus
419 2414 451 2440 et
482 2407 561 2439 Solis
598 2405 674 2437 certi
705 2411 779 2437 sunt

86 2457 170 2482 ortus
193 2458 223 2483 et
247 2462 385 2483 occasus.
439 2451 556 2482 Melius
578 2451 645 2481 haec
672 2449 779 2490 rejice-

88 2500 191 2525 rentur
217 2496 249 2526 in
277 2495 442 2531 anteriora,
467 2500 502 2525 ut
530 2494 573 2524 sic
602 2493 781 2535 procederet

88 2538 174 2568 Galli
203 2537 442 2579 argumentatio.
501 2534 777 2574 Quemadmodum

89 2580 186 2611 Lunae
209 2581 350 2623 Solisque
373 2586 457 2611 ortus
480 2586 511 2611 et
541 2589 681 2613 occasus,
705 2578 780 2619 quia

90 2628 161 2653 sunt
184 2624 268 2660 certi,
285 2631 316 2655 et
336 2623 405 2654 sciri
427 2630 498 2654 ante
515 2628 545 2654 et
560 2621 686 2665 praedici
708 2632 778 2662 pos-

89 2670 171 2701 sunt,
187 2667 231 2697 ita
252 2673 283 2698 et
306 2667 446 2698 defectus
469 2667 577 2701 Lunae,
594 2665 647 2705 qui
670 2664 777 2695 itidem

90 2709 224 2740 naturali
246 2710 351 2741 ordine
366 2709 454 2740 statis
475 2708 665 2751 temporibus
687 2708 776 2738 fiunt.

91 2751 123 2781 Si
154 2751 330 2792 conjectura
363 2759 466 2784 nostra
498 2753 581 2783 bona
609 2757 666 2787 est,
697 2756 778 2782 totus

78 2794 177 2825 -locus
198 2795 240 2825 sic
262 2795 383 2826 formari
404 2795 536 2837 poterit:
572 2795 610 2825 Id
631 2796 700 2835 quia
722 2805 776 2824 ηα-

90 2839 183 2868 turali
211 2839 312 2868 ordine
339 2840 420 2868 statis
445 2840 616 2878 temporibus
642 2837 714 2877 fiat,
742 2843 778 2866 ut

90 2883 162 2911 certi
185 2882 256 2911 Solis
288 2881 435 2920 Lumcqne
456 2887 482 2911 et
513 2887 593 2911 ortus
614 2886 640 2910 et
666 2890 779 2911 occasus

818 2239 898 2269 sum,
914 2239 940 2263 et
955 2234 1025 2263 sciri
1039 2237 1106 2262 ante
1121 2238 1147 2262 et
1169 2233 1295 2271 prredici
1315 2243 1404 2271 posse.
1449 2232 1512 2262 Ita-

819 2288 873 2317 que
888 2277 1126 2316 quemadmodum
1142 2287 1221 2305 nunc
1234 2275 1319 2314 pleno
1334 2276 1398 2305 orbe
1413 2298 1421 2306 .
1447 2298 1455 2305 .
1483 2298 1491 2307 .

866 2320 900 2349 ll
930 2319 1020 2349 Nunc
1042 2318 1215 2359 senescente]
1240 2318 1323 2358 Lege
1347 2328 1418 2348 cum
1443 2318 1514 2348 Flo-

819 2362 937 2394 rebello
952 2368 982 2392 et
991 2361 1155 2393 Gronovio
1169 2367 1368 2392 senescentem.

867 2405 1036 2435 l‘Z*Nocte
1063 2416 1149 2445 quam
1175 2405 1272 2443 pridie
1308 2403 1408 2434 Nonas
1446 2403 1513 2443 Sep-

822 2449 955 2488 tembres]
988 2448 1049 2478 Hic
1079 2449 1175 2478 Lunae
1205 2446 1356 2481 desectus,
1387 2456 1424 2475 ex
1453 2447 1514 2476 As-

823 2498 1031 2522 tronomorum
1055 2490 1236 2525 rationibus,
1253 2489 1360 2520 indicit
1382 2489 1415 2519 in
1433 2488 1515 2519 diem

821 2536 875 2566 21.
899 2533 987 2565 Junii
1015 2533 1145 2565 Juliani.
1192 2533 1299 2574 Atque
1326 2532 1357 2562 id
1380 2532 1514 2574 perbene

822 2576 963 2619 congruit
989 2587 1059 2607 cum
1087 2576 1248 2607 Solstitiali
1277 2581 1426 2617 tempore,
1453 2580 1515 2604 tes-

822 2627 888 2652 tato
912 2631 1005 2662 supra
1029 2631 1047 2650 a
1062 2619 1163 2651 Livio.
1209 2618 1311 2653 †Vid.
1326 2624 1391 2648 not.
1407 2618 1459 2648 63.
1475 2616 1515 2647 ad

822 2675 849 2696 e.
865 2666 918 2695 30.
939 2673 1044 2705 supra.

868 2708 933 2737 13*
946 2707 1062 2736 Postero
1084 2706 1146 2746 die]
1173 2704 1270 2735 Refer
1285 2703 1351 2733 haec
1367 2702 1462 2732 verba
1476 2700 1516 2732 ad

821 2751 950 2781 verbum
966 2755 1144 2779 accusarent.

866 2795 905 2824 14
929 2793 976 2822 Aa
1002 2794 1032 2822 z'd
1059 2791 1149 2832 quod]
1182 2790 1395 2827 Praeterquam
1422 2785 1516 2827 quod.

822 2836 873 2868 Sic
887 2837 1009 2867 locutus
1025 2840 1071 2866 est
1087 2833 1192 2864 Livius
1207 2837 1238 2862 et
1252 2830 1274 2862 I.
1288 2830 1355 2861 HI.
1371 2840 1398 2861 c.
1413 2830 1464 2861 62.
