1826 3149
97 198 189 229 nm.
203 198 276 229 580.

96 242 137 271 A.
152 241 187 271 C.
205 241 274 271 172.

99 1041 301 1073 Adscenden-

99 1091 163 1116 tem
180 1085 259 1116 Del-

100 1128 177 1169 phos
189 1127 300 1170 lapidi-

102 1172 158 1201 bus
172 1171 226 1202 ob-

98 1219 203 1245 ruunt.

100 1722 223 1764 Sopitus
233 1723 299 1754 vul-

100 1774 172 1796 nere
187 1766 270 1797 tolli-

100 1813 158 1838 tur.

308 82 356 116 48
844 75 876 113 T
890 76 905 111 I
920 75 951 112 T
965 77 978 112 l
1024 76 1056 113 L
1071 76 1086 113 I
1099 76 1161 114 VI
1180 78 1194 114 I

307 186 476 229 toritate
505 194 547 228 et
577 186 727 242 opibus
750 185 1023 241 Delphorum.
1087 187 1196 228 Satis
1225 188 1456 237 constabat,
1479 188 1726 233 Eumenem,

309 252 358 285 ut
388 243 633 284 sacrificaret
666 242 869 298 Apollini,
900 242 1088 298 Delphos
1117 244 1425 287 adscensurum.
1485 243 1519 267 ⁵⁹
1533 245 1730 300 Progres-

309 301 369 341 si⁰
389 316 485 341 cum
507 300 708 341 Evandro
728 298 1003 349 insidiatores,
1024 300 1128 340 nihil
1154 301 1269 343 aliud
1290 304 1343 344 ad
1364 300 1649 360 peragendum
1671 301 1730 341 in-

309 366 493 413 ceptum,
535 371 662 412 quam
703 355 779 396 loci
820 357 1194 412 opportunitatem,
1234 360 1373 400 omnia
1411 358 1729 408 circumeuntes,

308 415 568 470 quaerebant.
630 412 998 454 Adscendentibus
1027 414 1081 454 ad
1111 415 1314 470 templum
1345 433 1371 457 a
1402 415 1564 464 Cirrha,
1596 414 1731 469 prius-

309 486 436 526 quam
461 469 748 526 perveniretur
768 470 821 510 ad
852 470 1088 526 frequentia
1108 471 1291 513 aedificiis
1320 473 1423 523 loca,
1446 472 1623 512 maceria
1643 479 1730 511 erat

308 529 362 568 ab
384 528 489 568 laeva
509 526 666 567 semitae
695 526 886 581 paullum
913 536 1080 568 exstans
1101 543 1126 568 a
1155 528 1443 579 fundamento,
1465 544 1550 584 qua
1580 527 1732 583 singuli

309 586 558 630 transirent,
592 583 742 624 dextra
761 598 857 639 pars
885 584 977 625 labe
999 593 1121 626 terrae
1141 585 1183 625 in
1214 586 1477 642 aliquantum
1497 584 1734 626 altitudinis

307 641 452 682 diruta
471 648 571 680 erat.
604 648 697 696 post
728 640 947 681 maceriam
969 657 1010 682 se
1031 641 1299 693 abdiderunt,
1321 643 1522 699 gradibus
1547 642 1735 683 adstruc-

309 698 377 747 tis,
400 706 448 738 ut
471 712 522 737 ex
543 712 605 747 ea,
628 697 743 738 velut
764 713 786 738 e
807 713 943 749 muro,
960 698 1043 740 tela
1064 699 1105 739 in
1126 708 1449 755 praetereuntem
1470 698 1732 753 conjicerent.

309 753 343 777 ⁵³
358 754 500 794 Primo
530 769 556 794 a
584 754 689 794 mari
724 754 977 795 circumfusa
1011 756 1138 797 turba
1169 757 1395 798 amicorum
1430 772 1477 797 ac
1508 755 1734 796 satellitum

309 810 585 866 procedebat:
633 811 783 852 deinde
833 813 1116 853 extenuabant
1162 814 1380 869 paullatim
1421 812 1625 868 angustiae
1665 827 1736 867 ag-

310 882 417 908 men.
479 867 568 908 Ubi
589 868 643 908 ad
664 883 760 908 eum
782 868 918 908 locum
940 876 1114 910 ventum
1135 878 1212 919 est,
1234 886 1320 925 qua
1350 870 1523 926 singulis
1550 868 1736 909 eundum

310 932 414 974 erat,
436 924 596 980 primus
627 924 814 965 semitam
845 925 1055 980 ingressus
1077 926 1307 967 Pantaleon
1330 927 1499 968 AEtoliae
1530 925 1735 981 princeps,

311 996 407 1022 cum
428 997 514 1037 quo
535 981 756 1023 institutus
776 982 864 1037 regi
886 998 1019 1023 sermo
1039 991 1140 1024 erat.
1204 984 1319 1024 Tum
1341 983 1599 1025 insidiatores
1620 997 1737 1023 exor-

312 1037 345 1078 ti
367 1053 467 1078 saxa
486 1038 573 1079 duo
593 1038 779 1093 ingentia
798 1039 1028 1080 devolvunt
1045 1056 1052 1080 :
1086 1054 1267 1095 quorum
1298 1041 1429 1082 altero
1450 1047 1576 1096 caput
1606 1039 1736 1080 ictum

312 1102 373 1136 est
404 1093 507 1150 regi,
538 1094 669 1136 altero
698 1094 732 1119 ⁵⁴
744 1096 948 1146 humerus
980 1096 1151 1152 sopitus.
1183 1096 1216 1120 ⁵⁵
1233 1113 1283 1138 ex
1316 1098 1462 1138 semita
1490 1095 1663 1153 proclivi
1694 1096 1734 1136 in

312 1150 471 1192 declive
501 1151 645 1193 multis
675 1167 800 1208 super
829 1153 1071 1216 prolapsum
1101 1154 1189 1209 jam
1220 1155 1330 1196 saxis
1360 1154 1580 1209 congestis,
1602 1162 1643 1193 et
1675 1168 1737 1193 ce-

313 1208 391 1249 teri
412 1207 583 1264 quidem
604 1208 729 1250 etiam
760 1225 987 1251 amlcorum
1009 1219 1050 1251 et
1081 1211 1323 1259 satellitum,
1345 1209 1569 1267 postquam
1590 1210 1738 1251 caden-

313 1272 397 1306 tem
419 1265 574 1315 videre,
597 1265 842 1322 diffugiunt,
867 1267 1095 1308 Pantaleon
1116 1277 1352 1309 constanter
1382 1268 1604 1324 inpavidus
1625 1282 1739 1308 man-

314 1321 366 1363 sit
387 1322 440 1363 ad
462 1323 769 1378 protegendum
789 1339 942 1379 regem.
1183 1325 1185 1328 ’

373 1379 498 1419 XVI.
532 1379 752 1429 Latrones,
773 1396 907 1436 quum
928 1382 1043 1422 brevi
1068 1382 1288 1424 circumitu
1311 1382 1497 1423 maceriae
1519 1382 1739 1423 decurrere

311 1435 367 1476 ad
386 1435 690 1476 conficiendum
705 1436 894 1478 saucium
915 1446 1098 1492 possent,
1113 1439 1227 1480 velut
1250 1440 1434 1495 perfecta
1450 1455 1507 1488 re,
1526 1439 1567 1479 in
1583 1439 1737 1494 jugum

312 1492 485 1533 Parnasi
504 1499 518 1520 Ρ
538 1491 787 1549 refugerunt
818 1509 866 1535 eo
887 1509 1027 1544 cursu,
1051 1503 1114 1545 ut,
1136 1511 1268 1551 quum
1290 1511 1399 1537 unus
1429 1511 1510 1536 non
1538 1495 1658 1536 facile
1679 1510 1740 1536 se-

312 1549 481 1604 quendo
510 1564 585 1605 per
613 1549 726 1591 invia
754 1559 882 1606 atque
903 1551 1037 1592 ardua
1066 1561 1299 1593 moraretur
1328 1554 1475 1609 fugam
1506 1568 1665 1603 eorum,
1688 1567 1738 1592 ne

311 1620 556 1661 comprenso
605 1606 805 1648 indicium
851 1616 1076 1657 emanaret,
1117 1608 1344 1650 occiderint
1384 1610 1589 1650 comitem.
1665 1609 1739 1650 Ad

311 1677 464 1718 corpus
493 1662 603 1717 regis
632 1663 767 1718 primo
797 1664 932 1714 amici,
955 1665 1105 1705 deinde
1136 1666 1333 1707 satellites
1363 1682 1409 1706 ac
1432 1666 1539 1707 servi
1568 1681 1740 1707 concur-

312 1728 473 1769 rerunt,
495 1719 687 1761 tollentes
719 1720 900 1776 sopitum
935 1721 1106 1762 vulnere
1137 1738 1183 1763 ac
1214 1723 1316 1763 nihil
1352 1723 1609 1764 sentientem.
1671 1722 1740 1763 Vi-

312 1791 409 1817 vere
444 1784 583 1818 tamen
620 1792 671 1818 ex
707 1778 842 1819 calore
877 1786 919 1820 et
955 1779 1104 1834 spiritu
1140 1788 1378 1821 remanente
1418 1780 1460 1820 in
1500 1779 1741 1835 praecordiis

314 1842 557 1881 senserunt3
592 1833 802 1874 victurum
825 1834 979 1890 exigua
999 1850 1045 1876 ac
1076 1850 1206 1892 prope
1227 1837 1343 1877 nulla
1364 1852 1457 1893 spes
1477 1845 1577 1878 erat.
1640 1837 1741 1886 Qui-

312 1889 410 1930 dam
436 1902 488 1931 ex
524 1890 788 1941 satellitibus,
812 1891 942 1933 secuti
978 1892 1187 1934 latronum
1219 1894 1408 1950 vestigia,
1438 1909 1571 1949 quum
1608 1909 1741 1957 usque

312 1946 366 1987 ad
385 1947 541 2003 jugum
566 1947 753 1997 Parnasi,
776 1948 1062 2005 nequidquam
1092 1949 1273 2005 fatigati,
1296 1952 1594 2006 pervenissent,
1618 1966 1661 1991 re
1682 1965 1742 1991 m-

312 2003 423 2044 fecta
452 2004 678 2045 redierunt.
741 2005 946 2061 Adgressi
977 2006 1139 2047 facinus
1166 2008 1435 2057 Macedones,
1458 2016 1505 2049 ut
1536 2007 1743 2049 inconsul-

313 2068 369 2110 te,
392 2060 450 2101 ita
471 2061 669 2102 audacter
690 2069 892 2118 coeptum,
914 2078 990 2104 nec
1011 2063 1199 2105 consulte
1220 2072 1261 2105 et
1292 2065 1438 2106 timide
1469 2065 1740 2120 reliquerunt.

315 2118 563 2173 Compotem
579 2118 668 2173 jam
691 2119 755 2159 sui
785 2134 924 2175 regem
946 2120 1066 2161 amici
1096 2128 1263 2176 postero
1284 2121 1351 2163 die
1372 2122 1567 2162 deferunt
1587 2122 1643 2162 ad
1672 2137 1743 2162 na-

314 2188 430 2215 vem:
464 2174 562 2215 inde
585 2175 862 2218 Corinthum:
895 2193 921 2217 a
944 2177 1162 2228 Corintho,
1184 2193 1259 2234 per
1282 2179 1433 2220 Isthmi
1453 2179 1606 2235 jugum
1629 2179 1743 2219 navi-

313 2230 392 2271 bus
414 2231 633 2281 traductis,
658 2233 857 2288 AEginam
880 2234 1107 2289 trajiciunt.
1172 2236 1239 2276 Ibi
1260 2236 1364 2277 adeo
1386 2243 1542 2277 secreta
1563 2236 1652 2292 ejus
1673 2250 1743 2276 cu-

589 2323 604 2339 ⁰
623 2318 783 2361 Proegressi
799 2320 879 2351 Crev
885 2343 892 2350 .

359 2404 402 2434 52
429 2404 602 2446 Progressi]
627 2405 793 2446 Sequimur
815 2406 1009 2439 emendatio-

317 2455 388 2477 nem
403 2447 562 2478 Gronovii.
608 2448 712 2489 Vulgo
726 2451 879 2489 progressi.

359 2491 400 2520 53
426 2491 527 2521 Primo
549 2503 568 2521 a
589 2492 680 2532 mari]
714 2490 818 2522 Primo
841 2492 915 2522 dum
939 2504 1008 2534 pro-

318 2532 473 2563 cedebant
496 2544 514 2564 a
537 2533 626 2570 mari,
642 2534 726 2575 quod
748 2534 890 2565 Cirrham
908 2536 1008 2572 alluit,

316 2577 473 2607 ascensuri
523 2577 676 2618 Delphos.
743 2577 853 2609 Cirrha
904 2584 1009 2620 portus

317 2617 513 2660 Delphorum
552 2625 609 2651 est.
665 2619 781 2651 Itidem
822 2621 1010 2653 Plutarchus

316 2660 397 2691 hanc
429 2662 529 2704 ipsam
555 2673 619 2693 rem
647 2673 774 2695 narrans
802 2663 834 2694 in
865 2664 942 2695 libro
971 2665 1009 2696 de

318 2703 467 2736 Fraterno
496 2705 623 2742 Amore,
651 2706 759 2738 scribit
787 2706 915 2738 insidias
944 2708 1008 2738 Eu—

317 2747 401 2778 meni
431 2748 547 2789 positas
573 2760 669 2790 quum
695 2749 754 2781 iret
780 2748 851 2793 πρὶς
875 2749 924 2781 τὸν
945 2751 1011 2782 9st

319 2788 381 2818 ἐπὸ
398 2790 567 2826 θαλάσσης.
607 2793 731 2823 Frustra
746 2803 818 2834 ergo
835 2793 1010 2824 Gronovius

319 2830 399 2861 hunc
436 2833 515 2864 Livii
551 2835 652 2866 locum
686 2842 865 2878 suspectum
904 2837 1008 2872 habet,

1066 2325 1082 2349 Ρ
1101 2322 1241 2352 Parnassi
1256 2323 1353 2353 Gron.
1371 2323 1462 2354 CreV.

1051 2413 1219 2448 censetque
1273 2408 1439 2449 legendum
1480 2411 1573 2447 primo
1616 2410 1741 2450 agmine.

1052 2451 1143 2481 Nihil
1158 2450 1355 2482 mutandum.

1095 2493 1326 2524 54²*Humerus
1354 2495 1476 2535 sopitas]
1513 2495 1670 2525 Humerus
1699 2494 1743 2524 ita

1052 2536 1157 2571 elisuS,
1187 2545 1221 2566 ut
1252 2541 1369 2567 motum
1400 2547 1586 2578 sensumque
1620 2536 1742 2567 amitte-

1052 2585 1109 2610 ret.

1096 2624 1137 2652 55
1163 2622 1207 2652 Ex
1245 2624 1344 2652 semita
1387 2623 1508 2662 proclivi
1549 2624 1578 2652 iu
1618 2623 1742 2662 declive]

1056 2665 1224 2696 Possumus
1261 2665 1386 2705 quidem
1422 2666 1597 2706 explicare:
1637 2665 1743 2695 multis

1052 2718 1144 2749 super
1167 2708 1341 2738 Eumenem
1368 2708 1545 2749 prolapsum
1571 2708 1637 2749 jam
1667 2718 1741 2738 con-

1054 2750 1149 2791 gestis
1164 2750 1196 2781 in
1211 2750 1333 2782 declive
1348 2751 1431 2781 saxis
1445 2762 1483 2781 ex
1498 2751 1608 2781 senii-ta
1630 2750 1741 2793 procli-

1055 2793 1097 2824 vi.
1141 2794 1260 2825 Tamen
1295 2793 1345 2824 hic
1375 2793 1547 2824 redundare
1577 2793 1743 2825 credideri-

1054 2847 1122 2867 mus
1140 2836 1186 2867 vel
1200 2837 1334 2877 proclivi,
1351 2837 1400 2869 vel
1417 2839 1446 2867 ire
1463 2838 1581 2868 declire.
