1816 3159
330 100 411 139 370

333 207 480 237 Mulieres
492 205 613 243 Argivae
626 206 801 246 spoliantur
812 216 899 242 auro,
916 210 1014 246 veste,

376 254 408 280 et
419 250 537 280 mundo
551 250 591 280 ab
605 260 701 280 uxore
715 250 860 287 Nabidis,
876 254 929 284 32,
946 255 1008 282 4ο,-

353 312 396 319 -
411 294 564 324 damnatae
587 294 705 332 judicio
723 294 858 332 publico,
875 294 1014 333 puniun-

374 340 427 367 tur
437 337 584 376 privatim
599 346 617 366 a
631 338 783 372 cognatis,
794 341 848 372 39,
865 341 913 366 18.

333 381 501 410 Mulierum
532 381 640 409 finitus
666 381 733 418 lege
762 380 867 419 Oppia
895 380 1012 418 cultus,

373 427 429 459 34,
451 427 479 453 1.

352 484 396 492 -
409 467 552 505 eo'e'rcitae
567 466 634 505 lege
650 465 792 495 Voconia
803 465 1014 500 haereditates,

375 513 429 546 41,
450 513 502 538 34.

353 569 397 576 -
410 552 515 587 turba,
530 552 562 580 in
578 552 646 581 foro
669 555 701 581 et
723 552 880 590 Capitolio
897 554 1012 584 sacrifi-

375 596 514 625 cantium
530 597 561 623 et
575 595 769 633 precantium
786 597 871 625 Deos
886 601 1015 627 externo

376 648 459 668 more
475 641 506 667 et
521 637 596 671 ritu,
614 642 666 675 25,
687 643 715 667 1.

354 698 396 704 -
409 686 521 717 terror,
536 681 642 710 audito
657 681 823 711 Annibalis
849 683 886 712 ad
907 684 1013 713 urbem

375 726 526 759 adventu,
544 727 596 759 26,
609 728 641 755 9.

353 786 396 793 --
408 777 482 797 cura
494 767 602 796 habita
616 772 688 806 post
708 770 831 806 captam
849 768 1013 809 Carthagi·

377 821 448 840 nem
464 811 601 847 Novam,
619 814 673 847 26,
688 815 742 842 49.

333 855 474 884 Mulsum
487 855 592 884 datum
606 855 778 893 prosecutis
792 854 887 884 sunus
899 856 1013 886 mortui

377 898 544 936 Scipionis,
566 902 621 932 38,
641 902 690 926 55.

332 941 428 970 Mulsi
443 941 588 980 pocillum
603 941 674 970 Jovi
684 940 805 970 Victori
820 945 941 979 votum,
963 947 1015 980 10,

376 988 428 1013 42.

333 1027 474 1056 Mulvius
491 1037 582 1066 pons,
599 1032 652 1062 27,
669 1032 722 1057 51.

331 1071 366 1100 L.
384 1069 453 1111 [C.]
468 1071 654 1107 Mummius,
671 1072 817 1101 tribunus
833 1071 944 1110 plebis,
960 1077 1013 1107 38,

375 1118 427 1143 54.
457 1119 570 1152 praetor
592 1117 726 1151 creatus,
758 1115 887 1144 sortitur
910 1115 1013 1144 Sardi-

375 1157 472 1192 niam,
497 1161 552 1192 41,
578 1161 627 1187 19.
651 1162 760 1196 postea
785 1158 812 1186 ei
836 1158 1013 1187 decernitur

374 1200 519 1238 quaestio,
540 1204 588 1229 13.

333 1241 374 1273 Q·
390 1242 576 1276 Mummius,
592 1243 736 1272 tribunus
750 1243 860 1281 plebis,
884 1247 939 1280 38,
958 1248 1009 1274 54.

330 1285 367 1314 C.
380 1286 556 1323 Munatius,
569 1286 721 1316 decemvir
729 1287 810 1326 agris
820 1286 1011 1325 dividunclis,

373 1333 426 1363 42,
444 1333 473 1358 4.

332 1371 466 1405 Munda,
484 1373 557 1401 urbs
568 1372 754 1408 Celtiberiae,
766 1377 820 1408 94,
833 1377 883 1401 49.
895 1377 949 1410 40,
960 1377 1013 1404 47.

373 1413 518 1453 proelium
536 1416 573 1444 ad
598 1417 764 1451 Mundam,
794 1425 856 1454 quo
880 1416 1010 1446 vincunt

372 1459 488 1488 Poenos
502 1459 649 1495 Romani,
665 1463 719 1495 94,
734 1463 785 1487 49.

330 1502 470 1530 Mundus
483 1503 658 1539 muliebris,
671 1506 726 1537 32,
743 1506 784 1531 40
804 1502 901 1531 vicl-ct
913 1507 967 1540 34,
981 1507 1010 1533 7.

331 1545 521 1583 Municipes,
536 1550 566 1582 8,
588 1550 636 1574 14.

330 1588 507 1626 Municipia
521 1589 644 1627 Appiae,
659 1591 711 1623 96,
724 1592 752 1617 8.

328 1632 530 1661 Munimenta
539 1633 751 1661 Romanorum
765 1631 802 1660 ad
813 1632 920 1670 Veios,
933 1637 963 1668 5,
983 1636 1009 1661 l.

372 1675 536 1704 combusta
549 1685 567 1703 a
582 1675 778 1711 Veientibus,
795 1679 823 1705 7.

328 1718 460 1746 Muralis
475 1727 602 1755 corona,
622 1718 682 1747 vid.
696 1720 830 1747 Corona.

327 1761 452 1789 Murcia
467 1761 546 1797 Dea,
566 1766 593 1793 1,
610 1766 661 1790 83.
679 1762 716 1790 ad
737 1761 866 1790 Murciae
888 1761 1008 1791 Latinis

371 1804 457 1833 sedes
473 1805 552 1833 datae
566 1805 603 1833 ab
621 1805 710 1834 Anco
727 1804 859 1841 Marcio,
876 1805 950 1835 ibid.

328 1847 475 1883 Murena,
492 1848 555 1877 vid.
572 1847 656 1886 Epit.
673 1850 724 1878 76.
742 1850 792 1876 86.

327 1891 434 1920 Mures
456 1891 488 1919 in
508 1900 597 1920 usum
611 1890 748 1920 ciborum
760 1889 837 1919 versi
850 1890 888 1919 ab
901 1890 1005 1920 obses-

370 1934 412 1962 sis
428 1934 460 1962 in
478 1934 552 1963 urbe
570 1934 722 1970 Casilino,
741 1938 795 1969 23,
818 1938 863 1964 ¹9.

346 1985 509 2005 —aurum
527 1978 656 2013 rodunt,
674 1977 734 2005 vid.
753 1977 905 2015 Prodigia.

324 2019 518 2058 Murgantia,
536 2019 607 2048 urbs
624 2019 723 2048 valida
738 2020 771 2048 in
795 2020 934 2056 Samnio,
950 2029 1004 2058 op-

367 2066 525 2101 pugnatur
537 2067 567 2091 et
583 2063 716 2101 capitur,
736 2067 786 2098 10,
807 2067 855 2094 17.

322 2106 516 2144 Murgantia,
534 2106 606 2135 urbs
617 2106 740 2143 Siciliae,
751 2110 805 2143 24,
819 2111 870 2137 97.
883 2108 934 2135 36.
947 2108 1001 2143 96,

370 2153 420 2178 21.

323 2192 407 2222 Muri
424 2191 491 2220 urbi
504 2192 612 2221 Romae
637 2191 831 2226 circumdati,
860 2195 888 2229 1,
904 2193 933 2220 6.
947 2195 1001 2221 33.

364 2238 416 2265 36.
433 2239 487 2265 88.
503 2239 533 2264 et
547 2239 599 2264 44.
623 2238 655 2272 6,
670 2240 723 2265 32.

321 2278 404 2307 Muri
418 2278 556 2307 omnium
568 2279 610 2308 cis
623 2278 746 2308 Iberum
760 2278 933 2307 civitatium
948 2278 999 2308 de-

360 2321 451 2359 jecti,
468 2325 522 2357 34,
543 2326 589 2353 17.

321 2363 486 2393 Murorum
509 2364 626 2403 pinnae,
643 2368 698 2401 33,
715 2368 745 2393 5.

320 2407 430 2435 Murus
448 2417 546 2436 novus
561 2408 700 2445 objectus
712 2416 766 2444 pro
776 2406 879 2437 diruto
895 2407 927 2437 in
944 2418 999 2447 op-

361 2450 619 2488 pugnationibus,
637 2455 689 2483 21,
711 2455 757 2478 11.
774 2455 829 2486 33,
847 2455 876 2481 7.

317 2491 444 2527 Mutila,
475 2493 573 2521 Istriae
596 2493 758 2531 oppidum,
774 2494 803 2522 vi
834 2493 957 2532 capitur
979 2503 999 2522 a

358 2535 523 2571 Romanis,
542 2539 596 2571 41,
618 2540 663 2564 15,
702 2543 717 2560 2

314 2578 481 2615 Mutilum,
496 2582 648 2614 castrum,
660 2582 716 2614 31,
732 2583 761 2607 9.
777 2583 832 2614 33,
849 2583 904 2609 37.

314 2622 455 2657 Mutina,
478 2625 530 2654 91,
549 2624 601 2649 95.
625 2625 677 2654 35,
695 2626 726 2650 4.
744 2622 865 2650 colonia
879 2622 993 2651 civium

355 2665 582 2700 Romanorum,
598 2667 654 2699 39,
671 2668 721 2692 55.
735 2667 857 2702 captam
868 2672 886 2692 a
898 2664 992 2700 Ligu-

356 2707 453 2743 ribus,
469 2707 624 2745 rccipiunt
633 2706 779 2742 Romani,
795 2710 850 2741 41,
869 2711 920 2736 20.

313 2750 526 2779 Mutinensem
535 2758 640 2786 agrum
651 2749 841 2788 populantur
850 2749 990 2788 Ligures,

314 2797 473 2869 Mitt'i'ng:
485 2835 542 2864 sub
558 2835 713 2864 Annibale
730 2844 837 2864 onmes
855 2833 927 2864 belli
942 2844 990 2863 ar—

782 97 962 135 INDEX
992 96 1052 135 IN
1082 98 1127 136 T.
1159 97 1296 135 LIVII

1098 210 1145 238 tes
1158 207 1301 243 edoctus,
1316 217 1415 239 novus
1428 209 1489 240 dux
1505 211 1537 242 in
1554 210 1672 251 Sicilia,
1685 218 1743 250 25¹,

1099 255 1150 281 40.
1166 255 1263 281 terret
1277 252 1450 290 Romanos,
1467 254 1542 285 ibid.
1558 264 1595 285 eo
1611 257 1742 287 absente

1098 295 1244 333 proelium
1279 296 1500 335 committitur,
1531 303 1584 328 41.
1609 300 1743 330 vincunt

1099 338 1247 375 Romani,
1259 337 1333 368 ibid.
1348 340 1410 369 urit
1419 349 1508 379 agros
1518 342 1671 373 sociorum
1684 353 1740 383 po-

1099 380 1165 419 puli
1180 382 1314 411 Romani
1341 383 1375 412 in
1399 384 1516 420 Sicilia,
1543 387 1595 419 26,
1621 391 1673 416 21.
1700 386 1740 416 ab

1101 424 1274 458 Hannone,
1292 426 1599 463 Carthaginiensium
1609 429 1741 468 impera-

1100 470 1180 504 tore,
1196 468 1380 505 praefectura
1395 471 1603 500 Numidarum
1626 472 1740 510 spolia-

1100 513 1163 543 tur,
1181 515 1234 540 40.
1248 512 1344 541 tradit
1355 513 1564 552 Agrigentum
1581 515 1742 550 Romanis,

1102 553 1177 583 ibid.
1193 554 1327 583 donatur
1339 556 1465 586 civitate
1476 558 1630 595 Romana,
1643 563 1694 593 97,
1710 562 1742 588 5.

1099 596 1162 625 vid.
1176 601 1206 625 et
1221 601 1276 633 38,
1293 601 1345 626 41.

1058 639 1232 677 Mycenica,
1244 638 1331 670 locus
1345 642 1427 671 haud
1442 644 1550 681 procul
1566 644 1673 684 ArgiS,
1685 649 1742 681 32,

1099 686 1154 712 89.

1058 726 1155 764 Myla,
1172 726 1300 763 flumen,
1317 731 1371 764 94,
1382 732 1438 761 ,30.
1450 732 1502 758 31.

1058 769 1164 808 Mylae,
1180 770 1328 808 oppidum
1348 771 1605 809 munitissimum,
1618 773 1741 813 capitur

1100 817 1132 840 et
1147 812 1293 851 diripitur
1306 823 1324 843 a
1339 815 1462 851 Perseo,
1473 819 1528 851 42,
1544 820 1596 846 54.

1060 854 1230 892 Mylasenis
1251 857 1432 887 immunitas
1442 867 1601 896 concessa,
1618 863 1674 896 38,
1685 864 1737 890 39.

1059 898 1278 937 Mylassenses,
1291 900 1387 929 iidem
1403 903 1454 939 qui
1467 901 1738 940 M'yn'asenimccu-

1099 946 1177 980 pant
1193 943 1433 973 Euromensium
1449 945 1576 982 oppida,
1602 948 1657 982 45,
1686 949 1738 974 95.

1099 986 1285 1025 rediguntur
1306 986 1345 1015 ab
1367 988 1498 1017 Rhodiis
1526 988 1559 1016 in
1589 988 1737 1027 officium,

1099 1027 1174 1057 ibid.

1057 1070 1207 1110 Myndus,
1222 1072 1346 1107 civitas,
1362 1076 1414 1108 37,
1434 1076 1482 1102 16.

1056 1114 1189 1153 Myndii,
1207 1119 1261 1151 33,
1279 1120 1332 1146 30.

1057 1158 1264 1196 Myonnesus,
1278 1159 1526 1197 promontorium
1544 1159 1625 1189 inter
1639 1159 1739 1189 Teum

1099 1202 1300 1240 Samumque,
1318 1206 1372 1239 37,
1390 1207 1438 1231 13.
1451 1207 1481 1231 et
1494 1207 1545 1234 27.

1055 1243 1195 1282 Myrina,
1210 1245 1296 1281 urbs,
1318 1249 1373 1283 33,
1388 1249 1440 1275 30.

1055 1287 1151 1324 Mysi,
1168 1288 1229 1316 vid.
1245 1288 1351 1317 Moesi.

1055 1329 1136 1367 Mysi
1154 1331 1319 1367 sagittarii,
1335 1335 1390 1366 37,
1405 1335 1456 1360 40.

1055 1373 1158 1412 Mysia
1172 1373 1304 1403 Eumeni
1322 1375 1448 1409 donata,
1464 1377 1518 1408 38,
1534 1377 1586 1404 39.

1372 1504 1413 1532 Ν.

1057 1629 1171 1667 Nabis,
1187 1630 1490 1660 Lacedaemoniorum
1513 1633 1678 1669 tyrannus,
1694 1629 1735 1659 ab

1094 1674 1245 1703 Romanis
1258 1674 1432 1712 adscriptus
1442 1674 1564 1710 foederi,
1578 1682 1647 1702 cum
1660 1673 1734 1702 Phi·

1093 1717 1178 1756 lippo
1194 1727 1262 1756 rege
1273 1717 1367 1753 inito,
1391 1720 1445 1753 29,
1462 1721 1509 1745 12.
1519 1720 1622 1746 vastat
1635 1716 1732 1746 finiti-

1092 1769 1213 1789 morum
1230 1769 1334 1799 agros,
1349 1764 1404 1796 31,
1422 1764 1476 1789 25.

1134 1803 1161 1832 ei
1184 1805 1352 1832 traduntur
1367 1811 1384 1832 a
1407 1802 1552 1841 Philippo
1567 1802 1658 1841 Argi,
1676 1806 1730 1837 32,

1091 1850 1145 1875 38.
1168 1846 1234 1883 ejus
1251 1856 1320 1876 cum
1344 1845 1382 1875 T.
1402 1846 1537 1878 Quintio
1551 1845 1732 1875 Flaminino

1090 1889 1218 1919 consule
1233 1888 1437 1927 colloquium,
1454 1893 1506 1919 39.
1528 1888 1642 1917 auxilia
1656 1889 1729 1918 mit-

1090 1932 1131 1961 tit
1146 1933 1309 1969 Romanis,
1323 1932 1504 1961 etinducias
1519 1940 1590 1960 cum
1605 1931 1731 1961 Achaeis

1089 1975 1177 2012 facit,
1192 1976 1264 2004 ibid.
1278 1975 1392 2015 spoliat
1408 1975 1616 2013 Argivos,40.
1629 1974 1729 2004 mittit

1089 2027 1215 2048 uxorem
1232 2028 1318 2048 suam
1334 2019 1436 2058 Argos
1447 2018 1485 2047 ad
1497 2017 1673 2057 spoliandas
1683 2018 1727 2047 se-

1088 2062 1203 2098 minas,
1221 2062 1296 2092 ibid.

1131 2105 1168 2134 de
1198 2105 1277 2134 bello
1303 2105 1330 2134 ei
1358 2104 1518 2134 inferendo
1556 2103 1728 2134 deliberant

1087 2148 1207 2185 Patres,
1225 2152 1256 2177 et
1267 2148 1305 2177 T.
1323 2147 1457 2179 Quintio
1470 2156 1533 2176 rem
1545 2150 1643 2176 totam
1657 2156 1726 2186 per-

1086 2192 1233 2227 mittunt,
1251 2196 1305 2228 33,
1320 2195 1373 2221 44.

1129 2234 1242 2263 bellum
1253 2234 1400 2263 adversus
1410 2242 1480 2262 eum
1494 2233 1722 2269 decretum‚34,

1086 2281 1224 2307 22—24.
1246 2281 1412 2317 apparatus
1437 2276 1526 2313 belli,
1550 2278 1600 2304 26.
1624 2279 1654 2303 et
1671 2279 1724 2306 97.

1084 2321 1247 2359 octoginta
1283 2320 1437 2359 principes
1463 2317 1639 2357 juventutis
1662 2317 1724 2347 La-

1084 2364 1200 2392 conicae
1216 2364 1377 2400 interficit,
1393 2363 1468 2392 ibid.
1484 2362 1598 2391 bellum
1614 2360 1722 2389 adver-

1084 2416 1135 2436 sus
1151 2416 1222 2436 eum
1239 2411 1319 2436 terra
1327 2405 1467 2444 marique
1479 2404 1610 2443 geritur,
1624 2406 1677 2433 28.
1691 2407 1722 2432 et

1084 2454 1134 2480 29.
1158 2450 1250 2488 petit,
1279 2453 1315 2478 ut
1344 2449 1402 2477 sibi
1431 2447 1566 2484 colloqui
1589 2455 1658 2476 cum
1681 2446 1721 2477 Τ.

1083 2493 1218 2525 Quintio
1235 2493 1338 2528 liceat,
1350 2495 1402 2521 30.
1430 2490 1497 2527 ejus
1513 2490 1614 2519 oratio
1629 2489 1667 2518 ad
1682 2489 1720 2519 Τ.

1082 2535 1263 2572 Quintium,
1286 2538 1339 2564 31.
1362 2533 1530 2571 respondet
1553 2532 1719 2570 Quintius,

1078 2582 1132 2608 39.
1146 2578 1342 2608 conditiones
1352 2577 1435 2615 pacis
1447 2585 1465 2604 a
1475 2576 1609 2608 Quintio
1622 2575 1720 2614 scrip-

1079 2626 1129 2656 tae,
1145 2624 1197 2650 35.
1212 2629 1287 2658 quas
1302 2619 1433 2659 respuit,
1445 2621 1498 2648 36.
1514 2626 1546 2648 et
1559 2623 1613 2649 37.
1624 2619 1720 2647 Lace-

1077 2664 1247 2693 daemonem
1265 2666 1427 2702 oppugnat
1444 2661 1611 2699 Quintius,
1626 2665 1679 2691 38.
1689 2663 1718 2689 et

1075 2710 1127 2736 39.
1145 2706 1290 2739 induciae.
1308 2710 1360 2736 40.
1376 2706 1475 2735 Nabis
1487 2705 1587 2734 mittit
1598 2705 1719 2743 legatos

1075 2749 1205 2778 Romam
1223 2749 1274 2787 qui
1294 2758 1399 2787 pacem
1412 2749 1592 2787 impetrant,
1605 2751 1659 2777 43.

1117 2792 1349 2822 concitantibus
1359 2792 1471 2821 AEtolis
1481 2792 1584 2821 denuo
1600 2789 1713 2819 bellum

1074 2835 1204 2865 molitur
1216 2836 1363 2865 adversus
1376 2836 1543 2869 Romanos,
1553 2837 1609 2871 35,
1623 2836 1672 2862 19.
1688 2836 1719 2861 et
