1826 3149
355 61 405 95 80
882 57 1027 95 TITI
1077 56 1256 94 LIVII

142 179 182 212 U.
197 182 233 213 C.
247 182 321 214 581,
353 181 452 208 cura
468 167 751 221 praeparanda
755 166 949 221 fuerant,
965 167 1093 220 plena
1112 166 1392 221 cumulataque
1411 164 1558 207 habere
1579 164 1775 207 Macedo-

141 223 180 254 A.
195 225 233 257 C.
250 226 320 256 171.
354 239 440 266 nas.
471 225 647 265 animum
679 223 903 265 habendum
934 238 1029 272 esse,
1052 237 1163 278 quem
1184 223 1400 265 habuerint
1420 222 1590 278 majores
1620 237 1751 264 eorum
1759 238 1775 271 ;

353 283 437 336 qui,
469 283 642 335 Europa
673 282 782 322 omni
811 281 978 328 domita,
999 281 1245 334 transgressi
1273 281 1318 321 in
1348 281 1506 330 Asiam,
1528 280 1774 335 incognitum

333 340 472 395 famae
490 340 728 393 aperuerint
748 338 874 378 armis
893 337 1025 378 orbem
1051 343 1253 378 terrarum
1267 356 1280 378 .·
1323 352 1395 379 nec
1413 344 1510 379 ante
1528 337 1688 378 vincere
1707 338 1776 378 de-

348 398 508 453 sierint,
530 411 650 451 quam
669 395 852 436 ⁷⁶Rubro
868 395 976 436 mari
1003 395 1181 444 inclusis,
1203 396 1312 449 quod
1340 396 1559 443 vincerent,
1581 395 1772 449 defuerit.

349 453 422 504 At,
454 454 648 502 Hercule,
679 466 785 492 nunc
812 465 894 493 non
924 453 974 493 de
1001 453 1155 494 ultimis
1183 452 1320 494 Indice
1348 453 1444 502 oris,
1473 453 1545 494 sed
1572 453 1621 493 de
1648 452 1775 506 ipsius

349 511 612 552 Macedonia:
633 510 882 563 possessione
910 516 1112 550 certamen
1136 509 1358 564 fortunam
1387 510 1598 551 indixisse.
1675 510 1772 550 Cum

338 575 467 622 patre
485 582 555 609 suo
581 573 768 622 gerentes
793 566 935 608 bellum
966 567 1174 608 Romanos
1192 565 1446 619 ⁷⁷speciosum
1471 567 1644 608 Graeciae
1674 567 1774 607 libe-

345 627 491 667 randae
509 626 648 667 tulisse
666 625 840 666 titulum.
870 638 975 665 nunc
987 625 1209 678 propalam
1228 624 1518 666 Illacedoniam
1539 625 1583 665 in
1603 625 1773 665 servitu-

344 689 422 724 tem
436 689 591 736 petere,
612 697 663 724 ne
681 696 755 723 rex
775 682 931 723 vicinus
956 682 1130 736 imperio
1155 682 1209 723 sit
1240 682 1442 731 Romano,
1465 696 1516 722 ne
1540 695 1641 736 gens
1671 681 1774 722 bello

344 740 494 781 nobilis
514 754 630 781 arma
661 739 820 780 habeat.
879 739 988 781 Hcec
1019 740 1124 780 enim
1154 740 1357 780 tradenda
1386 739 1569 792 superbis
1599 739 1773 780 dominis

344 812 425 839 esse
455 811 540 838 cum
561 812 654 852 rege
682 811 898 852 regnoque,
919 797 957 838 si
976 796 1171 838 absistere
1191 796 1309 849 bello,
1330 803 1370 838 et
1384 797 1536 852 facere
1568 797 1771 849 imperata

347 855 487 896 velint.

402 912 536 953 LIII.
570 912 713 962 Quum
747 926 822 967 per
854 925 1018 952 omnem
1053 910 1282 952 orationem
1320 910 1418 953 satis
1452 909 1662 966 frequenti
1699 910 1772 952 ad-

344 983 466 1010 sensu
500 968 807 1010 subclamatum
842 975 974 1015 esset;
1021 976 1112 1009 tum
1148 983 1247 1008 vero
1280 983 1329 1008 ea
1363 966 1618 1018 vociferatio,
1648 967 1771 1008 simul

342 1025 653 1081 indignantium
704 1024 1087 1080 minitantiumque,
1128 1024 1281 1080 partim
1328 1023 1572 1081 jubentium
1612 1024 1770 1066 bonum

342 1082 529 1124 animum
548 1082 703 1123 habere
734 1096 890 1137 regem,
912 1090 1058 1122 exorta
1078 1089 1155 1131 est,
1177 1089 1226 1123 ut
1247 1081 1371 1122 finem
1405 1080 1570 1122 dicendi
1602 1080 1769 1123 faceret.

341 1138 549 1182 ⁷⁸tantum
575 1138 704 1195 jussis
724 1138 779 1180 ad
799 1138 878 1179 iter
910 1143 1087 1194 parare²,
1112 1138 1220 1194 (jam
1241 1138 1350 1179 enim
1371 1138 1467 1188 dici,
1489 1152 1655 1178 movere
1687 1153 1771 1179 cas-

131 1209 332 1242 Macedoniae
343 1203 410 1238 tra
440 1196 494 1237 ab
527 1195 766 1252 Nymphaeo
800 1196 1032 1249 Romanos)
1067 1195 1262 1236 concione
1294 1194 1476 1245 dimissa,
1510 1194 1564 1235 ad
1599 1194 1770 1235 audien-

127 1253 271 1302 civitat-es
342 1253 417 1294 das
449 1253 677 1309 legationes
709 1252 943 1294 civitatium
980 1251 1241 1293 Macedoniae
1276 1267 1319 1293 se
1351 1251 1541 1293 contulit.
1572 1260 1770 1293 venerant

128 1306 295 1370 {ssssgfffflu
341 1318 483 1352 autem
503 1310 558 1351 ad
579 1309 790 1366 pecunias,
812 1324 889 1366 pro
908 1308 1183 1350 facultatibus
1203 1323 1387 1365 quaeque
1408 1308 1507 1359 suis,
1525 1316 1566 1349 et
1586 1307 1772 1349 frumen-

275 1363 283 1372 ’
342 1375 434 1408 tum
455 1366 736 1423 pollicendum
755 1367 809 1408 ad
833 1366 1004 1407 bellum.
1066 1366 1273 1407 Omnibus
1306 1365 1453 1422 gratiae
1486 1373 1604 1415 actae,
1626 1364 1769 1406 remis-

342 1439 435 1465 sum
467 1423 687 1472 omnibus;
732 1423 831 1464 satis
863 1422 1000 1478 regios
1031 1422 1259 1478 adparatus
1291 1422 1345 1463 ad
1366 1438 1415 1464 ea
1445 1422 1606 1463 dictum
1639 1422 1765 1463 subfi-

340 1496 456 1522 cere:
500 1480 694 1522 vehicula
725 1487 891 1522 tantum
924 1480 1141 1535 imperata,
1171 1487 1219 1520 ut
1252 1487 1473 1529 tormenta,
1506 1478 1770 1542 telorumque

340 1537 559 1579 missilium
591 1537 803 1593 ingentem
824 1536 909 1577 vim
942 1544 1236 1592 praeparatam,
1258 1536 1540 1592 bellicumque
1572 1535 1687 1576 aliud
1708 1551 1770 1576 1n-

341 1603 624 1637 strumentum
655 1594 867 1635 veherent.
929 1593 1150 1634 Profectus
1180 1592 1276 1634 inde
1308 1601 1398 1635 toto
1428 1592 1630 1642 exercitu,
1662 1593 1769 1633 Eor-

341 1651 498 1693 daeam‘*
530 1659 691 1707 petens,
713 1650 767 1691 ad
803 1649 1080 1705 Begorritem,
1103 1664 1229 1705 quem
1262 1657 1427 1699 vocant,
1450 1649 1587 1689 lacum
1622 1648 1769 1705 positis

339 1708 500 1759 castris,
521 1715 689 1764 postero
709 1707 777 1748 die
797 1707 841 1748 in
862 1706 1069 1748 Elimeam
1090 1706 1144 1747 ad
1178 1706 1455 1747 Haliacmona
1474 1705 1652 1746 fluvium
1673 1721 1769 1762 pro-

127 1777 158 1807 It
173 1777 204 1807 in
218 1777 316 1809 Thes·
338 1765 472 1808 cessit.
553 1764 718 1806 Deinde
767 1763 876 1806 saltu
916 1771 1097 1819 angusto
1138 1763 1343 1819 superatis
1392 1763 1619 1812 montibus,
1661 1777 1768 1818 quos

125 1820 246 1851 saliam.
341 1821 597 1864 Cambunios
632 1829 797 1871 vocant,
830 1820 1043 1862 descendit
1064 1819 1158 1860 79ad
1198 1819 1428 1876 (Tripolim
1460 1822 1630 1875 vocant)
1654 1821 1767 1860 Azo-

338 1895 448 1930 rum,
469 1878 733 1935 8⁰Pythium,
755 1886 797 1919 et
820 1877 1026 1918 Dolichen
1058 1876 1294 1918 incolentes.
1357 1878 1466 1918 Haec
1498 1876 1580 1917 tria
1609 1875 1767 1932 oppida

337 1936 567 1992 paullisper
598 1943 808 1985 cunctata,
838 1934 939 1990 quia
970 1934 1134 1975 obsides
1169 1933 1384 1975 Larissaeis
1416 1933 1633 1983 dederant,
1655 1933 1767 1975 victa

338 2002 477 2035 tamen
498 1992 696 2049 praesenti
715 2000 847 2041 metu,
868 1991 911 2032 in
932 1991 1186 2032 deditionem
1214 1999 1516 2032 concesserunt.
1578 1989 1765 2046 Benigne

337 2049 403 2091 his
423 2049 656 2106 adpellatis,
677 2049 795 2090 haud
826 2048 983 2090 dubius
1017 2048 1266 2089 Perrhaebos
1298 2063 1469 2104 quoque
1500 2047 1611 2088 idem
1630 2047 1766 2088 factu-

338 2121 419 2158 ros,
441 2107 645 2156 ⁸¹urbem,
667 2106 770 2147 nihil
803 2105 1023 2156 cunctatis,
1046 2104 1120 2161 qui
1140 2105 1390 2156 incolebant,
1412 2104 1547 2160 primo
1579 2104 1765 2145 adventu

336 2164 496 2221 recipit.
568 2163 801 2219 ⁸²Cyretias
841 2177 1087 2219 oppugnare
1122 2163 1327 2213 coactusb,
1362 2162 1498 2218 primo
1532 2160 1657 2203 etiam
1697 2159 1764 2202 die

463 2247 481 2264 Ζ
494 2244 598 2283 parari
614 2242 706 2274 Crev.
837 2245 852 2262 ³
872 2242 1013 2271 Eordeam
1030 2241 1126 2272 Gron.
1144 2243 1237 2272 (ἐι-εν.
1369 2239 1385 2262 b
1400 2246 1518 2270 conatus
1535 2239 1631 2270 Gron-

379 2314 421 2344 76
445 2313 546 2343 Rubro
560 2312 651 2352 mari]
670 2311 709 2342 Id
724 2316 781 2347 est,
795 2311 916 2342 Indico.
961 2311 1026 2341 Ve-
1114 2311 1154 2341 79
1166 2310 1242 2340 ‘Ad
1259 2309 1420 2351 (Tripolim
1443 2307 1562 2344 vocant)
1585 2307 1711 2338 Azorum
1729 2329 1738 2338 .
1755 2329 1765 2338 .

335 2363 415 2389 teres
440 2354 542 2387 Rubri
565 2354 659 2386 maris
679 2354 803 2385 nomine
826 2364 887 2385 non
909 2353 1025 2384 intelli-
1069 2352 1239 2393 incolentes]
1267 2352 1319 2382 Ad
1341 2352 1511 2382 incolentes
1534 2350 1679 2387 Azorum,
1698 2350 1760 2391 Py-

334 2401 452 2442 gebant
484 2396 679 2429 solummodo
710 2396 882 2427 Arabicum
912 2396 1025 2432 sinum,
1070 2396 1182 2432 thium,
1199 2401 1231 2426 et
1255 2394 1424 2430 Dolichen,
1448 2404 1543 2435 quam
1565 2392 1692 2433 quidem
1714 2403 1761 2423 re-

335 2443 386 2474 cui
402 2452 485 2474 nunc
500 2440 557 2471 soli
579 2441 648 2470 haec
673 2439 843 2481 appellatio
867 2438 1026 2475 remansit,
1070 2438 1194 2479 gionem
1217 2437 1366 2480 Tripolim
1390 2442 1514 2468 vocant.
1560 2436 1684 2475 Tripolis
1704 2446 1763 2466 vox

335 2486 390 2517 sed
413 2490 444 2517 et
469 2483 630 2515 Persicum
652 2482 765 2518 sinum,
782 2487 860 2512 teste
874 2482 988 2518 Plinio,
1005 2482 1025 2512 l.
1072 2482 1187 2512 Graeca
1215 2486 1272 2516 est,
1295 2480 1438 2511 indicans
1465 2478 1679 2521 regiunculam
1706 2478 1760 2509 tri-

337 2530 396 2560 VI.
414 2539 442 2559 c.
454 2528 508 2558 24.
525 2532 619 2567 atque
641 2525 736 2555 etiam
760 2524 905 2555 Indicum
921 2535 1024 2555 mare:
1069 2525 1128 2555 bus
1142 2522 1264 2566 oppidis
1279 2522 1462 2554 habitatam.

337 2578 371 2603 ut
400 2576 488 2614 patet
509 2581 547 2601 ex
570 2569 629 2600 hoc
654 2568 734 2603 loco,
758 2573 789 2598 et
812 2578 849 2598 ex
874 2567 982 2599 Curtio
1005 2568 1026 2598 l.
1113 2568 1155 2598 80
1180 2564 1338 2607 Pythiam]
1359 2565 1464 2605 Vulgo
1487 2564 1646 2604 Pythoum.
1685 2564 1760 2594 Mu-

336 2615 437 2647 VIII.
454 2614 526 2645 c.9.
541 2612 575 2643 in
589 2609 796 2653 descriptione
812 2610 925 2641 Indiae.
1071 2609 1150 2641 tavit
1172 2608 1316 2650 Sigonius
1337 2619 1375 2639 ex
1399 2606 1567 2639 Plutarcho
1589 2606 1621 2637 in
1645 2606 1757 2643 Paulo,

379 2659 420 2689 77
451 2658 614 2697 Speciosam
637 2676 647 2686 .
677 2675 685 2683 .
718 2676 727 2684 .
759 2654 855 2684 tulisse
888 2654 1025 2695 titulum]
1070 2659 1101 2684 et
1116 2653 1284 2695 Stephano.

338 2700 514 2732 Gronovius
528 2698 605 2740 legit
617 2697 790 2737 proetnlisse.
867 2723 870 2726 ,
1113 2696 1151 2726 81
1182 2696 1297 2731 Urbem,
1342 2694 1419 2724 nihil
1460 2693 1620 2734 cunctatis]
1666 2692 1760 2723 Patet

381 2744 421 2774 78
448 2744 576 2774 Tantum
609 2741 702 2780 jussis
742 2741 781 2770 ad
815 2740 870 2769 iter
905 2740 1025 2780 parari]
1071 2737 1223 2770 excidisse
1237 2747 1350 2769 nomen
1364 2735 1459 2767 urbis.

336 2785 480 2826 Sigonius
503 2783 693 2820 emendavit,
717 2793 812 2825 quum
836 2780 920 2824 prius
942 2781 1025 2822 lege·
1115 2782 1156 2812 82
1181 2782 1313 2822 Cyretias
1345 2789 1513 2820 oppugnare
1542 2779 1671 2819 coactus]
1706 2776 1757 2807 Sic

337 2834 418 2860 retur
436 2840 552 2868 parare.
1072 2824 1182 2856 habuit
1206 2829 1293 2856 vetus
1321 2822 1494 2864 exemplar.
1538 2820 1681 2861 Sigonius
1692 2819 1757 2861 jus-
