1816 3159
309 73 478 111 cxxxviii
681 71 1080 110 FRAGMENTUM
1108 72 1260 110 LIBRI
1289 72 1394 110 XCI.

307 183 455 223 berum
485 181 640 222 flumen
676 181 814 236 copias
855 180 1045 222 adduxit.
1110 181 1177 222 Ibi
1216 181 1497 223 hibernaculis
1538 184 1767 246 secundum

307 239 549 295 ⁷oppidum,
567 238 683 294 quod
707 239 739 278 C
744 246 856 279 astra
872 237 988 278 AElia
1007 245 1196 289 vocatur,
1211 238 1466 289 aedificatis,
1457 254 1545 295 ipse
1560 239 1604 280 in
1624 249 1768 282 castris

306 297 516 346 manebat,
548 294 731 336 interdiu
762 302 1013 336 conventum
1045 294 1247 335 sociarum
1277 294 1510 336 civitatium
1539 311 1583 337 1n
1612 297 1768 354 oppido

306 354 469 407 agebat.
531 354 666 397 Arma
700 360 748 392 ut
781 351 941 402 fierent,
975 366 1052 406 pro
1092 351 1221 407 copiis
1260 353 1466 408 cujusque
1504 354 1652 409 populi
1691 369 1767 410 per

306 417 439 451 totam
470 408 727 465 provinciam
758 408 966 449 edixerat:
1019 408 1175 464 quibus
1203 408 1413 464 inspectis,
1447 411 1601 451 referre
1633 419 1771 452 cetera

307 481 423 507 arma
452 466 603 506 milites
628 466 771 521 jussit,
793 464 915 521 8quae
937 473 1011 507 aut
1041 465 1260 507 itineribus
1290 467 1460 517 crebris,
1483 475 1557 508 aut
1577 467 1771 524 9oppug-

306 525 552 564 nationibus
571 525 785 576 variisque
801 525 964 576 praeliis
994 522 1195 564 labefacta
1214 531 1344 564 ciant.
1405 524 1528 565 Nova
1556 539 1676 565 mane
1696 540 1772 581 per

306 580 568 621 centuriones
582 579 615 603 ¹⁰
625 579 767 620 divisit
785 581 928 621 militi.-
960 578 1090 620 11111111
1108 595 1279 635 quoque
1291 582 1401 634 ipsos
1412 580 1517 622 111511
1520 581 1613 622 uxit
1629 597 1768 633 armis,

306 637 678 692 ¹vestimentaque
719 638 887 685 adema,-
939 636 1017 677 ¹³et
1057 652 1281 690 operatum
1316 637 1573 693 impendium
1608 638 1768 680 datum.

308 694 343 733 F
347 694 468 734 abros
490 697 602 735 enim
623 695 911 744 advocaverat,
928 693 1111 749 indeque
1133 694 1342 735 exciverat
1360 694 1513 749 quibus
1529 695 1771 736 officinabus

307 750 536 791 Mbitumen
577 757 888 805 eavcoqueretw½
919 750 1078 792 ratione
1108 750 1212 792 inita
1244 750 1350 807 quid
1380 751 1423 791 in
1459 751 1643 807 singulos
1684 752 1772 793 dies

308 807 411 848 effici
433 816 585 863 posset.

365 865 543 907 ITAQUE
565 864 703 905 omnia
725 865 848 905 simul
872 864 1150 906 instrumenta
1169 864 1269 905 belli
1289 865 1558 920 palmabantur
1620 867 1770 922 Neque

306 921 479 963 materia
499 921 743 971 artificibus,
761 921 1008 977 piaeparatis
1030 930 1127 963 ante
1150 922 1359 973 omnibus,
1382 921 1471 964 15111
1489 925 1774 965 ministerium

306 1097 422 1127 aquam
454 1088 670 1129 projicientis:
712 1090 797 1119 infra
847 1097 1017 1120 1111313nvs.

307 1132 387 1161 Inde
403 1136 527 1161 constat
543 1138 615 1162 tum
632 1133 764 1171 antiqua
780 1134 1019 1171 orthographia,

306 1175 359 1203 cui
374 1175 460 1203 favet
477 1176 576 1204 codex
592 1175 782 1212 Vaticanus,
798 1180 868 1205 tum
893 1176 1020 1215 Hyspa-

1109 1089 1150 1119 14
1173 1091 1322 1119 Bitumen
1337 1092 1562 1130 excoqueretur.
1606 1090 1674 1118 Aut
1689 1095 1776 1117 exeo.

1064 1136 1218 1172 queretur,
1242 1137 1298 1162 aut
1318 1133 1505 1173 eliquaretur
1550 1131 1774 1171 supplendum.

1066 1177 1222 1206 Sertorius
1253 1177 1476 1204 machinarum
1499 1176 1632 1205 scientia
1653 1179 1685 1203 et
1713 1181 1775 1203 usu

309 1226 388 1246 num
408 1217 551 1246 fluminis
567 1219 762 1256 symbolum.

353 1260 371 1288 7
398 1259 567 1298 Oppidmn,
590 1260 667 1298 quod
691 1261 804 1290 Castra
823 1260 909 1289 AElia
936 1270 1022 1290 voea-

309 1305 372 1332 tur.
416 1303 578 1340 Oppidum
594 1303 672 1332 illud
689 1304 744 1332 uni
759 1303 850 1331 Livio
864 1312 1023 1332 memora-

309 1350 393 1379 tum,
410 1346 626 1383 propinquum
650 1346 713 1374 fuit
732 1346 852 1374 Hibero
877 1346 1016 1376 flumini:

309 1389 354 1417 ita
370 1397 445 1417 sane
458 1388 593 1422 dictum,
608 1389 647 1417 ab
664 1389 746 1417 AElio
757 1389 863 1426 aliquo
880 1389 934 1426 qui
955 1398 1022 1417 cas-

288 1457 294 1463 ,
310 1436 358 1460 tra
374 1431 417 1459 ibi
434 1431 621 1459 condiderit.
646 1432 683 1460 In
702 1431 803 1465 Oscae,
821 1441 906 1460 nunc
920 1431 1023 1460 Hues-

309 1499 357 1527 ca,
369 1489 512 1518 nummis
527 1494 726 1519 memoratur
736 1498 767 1519 C.
777 1497 899 1520 AEles
909 1491 1023 1527 IIvm,

310 1534 343 1562 id
360 1537 407 1561 est
426 1532 462 1561 C.
479 1533 587 1561 ,Elius
603 1534 758 1562 duumvir.

352 1575 372 1605 8
399 1576 477 1611 Quoe
492 1578 545 1604 aut
561 1576 731 1606 itineribus.
756 1576 837 1605 Haec
858 1576 904 1605 Cl.
919 1576 1024 1604 Bruns

311 1619 381 1647 sine
404 1619 469 1647 ulla
491 1619 695 1647 distinctione
717 1628 791 1648 cum
816 1619 1022 1657 sequentibus

312 1670 392 1690 nova
428 1670 516 1690 mane
556 1664 612 1690 etc.
656 1659 881 1700 conjungebat.
928 1661 1022 1692 Quod

312 1713 410 1742 quam
434 1704 585 1733 vitiosum
610 1704 651 1732 sit
673 1705 750 1733 satis
774 1704 891 1733 indicat
915 1713 1022 1733 rerum

314 1748 548 1784 verborumque
561 1747 668 1777 series.

359 1790 379 1818 9
404 1788 692 1828 Oppugnationz'bus
720 1790 875 1829 variisque
908 1790 1025 1828 proeliz's

316 1832 472 1872 labefacta.
520 1833 572 1862 Ita
601 1833 816 1870 supplendum
844 1836 1026 1862 monstrant

317 1879 348 1904 et
365 1876 550 1913 superstites
572 1875 686 1911 literae,
703 1880 735 1905 et
758 1884 895 1905 vacuum
918 1877 1025 1914 ipsum

318 1918 468 1956 spatium.
515 1919 613 1947 Arma
637 1923 745 1948 autem
769 1919 948 1954 itineribus,
972 1926 1027 1956 op-

317 1961 578 1998 pugnationibuS‚
606 1962 723 1998 proeliis
750 1962 862 1995 deteri,
889 1961 1027 1991 labefieri

318 2007 431 2031 notum
448 2012 484 2032 ac
507 2008 707 2041 compertum
724 2009 783 2034 est.
827 2003 897 2032 Nec
919 2004 959 2033 de
976 2005 1025 2033 iti-

318 2046 447 2074 neribus
463 2046 582 2074 mirum
600 2046 756 2084 videatur,
772 2056 846 2076 cum
863 2047 895 2074 in
912 2047 951 2074 iis
967 2056 1024 2076 516-

318 2097 357 2126 pe
387 2089 548 2117 caedendae
578 2093 682 2117 essent
713 2087 870 2126 materiae,
902 2089 1026 2128 aliaque

318 2132 509 2168 praestanda,
521 2140 592 2168 quae
604 2132 719 2168 passim
731 2137 900 2161 occurrunt
910 2133 942 2160 in
952 2142 1025 2161 ana-

317 2173 444 2212 glyphis
461 2174 629 2203 Columnae
646 2172 806 2213 Trajanae.

362 2215 402 2245 10
426 2216 548 2245 Divisit
578 2217 684 2245 militi.
731 2217 964 2256 Supplendum,
990 2222 1026 2246 ut

318 2263 415 2296 patet,
433 2259 544 2295 mileti,
563 2260 610 2288 vel
634 2260 789 2289 militibus.
835 2261 941 2289 Placet
956 2270 1022 2290 ma-

316 2302 365 2339 gis
381 2302 486 2337 militi,
500 2311 540 2331 ne
556 2302 705 2340 ambigua
719 2303 781 2331 sint
798 2312 869 2341 quae
886 2312 1024 2342 sequun-

318 2348 382 2374 tur.

361 2387 398 2415 ll
425 2387 506 2416 Tum
523 2396 637 2426 quoque
660 2389 747 2426 ipsos.
795 2389 883 2426 1psos
900 2398 1025 2427 quoque

315 2431 515 2458 centuriones
541 2431 638 2458 armis
654 2431 816 2460 instruxit.
862 2432 942 2465 Quae
958 2441 1025 2461 ma-

316 2476 392 2500 nent
416 2472 529 2509 literae,
553 2471 820 2512 Supplementum
843 2475 919 2503 satis
942 2475 1024 2504 indi-

316 2519 400 2542 cant.

361 2556 399 2586 12
429 2557 671 2595 Vestimentaque
692 2558 810 2587 addita.
856 2559 925 2588 Nec
941 2560 1023 2589 diffi-

316 2598 375 2628 cile
391 2609 517 2637 quoque
532 2599 594 2628 fuit
618 2600 899 2639 Supplementum,
915 2612 970 2640 per
992 2612 1025 2632 se

316 2643 392 2671 satis
408 2643 551 2673 obvium.

360 2684 401 2713 13
423 2685 468 2713 Et
483 2694 647 2723 operarum
666 2685 862 2723 impendium.
906 2687 1023 2716 Fabros

315 2727 396 2756 euim
426 2727 636 2757 adzocaztrat
690 2729 807 2763 1‹1‚ut
837 2728 960 2766 opinor,
990 2733 1022 2758 et

316 2770 383 2798 loco
395 2774 427 2799 et
444 2770 615 2800 narrationi
638 2772 913 2823 accommodatum
935 2772 1022 2802 vide-

315 2812 406 2840 bnur.

1067 1219 1289 1257 peritissimo&
1306 1222 1341 1247 ut
1357 1219 1463 1247 videre
1486 1224 1534 1248 est
1550 1218 1634 1256 apud
1650 1217 1776 1246 Plutar-

1066 1263 1163 1291 chum
1188 1262 1220 1290 in
1244 1258 1312 1299 ejus
1335 1261 1413 1297 vita,
1436 1261 1587 1290 adversus
1610 1262 1717 1290 hostes
1743 1261 1776 1288 et

1066 1304 1223 1333 bitumine
1239 1308 1270 1331 et
1294 1305 1451 1333 malleolis
1467 1308 1498 1332 et
1513 1304 1650 1333 falaricis
1665 1303 1776 1332 uteba-

1068 1351 1132 1383 tur,
1144 1347 1285 1375 maxime
1301 1355 1373 1374 cum
1386 1348 1593 1376 incendendae
1605 1350 1710 1375 essent
1724 1353 1778 1373 eo-

1066 1399 1139 1418 rum
1171 1393 1284 1418 turres,
1345 1389 1394 1418 De
1424 1389 1473 1418 his
1507 1387 1776 1418 machinamentis

1068 1432 1236 1470 Vegetius‚
1259 1431 1294 1460 de
1316 1432 1364 1460 Re
1385 1432 1530 1469 militari,
1543 1431 1666 1461 IV.18.
1690 1429 1776 1465 Quod

1066 1477 1095 1504 si
1117 1474 1262 1512 oppidani
1284 1477 1368 1504 exire
1392 1484 1449 1504 non
1479 1475 1620 1509 audeant,
1647 1474 1776 1513 majores

1068 1518 1200 1550 balistas,
1225 1518 1373 1546 malleolos
1394 1518 1441 1547 vel
1456 1517 1611 1557 sulm-icas
1634 1526 1703 1546 cum
1727 1516 1773 1544 in-

1068 1560 1169 1589 cendio
1185 1560 1348 1594 destinant,
1367 1564 1399 1590 ut
1419 1562 1577 1599 perruptis
1599 1560 1702 1596 coriis,
1727 1558 1775 1587 vel

1068 1603 1249 1637 centonibus,
1272 1604 1454 1633 intrinsecus
1464 1605 1596 1642 flamma
1615 1603 1778 1632 condatur.

1065 1645 1203 1675 Mztleolz
1226 1645 1307 1674 velut
1322 1648 1444 1685 sagittae
1459 1649 1542 1681 suut,
1558 1649 1585 1675 et
1608 1645 1661 1675 ubi
1674 1645 1775 1674 adlue-

1066 1690 1173 1723 serz'nt‚
1190 1689 1262 1726 quia
1284 1689 1422 1719 ardentes
1445 1692 1528 1725 sunt,
1543 1690 1686 1718 universa
1703 1697 1777 1717 con-

1057 1733 1214 1771 flagrant.
1269 1733 1413 1761 Falariea
1442 1735 1554 1767 autem,
1586 1731 1625 1761 ad
1653 1731 1776 1760 modum

1067 1775 1173 1809 uastoe,
1189 1775 1290 1804 valido
1303 1776 1479 1813 praefigitur
1484 1775 1596 1815 ferro:
1628 1775 1709 1803 inter
1725 1777 1775 1802 tu-

1069 1817 1139 1846 bum
1153 1820 1181 1846 et
1197 1817 1305 1847 hastile
1317 1817 1472 1857 sulphure,
1485 1819 1599 1852 resina,
1611 1818 1774 1851 bitumine,

1069 1861 1245 1899 stuppisque
1266 1862 1456 1891 convolvitur
1479 1860 1581 1901 infuso
1602 1861 1674 1893 οἷεο,
1700 1859 1777 1900 quod

1070 1902 1293 1933 incendiarium
1309 1906 1427 1938 vocant,
1447 1913 1513 1942 qua>
1528 1904 1643 1932 balistae
1660 1903 1775 1942 impetu

1070 1945 1231 1979 destinata,
1249 1949 1398 1985 perrupto
1420 1946 1590 1976 munimine
1612 1944 1719 1976 ardens
1732 1945 1775 1984 fi-

1069 1989 1156 2026 gitur
1177 1988 1272 2026 ligno,
1295 1989 1498 2027 turritumque
1519 1988 1692 2018 machinam
1705 1990 1777 2029 fre-

1069 2034 1193 2068 quanter
1208 2032 1348 2061 incendit.
1395 2032 1538 2061 Falarica
1551 2040 1623 2061 usos
1638 2040 1706 2060 esse
1723 2033 1778 2061 Sa-

1069 2075 1220 2111 guntinos
1236 2075 1327 2104 docet
1344 2075 1455 2104 Livius
1471 2074 1570 2104 XXI.
1587 2074 1616 2103 8.
1632 2074 1777 2104 Falarica

1069 2121 1177 2145 autem
1205 2121 1270 2146 erat
1299 2118 1496 2156 Saguntinis,
1526 2117 1641 2146 missile
1670 2117 1776 2156 telum,

1068 2158 1173 2188 Ite-stili
1194 2159 1330 2199 oblongo,
1348 2164 1375 2190 et
1399 2163 1495 2190 cetera
1517 2161 1604 2189 tereti
1617 2172 1629 2192 ‚-
1645 2164 1777 2198 proeter-

1070 2210 1159 2241 quam
1185 2202 1223 2231 ad
1244 2207 1429 2240 eaetremmn,
1452 2203 1530 2232 unde
1541 2202 1670 2242 ferrum
1691 2205 1776 2232 exta-

1069 2245 1139 2273 bat.-
1163 2245 1195 2274 id
1216 2246 1295 2274 sicut
1318 2248 1351 2275 in
1367 2246 1447 2285 pilo,
1464 2245 1645 2285 quadratum
1666 2248 1777 2285 stuppa

1068 2287 1335 2326 circumligabant,
1354 2289 1550 2339 linebantque
1573 2289 1654 2327 pice.
1696 2289 1775 2318 Fer-

1069 2340 1139 2360 rum
1154 2333 1256 2360 autem
1273 2334 1302 2359 tr
1304 2341 1335 2360 es
1350 2332 1382 2360 in
1397 2331 1523 2370 longum
1536 2331 1662 2360 hahebat
1673 2331 1774 2368 pedes,

1069 2375 1103 2401 nt
1125 2382 1194 2402 cum
1216 2374 1314 2403 armis
1341 2362 1465 2413 ‘rav-{fiis
1453 2382 1520 2403 ere
1541 2383 1591 2403 601
1586 2383 1648 2412 pus
1664 2377 1776 2412 posset.

1069 2416 1213 2453 Antiqua
1235 2425 1325 2446 arma
1340 2418 1372 2445 in
1392 2417 1561 2446 Celtiberia
1582 2420 1706 2454 reperta
1721 2426 1776 2447 ex·

1068 2458 1156 2487 hibet
1173 2458 1400 2489 Serenissimus
1423 2459 1573 2496 Princeps
1597 2459 1775 2497 Hispaniae,

1069 2502 1111 2531 D.
1127 2501 1269 2538 Gabriel,
1285 2502 1316 2530 in
1333 2502 1459 2550 egregio
1474 2510 1531 2530 suo
1546 2511 1650 2540 opere,
1666 2501 1777 2531 Salus·

1068 2544 1121 2578 tio,
1139 2552 1210 2582 pag.
1226 2544 1300 2574 303.

1114 2585 1154 2614 15
1190 2587 1232 2615 In
1260 2587 1465 2616 ministerium
1497 2586 1623 2616 taidzor.
1669 2587 1774 2617 Locus

1069 2630 1202 2657 omnino
1217 2636 1383 2668 corruptus
1399 2630 1438 2658 ab
1460 2629 1528 2666 ipso
1552 2634 1657 2659 vetere
1679 2631 1774 2660 libra-

1068 2671 1126 2705 rio,
1144 2672 1170 2699 si
1185 2672 1315 2709 quidem
1339 2673 1371 2700 in
1394 2672 1502 2701 codice
1518 2671 1677 2701 Vaticano
1698 2673 1777 2711 legi-

1066 2717 1119 2742 tur
1142 2714 1476 2752 iuixogivitium-udio.
1506 2714 1568 2751 ¹Ni
1592 2720 1774 2745 tamen.me

1065 2764 1138 2784 mea
1159 2756 1242 2784 fallit
1265 2755 1462 2796 conjectura,
1479 2756 1519 2786 ad
1536 2756 1621 2786 Livii
1644 2766 1772 2787 sensum

1065 2798 1209 2835 proxime
1225 2801 1393 2838 accedunt,
1409 2809 1481 2839 quae
1498 2801 1636 2839 reposui.
1668 2801 1774 2839 Erunt·

1713 2891 1720 2906 ἱ
