1816 3159
60 1830 178 1860 Livms

63 1884 160 1903 RECTI
179 1883 238 1902 no·

59 1927 227 1948 Nitsrxouss

60 1970 189 1990 AMANS.

59 2633 165 2665 Pietas
180 2633 245 2674 ejus

59 2688 92 2708 ιιι
107 2687 245 2708 numina.

276 72 416 121 xxxii
771 69 1230 119 PRAEFATIO.

276 211 481 274 lybiana
504 210 775 274 pleniorem
802 221 851 257 et
873 211 1144 260 uberiorem
1181 212 1349 261 fuisse.
1421 209 1556 257 Num
1581 210 1728 273 igitur

277 288 539 336 verisimile
558 287 623 334 sit
639 287 850 342 Livium,
874 287 957 334 ubi
979 305 1128 350 parce
1152 296 1201 337 et
1225 287 1438 337 tenuiter
1461 305 1491 334 a
1514 288 1725 350 Polybio

270 366 556 427 juvabatur,
578 365 642 412 ibi
669 365 1016 413 effusissimum
1037 367 1163 429 grati
1189 384 1303 430 erga
1328 383 1441 414 eum
1468 365 1616 413 animi
1639 374 1733 413 tes-

278 443 537 490 timonium
573 442 885 505 explicasse,
925 442 1007 490 ubi
1033 444 1199 492 omnia
1234 445 1333 492 fere
1369 443 1440 490 illi
1477 444 1640 500 debet,
1668 443 1732 490 si-

277 521 461 568 luisse?

348 597 548 645 Deinde
574 613 703 653 vero,
724 597 918 646 etiamsi
942 599 992 646 id
1020 599 1173 647 semel
1201 598 1375 646 secisse
1396 598 1592 647 Livium
1619 614 1734 645 con-

280 676 586 735 cederemUS,
612 682 778 723 tamen
803 684 907 724 erat
931 677 1153 740 profecto
1179 677 1321 733 tanti,
1347 677 1477 724 hanc
1504 677 1733 724 testifica-

278 754 481 809 tionem,
509 769 609 801 non
637 753 851 817 Polybio
888 755 1062 818 magis,
1089 772 1237 819 quam
1267 755 1361 818 ipsi
1387 755 1732 810 honorificam,

277 831 551 879 identidem
586 832 843 890 renovari,
880 834 1150 897 praesertim
1184 850 1339 897 quum
1370 833 1420 880 in
1452 832 1508 880 iis
1540 832 1623 896 qui
1656 849 1734 879 su-

279 916 485 971 persunt
525 909 656 957 libris
693 909 958 974 aliquoties
990 910 1230 973 Polybius
1266 910 1555 974 appelletur,
1593 913 1735 974 cujus

277 986 352 1034 vel
390 988 527 1034 nuda
563 988 750 1036 mentio
787 989 882 1037 hoc
917 1005 1180 1053 reposcere
1205 988 1464 1036 videbatur
1500 986 1733 1035 memoris

277 1079 394 1126 erga
418 1071 518 1112 tam
545 1065 904 1114 benemeritam
941 1066 1229 1130 scriptorem
1261 1066 1410 1114 animi
1434 1065 1734 1114 benevolen-

277 1141 460 1206 tiaeque
485 1143 716 1205 vectigal.

343 1220 396 1268 Si
432 1220 542 1284 quis
577 1220 726 1284 igitur
755 1222 848 1269 hac
882 1224 1206 1270 excusatione
1243 1222 1437 1269 Livium
1462 1221 1735 1268 defendere

278 1304 500 1353 conetur,
528 1314 628 1345 non
665 1314 968 1362 magnopere
992 1300 1393 1362 repugnabimus.
1468 1298 1631 1347 Nobis
1659 1307 1731 1346 ta-

276 1391 391 1422 men
426 1375 511 1422 illa
546 1392 637 1422 nec
682 1376 802 1423 satis
839 1375 1126 1433 verisimilis,
1168 1393 1262 1424 nec
1309 1377 1489 1423 idonea
1524 1375 1732 1423 videtur.

276 1453 553 1502 Statuimus
580 1470 696 1517 ergo
723 1454 915 1518 duplici
941 1471 1051 1502 eum
1079 1454 1391 1517 negligentiae
1422 1453 1626 1501 crimine
1652 1453 1732 1500 vix

275 1532 467 1580 absolvi
493 1549 660 1596 posse,
688 1539 792 1580 tum
820 1532 952 1580 circa
976 1549 1050 1579 res
1075 1531 1227 1595 ipsas,
1256 1539 1359 1579 tum
1387 1530 1520 1578 circa
1544 1531 1732 1577 fontem

274 1611 614 1675 originemque
654 1628 832 1668 rerum,
869 1628 994 1674 quas
1032 1610 1083 1658 in
1120 1627 1300 1673 magna
1337 1608 1555 1657 historiae
1591 1614 1732 1672 parte

275 1689 582 1737 memoravit.

343 1765 446 1813 Sed
487 1765 686 1813 mininie
725 1766 955 1813 miremur
994 1774 1173 1821 tamen,
1208 1765 1282 1813 his
1320 1764 1545 1822 maculis,
1579 1781 1729 1828 quas-

277 1860 491 1907 cumque
516 1844 567 1892 in
586 1844 728 1892 Livio
751 1844 1049 1899 notavimus,
1070 1860 1172 1890 non
1198 1843 1558 1891 obsolefactam
1579 1842 1730 1889 fuisse

275 1922 482 1984 gloriam
510 1922 615 1982 ejus
642 1922 707 1968 ad
735 1927 978 1983 posteros.
1049 1919 1253 1968 Etenim
1290 1928 1465 1983 praeter
1497 1919 1729 1966 eximium

276 1999 397 2046 illud
425 2000 654 2062 perfectae
678 1997 974 2062 eloquentiae
1001 1999 1174 2055 decus,
1201 1999 1265 2045 de
1301 2014 1400 2062 quo
1435 1996 1577 2044 initio
1605 1996 1732 2044 dixi-

275 2092 399 2132 mus,
429 2077 523 2124 hoc
549 2076 724 2140 quanti
749 2083 839 2133 est,
863 2077 996 2140 quod
1019 2077 1089 2125 vir
1113 2077 1274 2124 bonus
1301 2083 1351 2123 et
1375 2075 1491 2123 recti
1513 2074 1731 2123 honesti-

273 2170 371 2216 que
390 2170 562 2201 amans
583 2153 769 2209 Livius,
794 2170 936 2200 suam
960 2153 1143 2217 ubique
1163 2153 1329 2201 virtuti
1349 2153 1567 2209 laudem,
1587 2169 1729 2200 suam

273 2230 391 2279 vitio
419 2232 583 2279 reddit
605 2231 959 2294 ignominiam,
999 2249 1161 2296 neque
1186 2232 1376 2279 nudam
1415 2248 1472 2278 ac
1502 2230 1729 2292 jejunam

275 2309 519 2357 dictorum
560 2310 905 2372 factorumque
941 2309 1176 2372 proponit
1218 2308 1395 2356 seriem
1433 2306 1728 2370 legentibus,

272 2387 359 2433 sed
384 2387 441 2434 iis
466 2388 757 2434 instructam
778 2385 984 2447 judiciis
1011 2402 1069 2433 ac
1095 2384 1376 2449 praeceptis,
1395 2402 1506 2448 quae
1531 2384 1595 2430 ad
1622 2400 1729 2431 om-

272 2479 386 2510 nem
422 2463 531 2510 vitae
568 2463 819 2527 officiique
861 2462 1104 2510 rationem
1143 2463 1339 2525 egregia
1380 2460 1573 2525 possint
1617 2478 1729 2509 esse

276 2542 610 2588 documenta?
779 2536 790 2541 ’
1330 2530 1336 2536 ’

339 2618 420 2666 Ac
448 2618 608 2681 primo
632 2618 837 2681 quidem
865 2620 1096 2683 pietatem
1131 2619 1180 2666 in
1216 2617 1419 2666 numina
1442 2635 1553 2682 quae
1589 2617 1723 2680 apud

275 2712 392 2744 suos
434 2697 742 2752 colebantur,
779 2704 829 2744 et
867 2697 1142 2759 quamdam
1175 2696 1425 2759 religionis
1463 2695 1632 2759 patriae
1657 2711 1728 2742 re-

275 2774 548 2822 verentiam
576 2774 758 2838 ubique
783 2775 1067 2837 profitetur:
1104 2773 1290 2831 infelix,
1327 2774 1412 2837 qui
1448 2781 1726 2836 temporum
