1831 3174
89 237 129 268 U.
140 238 177 268 C.
192 236 266 267 578.

86 280 125 310 A.
141 280 178 310 C.
197 280 266 310 174.

88 1136 191 1167 Persei
212 1135 268 1166 iter

86 1179 239 1221 Delphos.

66 2002 70 2006 ·
88 1990 220 2020 Achaem·
222 2001 272 2020 um

297 119 349 152 24
841 112 975 151 ‘riri
1017 112 1180 150 L1vi1

298 223 480 278 ritesque
520 237 696 277 anguem
738 222 777 261 111
818 222 973 276 oppido
1014 237 1088 262 suo
1122 221 1335 284 jubatum,
1377 219 1489 260 3ιι1·εὴ
1494 235 1511 260 s
1551 220 1722 261 maculis

300 294 502 335 sparsum,
524 278 763 333 adparuisse
799 278 1085 319 adfiimabant.
1122 287 1178 326 et,
1213 293 1255 318 111
1288 292 1388 332 agro
1413 279 1626 332 Campano
1651 278 1725 318 bo-

299 352 391 376 vem
413 336 598 376 locutum
621 350 720 384 esse,
744 334 841 374 51115
862 325 1087 375 constabat

356 393 520 433 XXII.
555 391 704 446 Legati
724 390 757 414 98
773 390 903 431 Nonis
935 391 1102 431 Juniis-3¹¹
1135 406 1185 430 ex
1208 390 1355 431 Africa
1384 390 1612 440 redierunt,
1634 389 1722 444 qui,

298 457 500 490 convento
540 447 656 509 prius
690 446 912 487 Masinissa
941 462 1052 501 rege,
1077 447 1377 502 Karthaginem
1410 447 1566 487 ierant:
1619 454 1726 486 cete-

298 521 391 545 rum
413 504 565 545 certius
597 503 824 558 aliquanto,
847 518 944 558 quae
967 503 1227 558 Karthagine
1248 512 1340 544 acta
1372 512 1520 553 essent,
1543 503 1595 543 ab
1627 517 1726 557 rege

298 562 533 608 rescierant,
576 575 701 615 quam
746 560 798 600 ab
843 560 941 615 ipsis
995 559 1424 615 Karthaginiensibus.
1466 567 1726 623 compertum

299 627 436 659 tamen
466 617 805 665 adfir,maverunt
828 616 984 671 legatos
1011 618 1064 657 ab
1096 632 1192 671 rege
1224 618 1374 657 Perseo
1399 632 1571 665 venisse,
1593 631 1727 671 usque

298 683 425 715 noctu
461 682 648 714 senatum
684 673 723 713 in
762 647 850 713 ae⁹de
873 673 1104 728 sEsculapii
1139 674 1286 714 datum
1326 688 1423 713 esse.
1455 673 1507 713 ab
1547 673 1728 713 Kartha-

297 731 393 785 gine
425 730 583 785 legatos
614 729 656 769 in
690 729 978 770 Macedoniam
1000 745 1157 779 m1ssos,
1180 738 1220 770 et
1253 744 1326 769 rex
1358 730 1662 779 adfirmaverat,
1685 737 1728 770 et

298 787 376 842 ipsi
396 801 546 842 parum
566 794 802 826 constanter
834 801 965 841 negav
968 795 1096 827 611111
1159 787 1211 826 In
1234 786 1524 848 Macedoniam
1558 801 1727 842 quoque

299 843 523 884 mittendos
555 843 713 898 legatos
747 851 912 883 senatus
947 842 1116 883 censuit.
1152 851 1235 883 tres
1268 842 1379 883 missi
1413 851 1524 892 sunt,
1560 845 1606 883 C.
1633 843 1729 882 Lae-

298 900 392 949 lius,
431 900 493 939 M.
513 899 701 939 Valerius
738 899 948 947 Blessalla,
988 900 1080 939 Sex.
1114 898 1311 953 Digitius.
1373 874 1549 939 Perseiis
1578 914 1653 954 per
1683 899 1728 940 id

299 965 479 1011 tempus,
502 956 602 1011 quia
633 955 804 1010 quidam
838 955 1050 1011 Dolopum
1071 970 1154 995 non
1174 955 1391 1010 parebant,
1414 963 1470 1005 et,
1493 956 1544 996 de
1568 955 1726 1011 quibus

298 1013 589 1068 ambigebatur
609 1013 748 1061 rebuS,
766 1012 1105 1067 disceptationem
1127 1012 1179 1051 ab
1196 1027 1292 1066 rege
1308 1011 1360 1052 ad
1384 1013 1594 1052 Romanos
1613 1027 1730 1052 revo-

299 1070 464 1118 cabant,
487 1084 582 1109 cum
615 1068 801 1109 exercitu
829 1069 1056 1124 profectus,
1080 1068 1158 1108 sub
1185 1068 1256 1123 jus
1283 1068 1575 1124 judiciumque
1607 1084 1730 1110 suum

300 1135 430 1167 totam
463 1125 597 1181 co'e'git
629 1133 807 1180 gentem.
871 1125 990 1175 Inde,
1013 1140 1087 1180 per
1109 1124 1277 1166 OEtaeos
1310 1133 1469 1166 montes
1504 1134 1730 1181 transgres-

301 1198 384 1233 sus,
418 1181 686 1237 religionibus
718 1181 970 1237 quibusdam
1006 1182 1141 1222 animo
1173 1181 1360 1237 objectis,
1397 1182 1610 1222 oraculum
1643 1182 1731 1222 adi-

300 1248 421 1280 turus
455 1239 643 1294 Delphos
674 1238 900 1280 adscendit.
962 1240 1102 1288 Quum
1135 1238 1177 1278 in
1205 1237 1342 1278 media
1372 1247 1541 1293 repente
1564 1238 1731 1280 Graecia

299 1295 573 1351 adparuisset,
606 1310 804 1350 magnum
837 1310 918 1335 non
950 1294 1135 1336 finitimis
1166 1294 1290 1336 modo
1324 1295 1499 1335 urbibus
1530 1303 1729 1336 terrorem

299 1352 497 1407 praebuit,
521 1352 591 1392 secl
612 1351 654 1391 in
676 1351 821 1392 Asiam
854 1367 1053 1407 quoque
1043 1352 1096 1392 ad
1116 1367 1255 1407 regem
1289 1352 1520 1392 Eumenem
1552 1352 1730 1394 nuncius

300 1409 508 1450 tumultus
529 1410 618 1463 ejus
639 1408 764 1449 venit.
827 1408 1054 1457 Triduum,
1076 1424 1159 1448 non
1185 1408 1296 1463 plus,
1319 1407 1496 1471 Delphis
1528 1417 1729 1459 moratus,

297 1481 373 1530 per
412 1465 444 1488 9⁹
460 1464 745 1505 Phthiotidem
786 1464 1005 1514 Achaiam,
1053 1464 1412 1527 Thessaliamque,
1455 1480 1539 1505 sme
1578 1465 1731 1506 damno

294 1521 532 1577 injuiiaque
564 1535 775 1576 agrorum,
809 1536 883 1583 pei
916 1537 1021 1584 quos
1052 1521 1131 1562 iter
1162 1520 1275 1571 fecit,
1309 1536 1351 1560 1n
1383 1536 1559 1576 regnum
1591 1522 1728 1564 rediit.

298 1580 385 1619 Nec
422 1593 563 1619 earum
596 1586 760 1618 tantum
793 1577 1039 1656 civitatiuml,
1071 1592 1145 1632 per
1179 1592 1284 1632 quas
1318 1577 1456 1618 iturus
1490 1587 1592 1628 erat,
1631 1579 1730 1620 satis

298 1636 337 1675 h
329 1635 446 1675 abuit
468 1634 623 1674 animos
645 1633 720 1673 sibi
742 1633 980 1674 conciliare:
1014 1633 1130 1674 1aut¹
1151 1633 1323 1688 legatos,
1345 1642 1418 1674 aut
1440 1633 1533 1675 liter
1534 1650 1578 1675 as
1611 1635 1730 1676 dimi-

300 1692 365 1738 sit,
388 1700 545 1746 petens,
568 1705 616 1730 ne
636 1691 789 1730 diutius
809 1691 1067 1738 simultatum,
1089 1703 1178 1743 quae
1197 1704 1281 1730 cum
1299 1697 1426 1742 patre
1445 1705 1514 1731 suo
1528 1692 1728 1745 fuissent,

300 1748 574 1787 meminissent.
599 1762 670 1787 uec
697 1748 798 1786 enim
817 1754 899 1787 tam
921 1754 1073 1787 atroces
1096 1746 1234 1798 fuisse
1253 1761 1334 1796 eas,
1357 1754 1398 1787 ut
1425 1762 1505 1787 non
1525 1763 1609 1788 cum
1642 1750 1730 1801 ipso

294 1805 511 1860 potuerint,
549 1819 596 1845 ac
634 1804 855 1853 debuerint,
882 1805 1025 1857 finiri.
1098 1805 1232 1845 Secum
1269 1805 1425 1858 quidem
1464 1807 1599 1845 omnia
1645 1807 1730 1846 illis

300 1863 458 1916 integra
476 1877 555 1903 esse
571 1862 624 1901 ad
641 1861 1123 1915 institzcendamfideliter
1137 1862 1372 1901 amicitiam.
1425 1863 1533 1902 Cum
1550 1862 1730 1903 Achaeo-

300 1934 394 1959 rum
415 1918 592 1958 maxime
612 1926 735 1973 gente
755 1918 1068 1959 reconciliandae
1087 1917 1235 1974 gratiae
1256 1918 1365 1958 viam
1387 1919 1615 1974 quaerebat.

361 1975 550 2015 XXIII
585 1976 690 2014 Haec
725 1990 809 2015 una
843 1990 893 2015 ex
928 1975 1039 2015 omni
1076 1975 1242 2016 Graecia
1271 1990 1386 2030 gens,
1422 1984 1463 2017 et
1499 1976 1730 2017 Athenien-

90 2033 208 2062 animos
234 2031 408 2072 S1b1s1um
441 2031 598 2081 civitas,
625 2047 672 2071 eo
702 2040 956 2086 plocesserat
988 2031 1159 2095 irarum,
1194 2039 1244 2073 ut
1278 2032 1431 2073 finibus
1465 2032 1729 2075 interdiceret

88 2075 286 2106 reconmhare
305 2087 618 2128 Macedonibus.
694 2089 845 2143 Itaque
886 2088 1061 2129 servitiis
1092 2104 1143 2129 ex
1179 2088 1341 2128 Achaia
1374 2089 1633 2144 fugientibus
1667 2105 1730 2130 re-

90 2124 198 2149 tentat.

302 2144 563 2206 ceptaculum
597 2144 845 2185 Macedonia
876 2153 986 2185 erat:
1008 2144 1138 2208 quia,
1155 2160 1286 2200 quum
1315 2145 1467 2186 finibus
1488 2145 1572 2186 suis
1602 2145 1729 2186 inter-

303 2200 516 2249 dixissent,
551 2201 704 2242 intrare
744 2201 859 2256 regni
901 2201 1096 2242 terminos
1130 2217 1208 2257 ips1
1248 2217 1329 2242 non
1369 2202 1590 2242 audebant.
1674 2203 1728 2244 Id

303 2272 434 2312 quum
468 2258 643 2298 Perseus
675 2257 1045 2307 animadvertisset,
1074 2257 1377 2313 comprehensis
1408 2258 1614 2307 omnibus,
1637 2258 1728 2299 lite-

301 2328 368 2353 ras
390 2314 480 2352 ***.
518 2321 714 2362 ceterum,
752 2329 802 2355 ne
843 2314 984 2355 similis
1020 2315 1124 2370 fuga
1163 2330 1375 2355 serverum
1410 2322 1555 2370 postea
1593 2315 1725 2365 fieret,

302 2369 570 2424 cogitandum
609 2378 650 2410 et
684 2370 764 2410 illis
798 2386 895 2411 esse.
958 2349 1159 2412 Recitatis
1193 2371 1257 2411 his
1291 2370 1420 2411 literis
1455 2387 1529 2426 per
1563 2372 1727 2412 Xenar-

302 2426 425 2466 chum
460 2434 696 2482 praetorem,
733 2427 805 2482 qui
840 2427 1016 2482 privatae
1050 2426 1199 2483 gratiae
1233 2427 1394 2468 aditum
1430 2427 1545 2483 apud
1584 2443 1725 2482 regem

646 2539 664 2562 k
679 2539 766 2570 ,Iunii
783 2540 880 2571 Gron.
898 2540 988 2571 Crev.
1121 2540 1190 2570 lsed
1205 2547 1257 2571 aut
1274 2540 1370 2572 Gron.

341 2637 382 2668 98
417 2637 508 2668 Nonis
532 2637 634 2677 Junii]
662 2638 713 2669 Sic
739 2639 874 2680 reposuit
902 2639 988 2680 Sigo-
1077 2641 1092 2670 1
1119 2640 1180 2670 Aut
1208 2641 1324 2681 legatos,
1349 2646 1401 2670 aut
1432 2640 1558 2680 litteras]
1591 2640 1727 2682 Adjece-

301 2679 380 2715 nius,
401 2691 495 2722 quum
518 2680 601 2722 prius
622 2680 774 2721 legeretur
795 2681 884 2712 Julii.
929 2682 987 2712 Ni-
1032 2688 1079 2714 rat
1093 2682 1236 2723 Sigonius
1251 2683 1289 2713 de
1308 2693 1363 2713 suo
1377 2684 1425 2713 sed
1448 2688 1520 2713 ante
1542 2683 1626 2724 prius
1648 2684 1726 2714 illud

301 2721 410 2752 mirum
433 2722 510 2754 Julii
533 2733 646 2753 111611515
661 2734 772 2754 nomen
796 2724 931 2755 nondum
957 2725 988 2755 in
1032 2731 1095 2756 aut.
1140 2725 1294 2756 Videntur
1318 2725 1463 2766 pluscula
1491 2725 1606 2756 deesse.
1660 2727 1725 2757 De·

301 2774 357 2794 usu
373 2770 449 2795 erat.
1034 2766 1122 2798 derat
1152 2767 1277 2798 fortasse
1306 2767 1429 2798 Livius:
1464 2770 1511 2798 secl
1533 2770 1612 2800 circa
1633 2780 1726 2800 omnes

343 2808 383 2835 99
417 2808 607 2839 Phthiotidem
636 2809 791 2850 Achaiam]
826 2810 849 2840 V
856 2809 897 2840 id.
929 2815 990 2841 not.
1036 2810 1162 2841 Groeciae
1177 2811 1315 2847 civitates,
1331 2817 1383 2841 auc
1399 2812 1504 2852 legatos
1520 2833 1525 2843 .
1543 2834 1552 2843 .
1568 2832 1576 2842 .

300 2849 351 2880 63.
370 2848 406 2879 acl
424 2850 443 2880 1.
462 2851 621 2883 XXXIII.
639 2862 664 2882 c.
682 2852 732 2882 32.
