1831 3194
546 131 609 168 Ll
629 131 669 168 B.
701 130 831 167 XLII.
878 130 906 167 C
924 131 955 166 A
974 130 1012 167 Ρ.
1043 130 1150 167 LIX.
1505 137 1551 170 85

135 246 209 284 rex
232 252 330 284 erat.
363 242 469 282 circa
490 256 584 281 eum
606 239 804 294 97agema,
827 239 940 296 quod
971 247 1132 290 vocant,
1155 239 1429 296 equitumth.
1452 234 1551 283 ῥ35η-
1567 251 1652 283 U.C.
1668 252 1740 282 581.

136 300 320 341 craealae.
369 300 482 338 Ante
499 313 539 337 sc
557 297 703 338 statuit
720 296 953 337 funditores
968 295 1327 353 jaculatorcsquc:
1356 294 1743 353 ‹111;1‹h·in-A·C·1⁷¹·

135 366 355 412 gentorum
373 370 520 395 manus
537 363 715 410 utraque
732 369 951 394 numerum
969 354 1219 410 expleverat.
1258 355 1399 396 Ionem
1420 356 1459 394 T
1465 355 1552 395 lies-

136 414 423 454 salonicensem
443 421 481 453 et
503 411 730 452 Timanora
747 410 951 466 Dolopem
975 411 1022 451 iis
1039 410 1238 467 praefecit.
1262 410 1317 452 sic
1335 411 1434 468 regii
1458 428 1552 453 con-

134 471 337 512 stiterant.
398 468 430 493 9⁹
441 467 612 517 Consul,
634 467 743 509 intra
764 468 918 509 vallum
942 468 1131 523 peditum
1153 467 1238 509 acie
1272 467 1489 519 instructo,
1511 478 1552 511 ct
1566 477 1709 509 Consulis

134 527 220 583 ipsc
241 528 476 583 equitatum
498 540 659 566 onmem
691 540 785 566 cuni
817 524 895 565 lcvi
927 533 1139 566 armatura
1168 520 1313 566 misitd.
1345 540 1421 588 pro
1443 526 1551 567 vallo
1565 520 1659 551 acies.

133 584 325 625 instructi
355 591 463 624 sunt.
524 583 686 623 Dextro
717 597 846 623 cornu
879 581 1130 638 praepositus
1154 583 1201 623 C.
1222 581 1409 623 Licinius
1432 584 1551 624 Cras-

131 656 216 691 sus,
239 640 417 682 consulis
438 640 581 689 frater,
604 654 698 680 cum
733 638 843 679 omni
867 638 1015 680 Italico
1047 639 1253 695 equitatu,
1276 638 1472 680 velitibus
1492 639 1552 680 in-

132 698 360 739 termixtis:
407 697 571 738 sinistro
606 697 668 737 M.
689 695 876 738 Valerius
900 696 1101 736 Laevinus
1134 696 1336 736 sociorum
1359 711 1409 737 ex
1433 697 1551 737 Grae-

131 755 188 796 cis
219 754 386 811 populis
419 754 580 810 equites
614 753 808 803 habebat,
831 754 1017 809 ejusdem
1050 753 1186 809 gentis
1208 753 1337 794 levem
1370 762 1551 796 armatu-

130 827 230 853 ram.
294 811 480 852 Mediam
513 819 653 852 autem
687 810 813 851 aciem
836 809 952 851 lcum
986 809 1155 851 delectis
1183 809 1394 866 equitibus
1415 818 1551 853 extra-

130 869 348 910 ordinariis
389 869 555 910 tenebat
598 869 645 918 Q.
680 867 863 908 Mucius.
905 867 1074 908 ducenti
1110 867 1271 923 equites
1309 867 1419 907 Galli
1455 876 1550 910 ante

132 926 249 982 signa
280 926 430 966 horum
462 925 669 974 instructi,
705 932 746 965 ct
782 925 834 965 de
870 924 1035 965 auxiliis
1067 923 1268 965 Eumenis
1306 923 1548 980 Cyrtiorum

131 983 266 1039 gentis
288 982 471 1024 trecenti.
536 981 727 1022 Thessali
761 981 1055 1037 quadringenti
1083 981 1244 1037 equites
1265 996 1394 1036 parvo
1427 981 1550 1023 inter-

133 1040 241 1081 vallo
261 1040 409 1096 ²super
430 1039 583 1079 laevum
605 1053 733 1079 cornu
757 1038 890 1079 locati.
953 1040 1163 1079 Eumenes
1196 1052 1269 1078 rex
1293 1038 1550 1094 Attalusque

132 1112 227 1138 cum
257 1097 367 1137 omni
410 1112 535 1137 manu
567 1111 642 1136 sua
671 1095 724 1136 ab
755 1103 873 1151 tergo
914 1095 1022 1136 inter
1062 1103 1312 1150 postremam
1345 1094 1485 1136 aciem'
1504 1111 1550 1136 ac

132 1154 288 1195 vallum
312 1161 529 1195 steterunt.

191 1212 319 1252 LIX.
354 1212 405 1252 In
433 1211 545 1251 hunc
580 1209 751 1250 modum
785 1209 963 1250 maxime
985 1209 1202 1250 instructae
1234 1209 1354 1258 acies,
1377 1223 1453 1265 par
1473 1209 1553 1250 fer-

132 1269 197 1309 me
228 1268 442 1324 utrimque
474 1282 673 1308 numerus
706 1266 896 1323 equiturn
919 1282 965 1307 ac
987 1266 1088 1307 levis
1120 1274 1359 1316 armaturae,
1383 1281 1553 1307 concur-

132 1334 247 1375 runt,
289 1341 313 1366 a
352 1324 637 1366 funditoribus
672 1324 1076 1380 jaculatoribusque,
1118 1323 1191 1379 qui
1236 1331 1551 1379 praecesserunt,

130 1383 278 1438 proelio
298 1390 401 1423 orto.
476 1381 605 1422 Primi
627 1381 812 1422 omnium
836 1381 1034 1429 Thraces,
1057 1381 1169 1421 haud
1195 1396 1311 1421 secus
1331 1396 1457 1435 quam
1479 1380 1551 1422 diu
1567 1389 1726 1421 Proelium.

130 1439 322 1481 claustris
361 1446 535 1480 retentae
576 1438 690 1487 ferae,
732 1437 925 1479 concitati
969 1452 1063 1478 cum
1105 1437 1264 1493 ingenti
1295 1437 1472 1478 clamore
1512 1438 1552 1478 in

131 1497 328 1538 dextrum
362 1512 506 1545 cornu,
540 1495 709 1536 Italicos
739 1494 914 1550 equites,
937 1494 1227 1541 incurrerunt3
1276 1502 1322 1535 ut
1355 1509 1433 1534 usu
1453 1494 1551 1535 belli

132 1562 173 1595 et
214 1553 380 1609 ingenio
410 1553 606 1609 inpavida
635 1567 736 1609 gens
769 1551 1021 1592 turbaretur.
1063 1550 1212 1605 gladiis
1242 1551 1382 1591 hastas
1412 1560 1551 1606 petere

132 1611 307 1666 pedites,
342 1625 451 1651 nunc
492 1609 700 1651 succidere
741 1623 863 1649 crura
902 1607 1034 1661 cquis,
1066 1623 1177 1648 nunc
1212 1607 1282 1648 ilia
1317 1608 1549 1649 subfodere.

131 1667 150 1690 ³
166 1670 355 1718 Perseus,
378 1667 419 1707 in
443 1667 620 1708 mediam
655 1666 843 1707 invectus
869 1664 1012 1715 aciem,
1037 1665 1208 1706 Graecos
1241 1664 1375 1721 primo
1408 1665 1552 1720 inpetu

673 1792 688 1814 d
704 1793 795 1821 emisit
812 1791 909 1823 Gron.
927 1791 1019 1822 Crev.

177 1917 217 1947 97
251 1916 374 1957 Agema]
407 1915 458 1946 Sic
482 1914 605 1945 vocavit
628 1913 745 1949 Livius,
770 1913 822 1943 lib.
868 1914 1033 1943 ordinariis.
1091 1911 1160 1943 Nisi
1200 1912 1274 1942 forte
1303 1911 1468 1952 legendum
1499 1917 1557 1945 est.

133 1959 311 1991 XXXVII.
335 1969 363 1989 c.
380 1960 434 1989 40.
457 1958 539 1989 alam
560 1957 644 1987 mille
665 1956 822 1998 equitum:
869 1967 935 1986 cum
971 1957 1085 1985 delectis
1121 1956 1262 1995 equitibus
1295 1960 1321 1984 et
1358 1955 1558 1985 extraordina-

135 2013 228 2045 supra
250 2012 279 2033 e.
293 2003 346 2033 51.
370 2001 544 2044 pedestrem
570 2010 708 2036 manum,
726 2004 825 2030 cetra·
869 2000 931 2029 riis.
976 1999 1080 2029 Docet
1104 1998 1186 2029 enim
1203 1997 1363 2038 Polybius,
1381 1997 1402 2027 1.
1416 1997 1476 2028 VI.
1493 2007 1556 2027 mo-

133 2051 233 2077 torum
263 2056 375 2087 nempe
408 2044 573 2086 legionem.
627 2042 732 2073 Suidae
758 2053 825 2083 age·
870 2052 935 2071 rem
958 2041 1062 2077 fuisse,
1085 2046 1120 2071 ut
1141 2051 1179 2071 ex
1202 2039 1359 2081 equitibus
1390 2039 1556 2070 extraordi-

134 2101 181 2119 ma
196 2094 242 2120 est
266 2099 378 2129 agmen
400 2086 588 2118 antecedens
610 2097 725 2128 regern,
743 2096 759 2116 e
774 2095 822 2116 se-

134 2131 224 2163 lectis
239 2131 394 2173 equitibus
407 2137 435 2161 et
451 2129 618 2172 peditibus.
663 2131 683 2151 ⁹²²
694 2129 755 2159 Hic
768 2139 822 2170 po-

133 2175 194 2206 tius
209 2175 329 2215 equites
343 2172 537 2215 intelligendi
550 2172 702 2203 videntur.
738 2172 822 2212 Pug-

135 2229 176 2249 na
198 2218 281 2249 enim
296 2218 335 2249 de
351 2227 414 2259 qua
433 2216 544 2259 agitur,
561 2215 654 2257 plane
673 2214 824 2256 equestris

134 2261 213 2300 fuit3
250 2271 308 2292 nec
330 2260 451 2303 pedites
480 2260 600 2295 habuit,
624 2258 683 2289 nisi
712 2257 821 2288 leviter

135 2309 281 2335 armatos.

177 2348 219 2378 98
243 2348 342 2378 Sacrae
363 2346 437 2388 aloe]
466 2345 541 2376 Vid.
570 2347 635 2376 not.
656 2345 710 2374 28.
731 2342 771 2374 ad
793 2353 820 2374 c.

134 2390 185 2421 66.
201 2390 290 2421 infra.

176 2434 218 2464 99
251 2432 359 2463 Consul
387 2434 468 2462 intra
492 2428 619 2472 vallum]
647 2429 732 2460 Olim
755 2440 822 2468 pro-

135 2477 245 2507 consul.
269 2475 409 2507 Correxit
425 2474 579 2516 Sigonius.

180 2520 195 2549 l
234 2519 308 2550 Cum
345 2519 460 2548 delectis
495 2517 636 2558 equitibus
663 2516 824 2546 estraordi·

134 2564 241 2604 nariis]
276 2563 340 2599 Qui
362 2562 424 2592 sint
446 2560 566 2602 equites
587 2559 823 2593 eilraordinarit',

135 2604 359 2646 explicavimus
372 2604 412 2636 ad
427 2604 447 2634 l.
465 2603 606 2634 XXVII.
624 2612 652 2632 c.
667 2602 716 2631 12.
761 2600 823 2632 Ce-

137 2652 237 2678 terum
263 2658 322 2679 vox
344 2649 459 2679 delectis
485 2646 536 2677 hic
563 2650 708 2686 suspecta
736 2643 825 2674 nobis

138 2695 195 2720 est.
245 2691 361 2731 Neque
381 2690 464 2721 enim
486 2688 712 2720 eaetraordinarii
734 2686 821 2728 equi-

138 2738 185 2763 tes
214 2737 279 2768 tam
307 2733 398 2764 multi
427 2737 526 2768 erant,
549 2736 584 2762 ut
615 2741 686 2772 pars
718 2740 822 2760 eorum

137 2775 291 2805 sufficeret
312 2776 352 2807 ad
374 2775 521 2807 tuendam
551 2773 685 2804 mediam
713 2772 822 2803 aciem.

140 2819 252 2859 Itaque
282 2828 339 2849 vox
371 2819 486 2849 delectis
514 2817 635 2848 videtur
669 2815 826 2854 eradenda

140 2872 217 2896 esse,
241 2866 390 2901 tanquam
412 2860 554 2902 apposita
576 2860 615 2890 ab
638 2858 755 2899 aliquo,
773 2857 825 2899 qui

142 2914 292 2945 exponere
321 2903 450 2934 voluerit
473 2913 594 2933 sensum
625 2901 708 2931 vocis
732 2907 824 2931 eitra—

867 2084 961 2115 nariis
983 2095 1104 2115 rursum
1130 2083 1226 2125 aliqui
1248 2083 1468 2124 deligerentur,
1483 2093 1560 2124 quos

868 2133 958 2158 vocat
981 2127 1045 2169 ipse
1069 2126 1230 2158 ἐπιλέκτων
1257 2125 1441 2161 ἀπολέκιτες,
1459 2137 1491 2156 ea·
1513 2137 1559 2156 est·-

871 2172 1076 2201 traordinariis
1111 2171 1242 2205 delectos,
1281 2169 1334 2210 qui
1371 2179 1492 2211 semper
1528 2168 1560 2199 in

867 2214 987 2250 castris,
1014 2213 1047 2244 in
1076 2212 1211 2254 agmine,
1240 2211 1419 2243 consulibus
1446 2216 1560 2253 praesto

865 2262 977 2287 essent.
1023 2256 1089 2287 Hos
1115 2255 1209 2296 igitur
1233 2255 1403 2296 poterimus
1427 2254 1480 2285 hic
1511 2254 1560 2284 in-

866 2299 1017 2341 telligere,
1040 2299 1065 2329 si
1088 2298 1272 2340 adjiciamus
1300 2298 1486 2340 particulam
1513 2303 1558 2327 et.-

865 2342 972 2384 sicque
996 2347 1027 2373 et
1049 2342 1162 2378 mitior,
1179 2346 1210 2372 et
1229 2340 1357 2372 fortasse
1380 2340 1480 2372 verior
1502 2339 1559 2371 erit

869 2385 1057 2417 emendatio,

909 2429 1060 2468 2*Srt])m·
1092 2428 1196 2458 l-aevnm
1232 2426 1338 2468 cornu]
1379 2426 1472 2457 Ultra
1504 2425 1558 2456 lae-

868 2483 942 2502 vum
967 2482 1073 2507 cornu,
1088 2470 1120 2500 in
1136 2468 1297 2501 subsidiis:
1331 2469 1414 2511 quod
1439 2468 1561 2499 disertis

869 2515 970 2545 verbis
994 2513 1174 2556 exprimitur
1196 2512 1228 2543 in
1249 2512 1346 2555 ipsius
1361 2522 1472 2554 pugnae
1489 2521 1558 2541 nar-

868 2557 998 2589 ratione.

918 2602 938 2631 3
956 2602 972 2618 ³¹⁵
990 2601 1113 2630 Perseus
1170 2600 1202 2629 in
1252 2599 1374 2628 mediam

866 2645 967 2680 aciem,
985 2643 1103 2674 Groecos
1126 2664 1135 2672 .
1157 2663 1166 2672 .
1192 2664 1200 2672 .
1223 2641 1344 2680 avertit]
1373 2637 1475 2670 Graeci
1499 2647 1560 2668 non

865 2687 1014 2717 tenebant
1042 2684 1179 2716 mediam
1207 2683 1341 2715 consulis
1370 2681 1480 2715 aciem,
1504 2680 1558 2711 sed

866 2729 978 2760 laevum
993 2739 1101 2762 cornu.
1146 2728 1272 2768 Itaque⁷
1286 2725 1312 2757 si
1327 2723 1403 2755 nihil
1418 2722 1470 2753 hic
1484 2732 1558 2764 pec-

869 2772 951 2803 cavit
979 2771 1173 2803 librariorum
1202 2768 1333 2802 incuria,
1358 2776 1484 2797 necesse
1512 2771 1559 2797 est

868 2820 903 2845 ut
927 2816 1058 2846 Perseus
1082 2812 1285 2852 intelligatur,
1309 2814 1378 2852 post
1406 2813 1557 2839 tentatam

871 2858 1004 2889 mediam
1027 2856 1161 2887 hostium
1188 2853 1298 2885 aciem.
1322 2852 1464 2883 invectus
1493 2860 1560 2882 esse

871 2901 902 2930 in
919 2901 1031 2930 laevum
1049 2908 1151 2929 cornu.

943 2943 1019 2982 ‹3ss

1432 2598 1561 2626 ini-ectus
