<?xml version="1.0" encoding="UTF-8"?>
<!DOCTYPE html PUBLIC "-//W3C//DTD XHTML 1.0 Transitional//EN"
    "http://www.w3.org/TR/xhtml1/DTD/xhtml1-transitional.dtd">
<html xmlns="http://www.w3.org/1999/xhtml" xml:lang="en" lang="en">
 <head>
  <title>
</title>
<meta http-equiv="Content-Type" content="text/html;charset=utf-8" />
  <meta name='ocr-system' content='tesseract 3.04.00' />
  <meta name='ocr-capabilities' content='ocr_page ocr_carea ocr_par ocr_line ocrx_word'/>
</head>
<body>
  <div class='ocr_page' id='page_1' title='image "./historiarumaburb04livyuoft/historiarumaburb04livyuoft_0358.png"; bbox 0 0 1816 3159; ppageno 0'>
   <div class='ocr_carea' id='block_1_1' title="bbox 308 62 384 96">
    <p class='ocr_par' dir='ltr' id='par_1_1' title="bbox 308 62 384 96">
     <span class='ocr_line' id='line_1_1' title="bbox 308 62 384 96; baseline 0 -1"><span class='ocrx_word' id='word_1_1' title='bbox 308 62 384 96; x_wconf 82' lang='lat'>350</span> 
     </span>
    </p>
   </div>
   <div class='ocr_carea' id='block_1_2' title="bbox 299 166 999 1247">
    <p class='ocr_par' dir='ltr' id='par_1_2' title="bbox 299 166 999 250">
     <span class='ocr_line' id='line_1_2' title="bbox 299 166 999 206; baseline 0.003 -10"><span class='ocrx_word' id='word_1_2' title='bbox 299 166 415 206; x_wconf 81' lang='lat' dir='ltr'>Legati</span> <span class='ocrx_word' id='word_1_3' title='bbox 432 177 468 196; x_wconf 85' lang='lat' dir='ltr'>ex</span> <span class='ocrx_word' id='word_1_4' title='bbox 485 167 666 197; x_wconf 75' lang='lat' dir='ltr'>Balearibus</span> <span class='ocrx_word' id='word_1_5' title='bbox 693 169 805 198; x_wconf 84' lang='lat' dir='ltr'>insulis</span> <span class='ocrx_word' id='word_1_6' title='bbox 828 173 859 198; x_wconf 87' lang='lat' dir='ltr'>et</span> <span class='ocrx_word' id='word_1_7' title='bbox 882 170 999 198; x_wconf 85' lang='lat' dir='ltr'>ultima</span> 
     </span>
     <span class='ocr_line' id='line_1_3' title="bbox 349 211 909 250; baseline 0.005 -11"><span class='ocrx_word' id='word_1_8' title='bbox 349 211 504 249; x_wconf 81' lang='lat' dir='ltr'>Hispania</span> <span class='ocrx_word' id='word_1_9' title='bbox 520 212 558 240; x_wconf 85' lang='lat' dir='ltr'>ad</span> <span class='ocrx_word' id='word_1_10' title='bbox 574 212 763 250; x_wconf 79' lang='lat' dir='ltr'>Scipionem.</span> <span class='ocrx_word' id='word_1_11' title='bbox 783 216 838 249; x_wconf 82' lang='lat'>22,</span> <span class='ocrx_word' id='word_1_12' title='bbox 856 217 909 242; x_wconf 88' lang='lat'>20.</span> 
     </span>
    </p>

    <p class='ocr_par' dir='ltr' id='par_1_3' title="bbox 321 254 998 379">
     <span class='ocr_line' id='line_1_4' title="bbox 321 254 998 294; baseline 0.001 -11"><span class='ocrx_word' id='word_1_13' title='bbox 321 270 365 276; x_wconf 93' lang='lat'>—</span> <span class='ocrx_word' id='word_1_14' title='bbox 382 254 555 293; x_wconf 81' lang='lat' dir='ltr'>Bilistagis,</span> <span class='ocrx_word' id='word_1_15' title='bbox 576 255 742 294; x_wconf 82' lang='lat' dir='ltr'><strong>Ilergetum</strong></span> <span class='ocrx_word' id='word_1_16' title='bbox 760 256 869 294; x_wconf 83' lang='lat' dir='ltr'>reguli,</span> <span class='ocrx_word' id='word_1_17' title='bbox 888 257 998 284; x_wconf 84' lang='lat' dir='ltr'>flentes</span> 
     </span>
     <span class='ocr_line' id='line_1_5' title="bbox 344 298 995 337; baseline 0.002 -10"><span class='ocrx_word' id='word_1_18' title='bbox 344 298 384 327; x_wconf 78' lang='lat' dir='ltr'>ad</span> <span class='ocrx_word' id='word_1_19' title='bbox 408 307 512 337; x_wconf 83' lang='lat' dir='ltr'>genua</span> <span class='ocrx_word' id='word_1_20' title='bbox 535 299 665 328; x_wconf 84' lang='lat' dir='ltr'>Catonis</span> <span class='ocrx_word' id='word_1_21' title='bbox 689 300 861 337; x_wconf 83' lang='lat' dir='ltr'>provoluti,</span> <span class='ocrx_word' id='word_1_22' title='bbox 878 299 995 328; x_wconf 83' lang='lat' dir='ltr'>auxilia</span> 
     </span>
     <span class='ocr_line' id='line_1_6' title="bbox 345 344 614 379; baseline -0.004 -9"><span class='ocrx_word' id='word_1_23' title='bbox 345 344 473 379; x_wconf 84' lang='lat' dir='ltr'>petunt,</span> <span class='ocrx_word' id='word_1_24' title='bbox 490 346 546 377; x_wconf 83' lang='lat'>34,</span> <span class='ocrx_word' id='word_1_25' title='bbox 568 346 614 370; x_wconf 88' lang='grc'>11.</span> 
     </span>
    </p>

    <p class='ocr_par' dir='ltr' id='par_1_4' title="bbox 324 384 996 466">
     <span class='ocr_line' id='line_1_7' title="bbox 324 384 996 423; baseline 0 -9"><span class='ocrx_word' id='word_1_26' title='bbox 324 400 368 407; x_wconf 94' lang='lat'><em>-</em></span> <span class='ocrx_word' id='word_1_27' title='bbox 387 384 550 417; x_wconf 85' lang='lat' dir='ltr'>Caeritum,</span> <span class='ocrx_word' id='word_1_28' title='bbox 569 385 685 413; x_wconf 87' lang='lat' dir='ltr'>bellum</span> <span class='ocrx_word' id='word_1_29' title='bbox 707 386 921 423; x_wconf 81' lang='lat' dir='ltr'><strong>deprecantes,</strong></span> <span class='ocrx_word' id='word_1_30' title='bbox 938 385 996 414; x_wconf 87' lang='lat' dir='ltr'>im-</span> 
     </span>
     <span class='ocr_line' id='line_1_8' title="bbox 345 430 724 466; baseline 0.003 -10"><span class='ocrx_word' id='word_1_31' title='bbox 345 432 473 466; x_wconf 84' lang='lat' dir='ltr'>petrant</span> <span class='ocrx_word' id='word_1_32' title='bbox 489 437 606 466; x_wconf 81' lang='lat' dir='ltr'><strong>pacem,</strong></span> <span class='ocrx_word' id='word_1_33' title='bbox 624 433 657 464; x_wconf 95' lang='lat'>7,</span> <span class='ocrx_word' id='word_1_34' title='bbox 673 430 724 457; x_wconf 87' lang='grc'>20.</span> 
     </span>
    </p>

    <p class='ocr_par' dir='ltr' id='par_1_5' title="bbox 327 472 994 553">
     <span class='ocr_line' id='line_1_9' title="bbox 327 472 994 512; baseline 0.003 -13"><span class='ocrx_word' id='word_1_35' title='bbox 327 488 371 493; x_wconf 95' lang='grc'>-</span> <span class='ocrx_word' id='word_1_36' title='bbox 388 473 619 512; x_wconf 67' lang='lat' dir='ltr'>Campanorum</span> <span class='ocrx_word' id='word_1_37' title='bbox 637 481 655 500; x_wconf 86' lang='lat' dir='ltr'>a</span> <span class='ocrx_word' id='word_1_38' title='bbox 670 472 821 500; x_wconf 88' lang='lat' dir='ltr'>Romanis</span> <span class='ocrx_word' id='word_1_39' title='bbox 843 472 994 501; x_wconf 83' lang='lat' dir='ltr'>auxilium</span> 
     </span>
     <span class='ocr_line' id='line_1_10' title="bbox 345 518 597 553; baseline -0.004 -11"><span class='ocrx_word' id='word_1_40' title='bbox 345 518 474 553; x_wconf 80' lang='lat' dir='ltr'>petunt,</span> <span class='ocrx_word' id='word_1_41' title='bbox 495 520 528 550; x_wconf 83' lang='grc'>7,</span> <span class='ocrx_word' id='word_1_42' title='bbox 545 518 597 543; x_wconf 82' lang='grc'>30.</span> 
     </span>
    </p>

    <p class='ocr_par' dir='ltr' id='par_1_6' title="bbox 324 558 996 1024">
     <span class='ocr_line' id='line_1_11' title="bbox 324 558 995 593; baseline 0.003 -7"><span class='ocrx_word' id='word_1_43' title='bbox 324 574 369 581; x_wconf 91' lang='lat'>-—</span> <span class='ocrx_word' id='word_1_44' title='bbox 385 558 705 593; x_wconf 80' lang='lat' dir='ltr'>Carthaginiensium,</span> <span class='ocrx_word' id='word_1_45' title='bbox 719 558 886 587; x_wconf 80' lang='lat' dir='ltr'>amicitiam</span> <span class='ocrx_word' id='word_1_46' title='bbox 901 563 933 587; x_wconf 87' lang='lat' dir='ltr'>et</span> <span class='ocrx_word' id='word_1_47' title='bbox 946 568 995 588; x_wconf 88' lang='lat' dir='ltr'>so-</span> 
     </span>
     <span class='ocr_line' id='line_1_12' title="bbox 348 602 993 639; baseline 0 -9"><span class='ocrx_word' id='word_1_48' title='bbox 348 602 490 630; x_wconf 84' lang='lat' dir='ltr'>cietatem</span> <span class='ocrx_word' id='word_1_49' title='bbox 505 602 716 630; x_wconf 81' lang='lat' dir='ltr'>Romanorum</span> <span class='ocrx_word' id='word_1_50' title='bbox 730 606 886 639; x_wconf 66' lang='lat' dir='ltr'>petentes,</span> <span class='ocrx_word' id='word_1_51' title='bbox 899 607 930 639; x_wconf 89' lang='lat'>7,</span> <span class='ocrx_word' id='word_1_52' title='bbox 943 607 993 633; x_wconf 83' lang='grc'>27.</span> 
     </span>
     <span class='ocr_line' id='line_1_13' title="bbox 347 645 993 683; baseline 0.003 -10"><span class='ocrx_word' id='word_1_53' title='bbox 347 654 471 673; x_wconf 87' lang='lat' dir='ltr'>auream</span> <span class='ocrx_word' id='word_1_54' title='bbox 504 653 650 673; x_wconf 85' lang='lat' dir='ltr'>coronam</span> <span class='ocrx_word' id='word_1_55' title='bbox 684 645 804 674; x_wconf 86' lang='lat' dir='ltr'>donant</span> <span class='ocrx_word' id='word_1_56' title='bbox 829 646 993 683; x_wconf 85' lang='lat' dir='ltr'>Romanis,</span> 
     </span>
     <span class='ocr_line' id='line_1_14' title="bbox 347 688 994 727; baseline 0.002 -10"><span class='ocrx_word' id='word_1_57' title='bbox 347 692 400 717; x_wconf 81' lang='grc'>38.</span> <span class='ocrx_word' id='word_1_58' title='bbox 419 688 528 726; x_wconf 84' lang='lat' dir='ltr'>legatis</span> <span class='ocrx_word' id='word_1_59' title='bbox 543 688 872 726; x_wconf 77' lang='lat' dir='ltr'>Carthaginiensibus,</span> <span class='ocrx_word' id='word_1_60' title='bbox 887 690 940 727; x_wconf 91' lang='lat' dir='ltr'>qui</span> <span class='ocrx_word' id='word_1_61' title='bbox 957 690 994 718; x_wconf 84' lang='lat' dir='ltr'>ad</span> 
     </span>
     <span class='ocr_line' id='line_1_15' title="bbox 348 731 995 769; baseline 0.003 -10"><span class='ocrx_word' id='word_1_62' title='bbox 348 731 450 760; x_wconf 85' lang='lat' dir='ltr'>foedus</span> <span class='ocrx_word' id='word_1_63' title='bbox 475 732 568 760; x_wconf 84' lang='lat' dir='ltr'>tertio</span> <span class='ocrx_word' id='word_1_64' title='bbox 593 733 805 761; x_wconf 86' lang='lat' dir='ltr'>renovandum</span> <span class='ocrx_word' id='word_1_65' title='bbox 830 738 995 769; x_wconf 86' lang='lat' dir='ltr'>venerant,</span> 
     </span>
     <span class='ocr_line' id='line_1_16' title="bbox 348 774 994 812; baseline 0.005 -10"><span class='ocrx_word' id='word_1_66' title='bbox 348 774 479 803; x_wconf 79' lang='lat' dir='ltr'>comiter</span> <span class='ocrx_word' id='word_1_67' title='bbox 510 783 640 804; x_wconf 87' lang='lat' dir='ltr'>munera</span> <span class='ocrx_word' id='word_1_68' title='bbox 671 776 776 808; x_wconf 78' lang='lat' dir='ltr'>missa,</span> <span class='ocrx_word' id='word_1_69' title='bbox 805 779 838 812; x_wconf 85' lang='lat'>9,</span> <span class='ocrx_word' id='word_1_70' title='bbox 871 780 923 805; x_wconf 90' lang='grc'>43.</span> <span class='ocrx_word' id='word_1_71' title='bbox 956 777 994 805; x_wconf 85' lang='lat' dir='ltr'>ad</span> 
     </span>
     <span class='ocr_line' id='line_1_17' title="bbox 347 817 996 857; baseline 0.006 -11"><span class='ocrx_word' id='word_1_72' title='bbox 347 817 555 847; x_wconf 82' lang='lat' dir='ltr'>Asdrubalem</span> <span class='ocrx_word' id='word_1_73' title='bbox 580 822 611 846; x_wconf 87' lang='lat' dir='ltr'>et</span> <span class='ocrx_word' id='word_1_74' title='bbox 635 818 807 857; x_wconf 78' lang='lat' dir='ltr'><strong>Syphacem</strong></span> <span class='ocrx_word' id='word_1_75' title='bbox 823 820 923 855; x_wconf 88' lang='lat' dir='ltr'>missi,</span> <span class='ocrx_word' id='word_1_76' title='bbox 939 824 996 855; x_wconf 80' lang='lat'>29,</span> 
     </span>
     <span class='ocr_line' id='line_1_18' title="bbox 347 861 995 900; baseline 0.005 -10"><span class='ocrx_word' id='word_1_77' title='bbox 347 865 400 890; x_wconf 86' lang='grc'>34.</span> <span class='ocrx_word' id='word_1_78' title='bbox 426 861 464 890; x_wconf 91' lang='lat' dir='ltr'>ad</span> <span class='ocrx_word' id='word_1_79' title='bbox 492 862 652 890; x_wconf 86' lang='lat' dir='ltr'>Romanos</span> <span class='ocrx_word' id='word_1_80' title='bbox 684 862 721 890; x_wconf 86' lang='lat' dir='ltr'>de</span> <span class='ocrx_word' id='word_1_81' title='bbox 752 872 839 900; x_wconf 89' lang='lat' dir='ltr'>pace,</span> <span class='ocrx_word' id='word_1_82' title='bbox 864 867 918 898; x_wconf 88' lang='lat'>30,</span> <span class='ocrx_word' id='word_1_83' title='bbox 943 868 995 893; x_wconf 89' lang='grc'>22.</span> 
     </span>
     <span class='ocr_line' id='line_1_19' title="bbox 348 904 995 945; baseline 0.003 -11"><span class='ocrx_word' id='word_1_84' title='bbox 348 908 378 934; x_wconf 79' lang='lat' dir='ltr'>et</span> <span class='ocrx_word' id='word_1_85' title='bbox 394 908 446 932; x_wconf 80' lang='lat'>40.</span> <span class='ocrx_word' id='word_1_86' title='bbox 464 904 656 933; x_wconf 83' lang='lat' dir='ltr'>frumentum</span> <span class='ocrx_word' id='word_1_87' title='bbox 670 909 702 933; x_wconf 86' lang='lat' dir='ltr'>et</span> <span class='ocrx_word' id='word_1_88' title='bbox 715 906 866 935; x_wconf 78' lang='lat' dir='ltr'>hordeum</span> <span class='ocrx_word' id='word_1_89' title='bbox 883 907 995 945; x_wconf 88' lang='lat' dir='ltr'>adpor-</span> 
     </span>
     <span class='ocr_line' id='line_1_20' title="bbox 349 950 995 987; baseline 0.006 -11"><span class='ocrx_word' id='word_1_90' title='bbox 349 952 435 982; x_wconf 93' lang='lat' dir='ltr'>tant,</span> <span class='ocrx_word' id='word_1_91' title='bbox 452 950 507 985; x_wconf 83' lang='lat'>36,</span> <span class='ocrx_word' id='word_1_92' title='bbox 523 952 552 977; x_wconf 89' lang='grc'>4.</span> <span class='ocrx_word' id='word_1_93' title='bbox 570 952 746 987; x_wconf 87' lang='lat' dir='ltr'>queruntur</span> <span class='ocrx_word' id='word_1_94' title='bbox 762 950 798 978; x_wconf 89' lang='lat' dir='ltr'>de</span> <span class='ocrx_word' id='word_1_95' title='bbox 815 951 995 985; x_wconf 81' lang='lat' dir='ltr'>Masinissa,</span> 
     </span>
     <span class='ocr_line' id='line_1_21' title="bbox 350 995 476 1024; baseline -0.016 -5"><span class='ocrx_word' id='word_1_96' title='bbox 350 995 406 1024; x_wconf 69' lang='lat'>4⁶2,</span> <span class='ocrx_word' id='word_1_97' title='bbox 425 995 476 1019; x_wconf 76' lang='lat'>23.</span> 
     </span>
    </p>

    <p class='ocr_par' dir='ltr' id='par_1_7' title="bbox 328 1034 997 1116">
     <span class='ocr_line' id='line_1_22' title="bbox 328 1034 997 1066; baseline 0.006 -4"><span class='ocrx_word' id='word_1_98' title='bbox 328 1051 372 1057; x_wconf 85' lang='lat'><em>-</em></span> <span class='ocrx_word' id='word_1_99' title='bbox 389 1034 512 1063; x_wconf 87' lang='lat' dir='ltr'>Clusini</span> <span class='ocrx_word' id='word_1_100' title='bbox 537 1034 689 1065; x_wconf 88' lang='lat' dir='ltr'>auxilium</span> <span class='ocrx_word' id='word_1_101' title='bbox 717 1035 872 1066; x_wconf 84' lang='lat' dir='ltr'>adversus</span> <span class='ocrx_word' id='word_1_102' title='bbox 889 1037 997 1066; x_wconf 83' lang='lat' dir='ltr'>Gallos</span> 
     </span>
     <span class='ocr_line' id='line_1_23' title="bbox 352 1081 600 1116; baseline 0.004 -10"><span class='ocrx_word' id='word_1_103' title='bbox 352 1081 480 1116; x_wconf 85' lang='lat' dir='ltr'>petunt,</span> <span class='ocrx_word' id='word_1_104' title='bbox 500 1081 531 1113; x_wconf 93' lang='lat'>5,</span> <span class='ocrx_word' id='word_1_105' title='bbox 547 1082 600 1108; x_wconf 88' lang='lat'>33.</span> 
     </span>
    </p>

    <p class='ocr_par' dir='ltr' id='par_1_8' title="bbox 329 1121 743 1159">
     <span class='ocr_line' id='line_1_24' title="bbox 329 1121 743 1159; baseline 0.005 -9"><span class='ocrx_word' id='word_1_106' title='bbox 329 1137 374 1143; x_wconf 88' lang='lat'>—-</span> <span class='ocrx_word' id='word_1_107' title='bbox 388 1121 601 1159; x_wconf 78' lang='lat' dir='ltr'>Epirotarum,</span> <span class='ocrx_word' id='word_1_108' title='bbox 617 1123 674 1157; x_wconf 87' lang='grc'>36,</span> <span class='ocrx_word' id='word_1_109' title='bbox 689 1126 743 1152; x_wconf 83' lang='lat'>35.</span> 
     </span>
    </p>

    <p class='ocr_par' dir='ltr' id='par_1_9' title="bbox 330 1164 998 1247">
     <span class='ocr_line' id='line_1_25' title="bbox 330 1164 998 1202; baseline 0.007 -11"><span class='ocrx_word' id='word_1_110' title='bbox 330 1183 373 1190; x_wconf 86' lang='lat'>.-</span> <span class='ocrx_word' id='word_1_111' title='bbox 389 1164 552 1197; x_wconf 86' lang='lat' dir='ltr'>Eumenis,</span> <span class='ocrx_word' id='word_1_112' title='bbox 569 1168 734 1202; x_wconf 82' lang='lat' dir='ltr'>querentes</span> <span class='ocrx_word' id='word_1_113' title='bbox 751 1165 787 1194; x_wconf 86' lang='lat' dir='ltr'>de</span> <span class='ocrx_word' id='word_1_114' title='bbox 803 1165 891 1195; x_wconf 90' lang='lat' dir='ltr'>clade</span> <span class='ocrx_word' id='word_1_115' title='bbox 906 1166 998 1196; x_wconf 87' lang='lat' dir='ltr'>Sino-</span> 
     </span>
     <span class='ocr_line' id='line_1_26' title="bbox 352 1208 631 1247; baseline 0 -11"><span class='ocrx_word' id='word_1_116' title='bbox 352 1208 508 1247; x_wconf 80' lang='lat' dir='ltr'>pensium,</span> <span class='ocrx_word' id='word_1_117' title='bbox 526 1210 581 1242; x_wconf 83' lang='lat'>40,</span> <span class='ocrx_word' id='word_1_118' title='bbox 601 1211 631 1236; x_wconf 89' lang='grc'>2.</span> 
     </span>
    </p>
   </div>
   <div class='ocr_carea' id='block_1_3' title="bbox 328 1250 1004 1288">
    <p class='ocr_par' dir='ltr' id='par_1_10' title="bbox 328 1250 1004 1288">
     <span class='ocr_line' id='line_1_27' title="bbox 328 1250 1004 1288; baseline 0.004 -9"><span class='ocrx_word' id='word_1_119' title='bbox 328 1270 371 1276; x_wconf 91' lang='grc'>-</span> <span class='ocrx_word' id='word_1_120' title='bbox 384 1250 545 1280; x_wconf 84' lang='lat' dir='ltr'>Gallorum</span> <span class='ocrx_word' id='word_1_121' title='bbox 560 1251 748 1288; x_wconf 79' lang='lat' dir='ltr'>pollicentur</span> <span class='ocrx_word' id='word_1_122' title='bbox 762 1253 913 1281; x_wconf 75' lang='lat' dir='ltr'>Romanis</span> <span class='ocrx_word' id='word_1_123' title='bbox 930 1262 1004 1282; x_wconf 85' lang='lat' dir='ltr'>aux-</span> 
     </span>
    </p>
   </div>
   <div class='ocr_carea' id='block_1_4' title="bbox 327 1294 1000 2845">
    <p class='ocr_par' dir='ltr' id='par_1_11' title="bbox 354 1294 998 1331">
     <span class='ocr_line' id='line_1_28' title="bbox 354 1294 998 1331; baseline 0.002 -9"><span class='ocrx_word' id='word_1_124' title='bbox 354 1294 406 1323; x_wconf 87' lang='lat' dir='ltr'>ilia</span> <span class='ocrx_word' id='word_1_125' title='bbox 422 1294 460 1322; x_wconf 88' lang='lat' dir='ltr'>ad</span> <span class='ocrx_word' id='word_1_126' title='bbox 477 1294 592 1322; x_wconf 90' lang='lat' dir='ltr'>bellum</span> <span class='ocrx_word' id='word_1_127' title='bbox 606 1295 860 1331; x_wconf 86' lang='lat' dir='ltr'>Macedonicum,</span> <span class='ocrx_word' id='word_1_128' title='bbox 879 1301 930 1330; x_wconf 89' lang='lat'>44,</span> <span class='ocrx_word' id='word_1_129' title='bbox 952 1301 998 1325; x_wconf 86' lang='lat'>14.</span> 
     </span>
    </p>

    <p class='ocr_par' dir='ltr' id='par_1_12' title="bbox 333 1337 998 1413">
     <span class='ocr_line' id='line_1_29' title="bbox 333 1337 998 1376; baseline 0.005 -11"><span class='ocrx_word' id='word_1_130' title='bbox 333 1356 377 1362; x_wconf 89' lang='grc'>--</span> <span class='ocrx_word' id='word_1_131' title='bbox 393 1337 521 1366; x_wconf 66' lang='lat' dir='ltr'>Graeciae</span> <span class='ocrx_word' id='word_1_132' title='bbox 533 1337 691 1375; x_wconf 81' lang='lat' dir='ltr'>Asiaeque,</span> <span class='ocrx_word' id='word_1_133' title='bbox 702 1339 809 1368; x_wconf 80' lang='lat' dir='ltr'>Romae</span> <span class='ocrx_word' id='word_1_134' title='bbox 821 1339 931 1373; x_wconf 82' lang='lat' dir='ltr'>auditi,</span> <span class='ocrx_word' id='word_1_135' title='bbox 940 1344 998 1376; x_wconf 88' lang='lat'>34,</span> 
     </span>
     <span class='ocr_line' id='line_1_30' title="bbox 356 1384 527 1413; baseline 0 -5"><span class='ocrx_word' id='word_1_136' title='bbox 356 1384 409 1412; x_wconf 87' lang='lat'>57.</span> <span class='ocrx_word' id='word_1_137' title='bbox 425 1384 479 1413; x_wconf 85' lang='lat'>43,</span> <span class='ocrx_word' id='word_1_138' title='bbox 498 1384 527 1408; x_wconf 88' lang='grc'>8.</span> 
     </span>
    </p>

    <p class='ocr_par' dir='ltr' id='par_1_13' title="bbox 332 1423 999 1497">
     <span class='ocr_line' id='line_1_31' title="bbox 332 1423 999 1464; baseline 0.004 -12"><span class='ocrx_word' id='word_1_139' title='bbox 332 1440 376 1445; x_wconf 93' lang='grc'>-</span> <span class='ocrx_word' id='word_1_140' title='bbox 394 1423 541 1462; x_wconf 84' lang='lat' dir='ltr'>Hispani,</span> <span class='ocrx_word' id='word_1_141' title='bbox 552 1432 722 1462; x_wconf 89' lang='lat' dir='ltr'>eorumque</span> <span class='ocrx_word' id='word_1_142' title='bbox 735 1424 931 1464; x_wconf 85' lang='lat' dir='ltr'>simplicitas,</span> <span class='ocrx_word' id='word_1_143' title='bbox 945 1431 999 1463; x_wconf 89' lang='grc'>40,</span> 
     </span>
     <span class='ocr_line' id='line_1_32' title="bbox 355 1471 408 1497; baseline 0 -1"><span class='ocrx_word' id='word_1_144' title='bbox 355 1471 408 1497; x_wconf 84' lang='grc'>47.</span> 
     </span>
    </p>

    <p class='ocr_par' dir='ltr' id='par_1_14' title="bbox 332 1510 1000 1632">
     <span class='ocr_line' id='line_1_33' title="bbox 332 1510 996 1549; baseline 0.006 -11"><span class='ocrx_word' id='word_1_145' title='bbox 332 1526 376 1533; x_wconf 94' lang='grc'>-</span> <span class='ocrx_word' id='word_1_146' title='bbox 392 1511 559 1549; x_wconf 85' lang='lat' dir='ltr'>Iapydum,</span> <span class='ocrx_word' id='word_1_147' title='bbox 579 1510 806 1549; x_wconf 82' lang='lat' dir='ltr'>Istmrumque,</span> <span class='ocrx_word' id='word_1_148' title='bbox 824 1515 855 1541; x_wconf 83' lang='lat' dir='ltr'>et</span> <span class='ocrx_word' id='word_1_149' title='bbox 880 1513 996 1541; x_wconf 88' lang='lat' dir='ltr'>Carno-</span> 
     </span>
     <span class='ocr_line' id='line_1_34' title="bbox 354 1555 1000 1591; baseline 0.003 -8"><span class='ocrx_word' id='word_1_150' title='bbox 354 1564 436 1589; x_wconf 80' lang='lat' dir='ltr'>rum,</span> <span class='ocrx_word' id='word_1_151' title='bbox 453 1557 628 1591; x_wconf 89' lang='lat' dir='ltr'>queruntur</span> <span class='ocrx_word' id='word_1_152' title='bbox 643 1555 678 1583; x_wconf 88' lang='lat' dir='ltr'>de</span> <span class='ocrx_word' id='word_1_153' title='bbox 695 1555 825 1584; x_wconf 78' lang='lat' dir='ltr'>avaritia</span> <span class='ocrx_word' id='word_1_154' title='bbox 840 1559 871 1585; x_wconf 84' lang='lat' dir='ltr'>et</span> <span class='ocrx_word' id='word_1_155' title='bbox 891 1557 1000 1585; x_wconf 86' lang='lat' dir='ltr'>crude-</span> 
     </span>
     <span class='ocr_line' id='line_1_35' title="bbox 353 1598 753 1632; baseline -0.003 -6"><span class='ocrx_word' id='word_1_156' title='bbox 353 1598 443 1626; x_wconf 78' lang='lat' dir='ltr'>litate</span> <span class='ocrx_word' id='word_1_157' title='bbox 458 1598 636 1632; x_wconf 85' lang='lat' dir='ltr'>consulum,</span> <span class='ocrx_word' id='word_1_158' title='bbox 653 1602 707 1631; x_wconf 84' lang='lat'>43,</span> <span class='ocrx_word' id='word_1_159' title='bbox 725 1603 753 1629; x_wconf 93' lang='grc'>7.</span> 
     </span>
    </p>

    <p class='ocr_par' dir='ltr' id='par_1_15' title="bbox 333 1641 999 1756">
     <span class='ocr_line' id='line_1_36' title="bbox 333 1641 999 1679; baseline 0.005 -11"><span class='ocrx_word' id='word_1_160' title='bbox 333 1659 375 1665; x_wconf 86' lang='grc'><strong>-</strong></span> <span class='ocrx_word' id='word_1_161' title='bbox 392 1641 529 1669; x_wconf 80' lang='lat' dir='ltr'>Issenses</span> <span class='ocrx_word' id='word_1_162' title='bbox 556 1641 721 1677; x_wconf 88' lang='lat' dir='ltr'>Gentium,</span> <span class='ocrx_word' id='word_1_163' title='bbox 745 1641 923 1679; x_wconf 74' lang='lat' dir='ltr'>Illyriorum</span> <span class='ocrx_word' id='word_1_164' title='bbox 953 1653 999 1671; x_wconf 86' lang='lat' dir='ltr'>re-</span> 
     </span>
     <span class='ocr_line' id='line_1_37' title="bbox 355 1685 995 1723; baseline 0.006 -11"><span class='ocrx_word' id='word_1_165' title='bbox 355 1694 436 1723; x_wconf 80' lang='lat' dir='ltr'>gem,</span> <span class='ocrx_word' id='word_1_166' title='bbox 451 1685 560 1713; x_wconf 76' lang='lat' dir='ltr'>Romae</span> <span class='ocrx_word' id='word_1_167' title='bbox 577 1688 757 1723; x_wconf 85' lang='lat' dir='ltr'>suspectum</span> <span class='ocrx_word' id='word_1_168' title='bbox 775 1686 923 1723; x_wconf 77' lang='lat' dir='ltr'>reddunt,</span> <span class='ocrx_word' id='word_1_169' title='bbox 940 1692 995 1723; x_wconf 83' lang='lat'>42,</span> 
     </span>
     <span class='ocr_line' id='line_1_38' title="bbox 356 1730 407 1756; baseline -0.02 0"><span class='ocrx_word' id='word_1_170' title='bbox 356 1730 407 1756; x_wconf 85' lang='grc'>26.</span> 
     </span>
    </p>

    <p class='ocr_par' dir='ltr' id='par_1_16' title="bbox 334 1771 859 1809">
     <span class='ocr_line' id='line_1_39' title="bbox 334 1771 859 1809; baseline 0.006 -11"><span class='ocrx_word' id='word_1_171' title='bbox 334 1787 377 1794; x_wconf 82' lang='grc'>·-</span> <span class='ocrx_word' id='word_1_172' title='bbox 394 1771 716 1809; x_wconf 60' lang='lat' dir='ltr'>Lacedaemoniorum,</span> <span class='ocrx_word' id='word_1_173' title='bbox 734 1777 788 1808; x_wconf 84' lang='grc'>39,</span> <span class='ocrx_word' id='word_1_174' title='bbox 805 1776 859 1803; x_wconf 87' lang='grc'>33.</span> 
     </span>
    </p>

    <p class='ocr_par' dir='ltr' id='par_1_17' title="bbox 333 1814 686 1850">
     <span class='ocr_line' id='line_1_40' title="bbox 333 1814 686 1850; baseline 0 -8"><span class='ocrx_word' id='word_1_175' title='bbox 333 1832 377 1838; x_wconf 91' lang='grc'>-</span> <span class='ocrx_word' id='word_1_176' title='bbox 391 1814 588 1846; x_wconf 73' lang='lat' dir='ltr'>Latinorum,</span> <span class='ocrx_word' id='word_1_177' title='bbox 608 1820 639 1850; x_wconf 84' lang='grc'>8,</span> <span class='ocrx_word' id='word_1_178' title='bbox 657 1819 686 1843; x_wconf 87' lang='lat'>5.</span> 
     </span>
    </p>

    <p class='ocr_par' dir='ltr' id='par_1_18' title="bbox 332 1857 1000 1937">
     <span class='ocr_line' id='line_1_41' title="bbox 332 1857 1000 1897; baseline 0.003 -11"><span class='ocrx_word' id='word_1_179' title='bbox 332 1873 377 1880; x_wconf 89' lang='lat'><em>—</em></span> <span class='ocrx_word' id='word_1_180' title='bbox 392 1857 595 1886; x_wconf 73' lang='lat' dir='ltr'>Laurentium</span> <span class='ocrx_word' id='word_1_181' title='bbox 609 1859 776 1895; x_wconf 80' lang='lat' dir='ltr'>pulsantur</span> <span class='ocrx_word' id='word_1_182' title='bbox 787 1867 805 1886; x_wconf 88' lang='lat' dir='ltr'>a</span> <span class='ocrx_word' id='word_1_183' title='bbox 816 1859 1000 1897; x_wconf 87' lang='lat' dir='ltr'>propinquis</span> 
     </span>
     <span class='ocr_line' id='line_1_42' title="bbox 354 1901 646 1937; baseline -0.003 -7"><span class='ocrx_word' id='word_1_184' title='bbox 354 1901 419 1930; x_wconf 86' lang='lat' dir='ltr'>Titi</span> <span class='ocrx_word' id='word_1_185' title='bbox 434 1901 529 1935; x_wconf 89' lang='lat' dir='ltr'>Tatii,</span> <span class='ocrx_word' id='word_1_186' title='bbox 549 1905 577 1937; x_wconf 90' lang='grc'>1,</span> <span class='ocrx_word' id='word_1_187' title='bbox 597 1905 646 1929; x_wconf 89' lang='grc'>14.</span> 
     </span>
    </p>

    <p class='ocr_par' dir='ltr' id='par_1_19' title="bbox 332 1943 999 2110">
     <span class='ocr_line' id='line_1_43' title="bbox 332 1943 998 1981; baseline 0.003 -9"><span class='ocrx_word' id='word_1_188' title='bbox 332 1961 376 1968; x_wconf 92' lang='lat'>-—-</span> <span class='ocrx_word' id='word_1_189' title='bbox 391 1944 605 1979; x_wconf 85' lang='lat' dir='ltr'>Locrensium,</span> <span class='ocrx_word' id='word_1_190' title='bbox 619 1943 714 1973; x_wconf 80' lang='lat' dir='ltr'>obsiti</span> <span class='ocrx_word' id='word_1_191' title='bbox 727 1945 871 1981; x_wconf 83' lang='lat' dir='ltr'>squalore</span> <span class='ocrx_word' id='word_1_192' title='bbox 886 1948 916 1974; x_wconf 86' lang='lat' dir='ltr'>et</span> <span class='ocrx_word' id='word_1_193' title='bbox 934 1955 998 1974; x_wconf 77' lang='lat' dir='ltr'>sor-</span> 
     </span>
     <span class='ocr_line' id='line_1_44' title="bbox 354 1985 999 2027; baseline 0.003 -12"><span class='ocrx_word' id='word_1_194' title='bbox 354 1987 458 2023; x_wconf 89' lang='lat' dir='ltr'>dibus,</span> <span class='ocrx_word' id='word_1_195' title='bbox 471 1996 572 2016; x_wconf 79' lang='lat' dir='ltr'>ramos</span> <span class='ocrx_word' id='word_1_196' title='bbox 589 1987 674 2021; x_wconf 74' lang='lat' dir='ltr'>olere,</span> <span class='ocrx_word' id='word_1_197' title='bbox 687 1985 865 2017; x_wconf 80' lang='lat' dir='ltr'>velamenta</span> <span class='ocrx_word' id='word_1_198' title='bbox 880 1989 999 2027; x_wconf 84' lang='lat' dir='ltr'>suppli-</span> 
     </span>
     <span class='ocr_line' id='line_1_45' title="bbox 354 2031 998 2069; baseline 0.006 -11"><span class='ocrx_word' id='word_1_199' title='bbox 354 2039 440 2065; x_wconf 90' lang='lat' dir='ltr'>cum,</span> <span class='ocrx_word' id='word_1_200' title='bbox 457 2031 664 2069; x_wconf 72' lang='lat' dir='ltr'>porrigentes,</span> <span class='ocrx_word' id='word_1_201' title='bbox 682 2035 857 2068; x_wconf 77' lang='lat' dir='ltr'>queruntur</span> <span class='ocrx_word' id='word_1_202' title='bbox 876 2032 913 2061; x_wconf 88' lang='lat' dir='ltr'>de</span> <span class='ocrx_word' id='word_1_203' title='bbox 930 2033 998 2062; x_wconf 90' lang='lat' dir='ltr'>Ple-</span> 
     </span>
     <span class='ocr_line' id='line_1_46' title="bbox 354 2073 601 2110; baseline -0.004 -8"><span class='ocrx_word' id='word_1_204' title='bbox 354 2073 466 2110; x_wconf 86' lang='lat' dir='ltr'>minio,</span> <span class='ocrx_word' id='word_1_205' title='bbox 483 2078 537 2109; x_wconf 87' lang='grc'>29,</span> <span class='ocrx_word' id='word_1_206' title='bbox 555 2076 601 2102; x_wconf 94' lang='grc'>16.</span> 
     </span>
    </p>

    <p class='ocr_par' dir='ltr' id='par_1_20' title="bbox 332 2116 999 2242">
     <span class='ocr_line' id='line_1_47' title="bbox 332 2116 997 2149; baseline 0.006 -4"><span class='ocrx_word' id='word_1_207' title='bbox 332 2131 375 2139; x_wconf 91' lang='lat'>·—</span> <span class='ocrx_word' id='word_1_208' title='bbox 391 2117 578 2146; x_wconf 76' lang='lat' dir='ltr'>Macedones</span> <span class='ocrx_word' id='word_1_209' title='bbox 599 2116 723 2146; x_wconf 89' lang='lat' dir='ltr'>deducti</span> <span class='ocrx_word' id='word_1_210' title='bbox 739 2121 826 2146; x_wconf 82' lang='lat' dir='ltr'>extra</span> <span class='ocrx_word' id='word_1_211' title='bbox 841 2117 948 2148; x_wconf 87' lang='lat' dir='ltr'>urbem</span> <span class='ocrx_word' id='word_1_212' title='bbox 965 2119 997 2149; x_wconf 91' lang='lat' dir='ltr'>in</span> 
     </span>
     <span class='ocr_line' id='line_1_48' title="bbox 354 2160 999 2198; baseline 0.008 -11"><span class='ocrx_word' id='word_1_213' title='bbox 354 2160 459 2189; x_wconf 87' lang='lat' dir='ltr'>villam</span> <span class='ocrx_word' id='word_1_214' title='bbox 483 2160 652 2198; x_wconf 82' lang='lat' dir='ltr'>publicam,</span> <span class='ocrx_word' id='word_1_215' title='bbox 671 2160 775 2198; x_wconf 88' lang='lat' dir='ltr'>ibique</span> <span class='ocrx_word' id='word_1_216' title='bbox 797 2161 835 2190; x_wconf 92' lang='lat' dir='ltr'>iis</span> <span class='ocrx_word' id='word_1_217' title='bbox 859 2162 945 2192; x_wconf 91' lang='lat' dir='ltr'>locus</span> <span class='ocrx_word' id='word_1_218' title='bbox 968 2168 999 2192; x_wconf 85' lang='lat' dir='ltr'>et</span> 
     </span>
     <span class='ocr_line' id='line_1_49' title="bbox 354 2203 750 2242; baseline 0 -10"><span class='ocrx_word' id='word_1_219' title='bbox 354 2203 453 2232; x_wconf 86' lang='lat' dir='ltr'>lautia</span> <span class='ocrx_word' id='word_1_220' title='bbox 468 2203 610 2242; x_wconf 67' lang='lat' dir='ltr'>praebita,</span> <span class='ocrx_word' id='word_1_221' title='bbox 629 2208 684 2239; x_wconf 82' lang='lat'>33,</span> <span class='ocrx_word' id='word_1_222' title='bbox 701 2208 750 2232; x_wconf 89' lang='grc'>24.</span> 
     </span>
    </p>

    <p class='ocr_par' dir='ltr' id='par_1_21' title="bbox 331 2247 995 2321">
     <span class='ocr_line' id='line_1_50' title="bbox 331 2247 995 2288; baseline 0.006 -13"><span class='ocrx_word' id='word_1_223' title='bbox 331 2263 375 2270; x_wconf 87' lang='grc'>-</span> <span class='ocrx_word' id='word_1_224' title='bbox 389 2247 566 2276; x_wconf 75' lang='lat' dir='ltr'>Masinissae</span> <span class='ocrx_word' id='word_1_225' title='bbox 576 2247 753 2276; x_wconf 77' lang='lat' dir='ltr'>aRomanis</span> <span class='ocrx_word' id='word_1_226' title='bbox 766 2248 995 2288; x_wconf 88' lang='lat' dir='ltr'>donantur‚30‚</span> 
     </span>
     <span class='ocr_line' id='line_1_51' title="bbox 361 2293 408 2321; baseline 0 -4"><span class='ocrx_word' id='word_1_227' title='bbox 361 2293 408 2321; x_wconf 76' lang='lat'>17.</span> 
     </span>
    </p>

    <p class='ocr_par' dir='ltr' id='par_1_22' title="bbox 332 2333 678 2369">
     <span class='ocr_line' id='line_1_52' title="bbox 332 2333 678 2369; baseline -0.003 -7"><span class='ocrx_word' id='word_1_228' title='bbox 332 2346 375 2354; x_wconf 85' lang='lat'>·-—</span> <span class='ocrx_word' id='word_1_229' title='bbox 390 2333 535 2366; x_wconf 79' lang='lat' dir='ltr'>Nabidis.</span> <span class='ocrx_word' id='word_1_230' title='bbox 552 2337 607 2369; x_wconf 87' lang='grc'>34,</span> <span class='ocrx_word' id='word_1_231' title='bbox 626 2337 678 2362; x_wconf 81' lang='grc'>42.</span> 
     </span>
    </p>

    <p class='ocr_par' dir='ltr' id='par_1_23' title="bbox 331 2376 999 2454">
     <span class='ocr_line' id='line_1_53' title="bbox 331 2376 999 2414; baseline 0.009 -11"><span class='ocrx_word' id='word_1_232' title='bbox 331 2390 375 2397; x_wconf 93' lang='grc'><strong>-</strong></span> <span class='ocrx_word' id='word_1_233' title='bbox 391 2376 594 2414; x_wconf 82' lang='lat' dir='ltr'>Neapolitani</span> <span class='ocrx_word' id='word_1_234' title='bbox 610 2386 719 2405; x_wconf 90' lang='lat' dir='ltr'>aurum</span> <span class='ocrx_word' id='word_1_235' title='bbox 736 2377 873 2407; x_wconf 85' lang='lat' dir='ltr'>offerunt.</span> <span class='ocrx_word' id='word_1_236' title='bbox 884 2379 999 2408; x_wconf 82' lang='lat' dir='ltr'>Roma-</span> 
     </span>
     <span class='ocr_line' id='line_1_54' title="bbox 356 2418 556 2454; baseline 0.005 -9"><span class='ocrx_word' id='word_1_237' title='bbox 356 2418 418 2454; x_wconf 82' lang='lat' dir='ltr'>nis,</span> <span class='ocrx_word' id='word_1_238' title='bbox 438 2424 489 2453; x_wconf 85' lang='lat'>22,</span> <span class='ocrx_word' id='word_1_239' title='bbox 505 2424 556 2448; x_wconf 83' lang='lat'>32.</span> 
     </span>
    </p>

    <p class='ocr_par' dir='ltr' id='par_1_24' title="bbox 331 2462 997 2541">
     <span class='ocr_line' id='line_1_55' title="bbox 331 2462 997 2500; baseline 0.008 -11"><span class='ocrx_word' id='word_1_240' title='bbox 331 2476 376 2483; x_wconf 92' lang='lat'>—</span> <span class='ocrx_word' id='word_1_241' title='bbox 393 2462 556 2500; x_wconf 73' lang='lat' dir='ltr'>Pamphyli</span> <span class='ocrx_word' id='word_1_242' title='bbox 573 2470 719 2491; x_wconf 89' lang='lat' dir='ltr'>coronam</span> <span class='ocrx_word' id='word_1_243' title='bbox 738 2472 861 2493; x_wconf 85' lang='lat' dir='ltr'>auream</span> <span class='ocrx_word' id='word_1_244' title='bbox 885 2464 917 2493; x_wconf 89' lang='lat' dir='ltr'>in</span> <span class='ocrx_word' id='word_1_245' title='bbox 942 2474 997 2494; x_wconf 83' lang='lat' dir='ltr'>cu-</span> 
     </span>
     <span class='ocr_line' id='line_1_56' title="bbox 354 2504 740 2541; baseline 0.003 -9"><span class='ocrx_word' id='word_1_246' title='bbox 354 2504 428 2533; x_wconf 81' lang='lat' dir='ltr'>riam</span> <span class='ocrx_word' id='word_1_247' title='bbox 448 2505 600 2537; x_wconf 85' lang='lat' dir='ltr'>inferunt,</span> <span class='ocrx_word' id='word_1_248' title='bbox 618 2509 672 2541; x_wconf 87' lang='grc'>44,</span> <span class='ocrx_word' id='word_1_249' title='bbox 693 2509 740 2533; x_wconf 91' lang='grc'>14.</span> 
     </span>
    </p>

    <p class='ocr_par' dir='ltr' id='par_1_25' title="bbox 327 2548 997 2620">
     <span class='ocr_line' id='line_1_57' title="bbox 327 2548 997 2585; baseline 0.006 -10"><span class='ocrx_word' id='word_1_250' title='bbox 327 2563 371 2570; x_wconf 88' lang='grc'>-</span> <span class='ocrx_word' id='word_1_251' title='bbox 386 2548 486 2576; x_wconf 81' lang='lat' dir='ltr'>Persei</span> <span class='ocrx_word' id='word_1_252' title='bbox 498 2548 652 2585; x_wconf 86' lang='lat' dir='ltr'>jubentur</span> <span class='ocrx_word' id='word_1_253' title='bbox 663 2548 807 2577; x_wconf 82' lang='lat' dir='ltr'>excedere</span> <span class='ocrx_word' id='word_1_254' title='bbox 825 2549 926 2584; x_wconf 82' lang='lat' dir='ltr'>Italia,</span> <span class='ocrx_word' id='word_1_255' title='bbox 942 2554 997 2585; x_wconf 90' lang='lat'>42,</span> 
     </span>
     <span class='ocr_line' id='line_1_58' title="bbox 353 2593 406 2620; baseline -0.038 0"><span class='ocrx_word' id='word_1_256' title='bbox 353 2593 406 2620; x_wconf 89' lang='grc'>36.</span> 
     </span>
    </p>

    <p class='ocr_par' dir='ltr' id='par_1_26' title="bbox 329 2633 997 2845">
     <span class='ocr_line' id='line_1_59' title="bbox 329 2633 996 2672; baseline 0.003 -10"><span class='ocrx_word' id='word_1_257' title='bbox 329 2651 372 2657; x_wconf 90' lang='grc'><strong>-</strong></span> <span class='ocrx_word' id='word_1_258' title='bbox 387 2633 520 2672; x_wconf 88' lang='lat' dir='ltr'>Philippi</span> <span class='ocrx_word' id='word_1_259' title='bbox 538 2633 575 2662; x_wconf 89' lang='lat' dir='ltr'>ad</span> <span class='ocrx_word' id='word_1_260' title='bbox 592 2633 796 2669; x_wconf 88' lang='lat' dir='ltr'>Annibalem,</span> <span class='ocrx_word' id='word_1_261' title='bbox 813 2638 866 2670; x_wconf 89' lang='grc'>23,</span> <span class='ocrx_word' id='word_1_262' title='bbox 878 2640 930 2664; x_wconf 84' lang='grc'>33.</span> <span class='ocrx_word' id='word_1_263' title='bbox 944 2640 996 2664; x_wconf 87' lang='grc'>34.</span> 
     </span>
     <span class='ocr_line' id='line_1_60' title="bbox 350 2677 997 2712; baseline 0.003 -7"><span class='ocrx_word' id='word_1_264' title='bbox 350 2679 378 2705; x_wconf 82' lang='lat' dir='ltr'>ct</span> <span class='ocrx_word' id='word_1_265' title='bbox 393 2682 448 2708; x_wconf 83' lang='lat'>39.</span> <span class='ocrx_word' id='word_1_266' title='bbox 466 2677 504 2706; x_wconf 88' lang='lat' dir='ltr'>ad</span> <span class='ocrx_word' id='word_1_267' title='bbox 527 2677 665 2707; x_wconf 83' lang='lat' dir='ltr'>AEtolos,</span> <span class='ocrx_word' id='word_1_268' title='bbox 685 2681 739 2712; x_wconf 82' lang='lat'>31,</span> <span class='ocrx_word' id='word_1_269' title='bbox 758 2681 808 2705; x_wconf 85' lang='lat'>28.</span> <span class='ocrx_word' id='word_1_270' title='bbox 827 2678 863 2706; x_wconf 87' lang='lat' dir='ltr'>ad</span> <span class='ocrx_word' id='word_1_271' title='bbox 882 2678 997 2707; x_wconf 83' lang='lat' dir='ltr'>Roma-</span> 
     </span>
     <span class='ocr_line' id='line_1_61' title="bbox 351 2720 996 2757; baseline 0.003 -9"><span class='ocrx_word' id='word_1_272' title='bbox 351 2729 421 2756; x_wconf 88' lang='lat' dir='ltr'>nos,</span> <span class='ocrx_word' id='word_1_273' title='bbox 437 2724 492 2757; x_wconf 89' lang='lat'>32,</span> <span class='ocrx_word' id='word_1_274' title='bbox 512 2725 564 2751; x_wconf 89' lang='lat'>37.</span> <span class='ocrx_word' id='word_1_275' title='bbox 578 2724 635 2756; x_wconf 88' lang='lat'>33,</span> <span class='ocrx_word' id='word_1_276' title='bbox 653 2724 703 2749; x_wconf 89' lang='grc'>24.</span> <span class='ocrx_word' id='word_1_277' title='bbox 728 2720 917 2757; x_wconf 89' lang='lat' dir='ltr'>pollicentur</span> <span class='ocrx_word' id='word_1_278' title='bbox 934 2722 996 2751; x_wconf 83' lang='lat' dir='ltr'>Ro-</span> 
     </span>
     <span class='ocr_line' id='line_1_62' title="bbox 351 2763 994 2801; baseline 0.003 -10"><span class='ocrx_word' id='word_1_279' title='bbox 351 2763 450 2791; x_wconf 85' lang='lat' dir='ltr'>manis</span> <span class='ocrx_word' id='word_1_280' title='bbox 463 2763 627 2801; x_wconf 82' lang='lat' dir='ltr'>pecuniam</span> <span class='ocrx_word' id='word_1_281' title='bbox 642 2767 673 2792; x_wconf 88' lang='lat' dir='ltr'>et</span> <span class='ocrx_word' id='word_1_282' title='bbox 685 2763 890 2799; x_wconf 75' lang='lat' dir='ltr'>frumentum,</span> <span class='ocrx_word' id='word_1_283' title='bbox 900 2766 954 2801; x_wconf 84' lang='lat'>36,</span> <span class='ocrx_word' id='word_1_284' title='bbox 965 2769 994 2793; x_wconf 95' lang='grc'><strong>4.</strong></span> 
     </span>
     <span class='ocr_line' id='line_1_63' title="bbox 350 2808 993 2845; baseline 0 -10"><span class='ocrx_word' id='word_1_285' title='bbox 350 2815 496 2836; x_wconf 75' lang='lat' dir='ltr'>coronam</span> <span class='ocrx_word' id='word_1_286' title='bbox 521 2815 645 2836; x_wconf 85' lang='lat' dir='ltr'>auream</span> <span class='ocrx_word' id='word_1_287' title='bbox 674 2810 800 2836; x_wconf 81' lang='lat' dir='ltr'>centum</span> <span class='ocrx_word' id='word_1_288' title='bbox 829 2808 933 2845; x_wconf 85' lang='lat' dir='ltr'>pondo</span> <span class='ocrx_word' id='word_1_289' title='bbox 963 2808 993 2836; x_wconf 93' lang='lat' dir='ltr'>in</span> 
     </span>
    </p>
   </div>
   <div class='ocr_carea' id='block_1_5' title="bbox 1040 836 1124 843">
    <p class='ocr_par' dir='ltr' id='par_1_27' title="bbox 1040 836 1124 843">
     <span class='ocr_line' id='line_1_64' title="bbox 1040 836 1124 843; baseline 0 0"><span class='ocrx_word' id='word_1_290' title='bbox 1040 836 1124 843; x_wconf 95' lang='lat' dir='ltr'> </span> 
     </span>
    </p>
   </div>
   <div class='ocr_carea' id='block_1_6' title="bbox 761 57 1273 96">
    <p class='ocr_par' dir='ltr' id='par_1_28' title="bbox 761 57 1273 96">
     <span class='ocr_line' id='line_1_65' title="bbox 761 57 1273 96; baseline -0.004 0"><span class='ocrx_word' id='word_1_291' title='bbox 761 58 943 96; x_wconf 86' lang='lat' dir='ltr'>INDEX</span> <span class='ocrx_word' id='word_1_292' title='bbox 974 58 1029 95; x_wconf 76' lang='lat' dir='ltr'>IN</span> <span class='ocrx_word' id='word_1_293' title='bbox 1061 58 1107 95; x_wconf 94' lang='lat' dir='ltr'>T.</span> <span class='ocrx_word' id='word_1_294' title='bbox 1137 57 1273 95; x_wconf 82' lang='lat' dir='ltr'>LIVII</span> 
     </span>
    </p>
   </div>
   <div class='ocr_carea' id='block_1_7' title="bbox 1044 168 1733 2846">
    <p class='ocr_par' dir='ltr' id='par_1_29' title="bbox 1086 168 1728 241">
     <span class='ocr_line' id='line_1_66' title="bbox 1086 168 1728 210; baseline 0.005 -11"><span class='ocrx_word' id='word_1_295' title='bbox 1086 169 1150 199; x_wconf 82' lang='lat' dir='ltr'>aede</span> <span class='ocrx_word' id='word_1_296' title='bbox 1176 168 1267 199; x_wconf 79' lang='lat' dir='ltr'>Jovis</span> <span class='ocrx_word' id='word_1_297' title='bbox 1294 169 1406 207; x_wconf 85' lang='lat' dir='ltr'>optimi</span> <span class='ocrx_word' id='word_1_298' title='bbox 1435 169 1564 200; x_wconf 87' lang='lat' dir='ltr'>Maximi</span> <span class='ocrx_word' id='word_1_299' title='bbox 1592 175 1728 210; x_wconf 86' lang='lat' dir='ltr'>ponunt,</span> 
     </span>
     <span class='ocr_line' id='line_1_67' title="bbox 1088 212 1160 241; baseline 0.014 -1"><span class='ocrx_word' id='word_1_300' title='bbox 1088 212 1160 241; x_wconf 80' lang='lat' dir='ltr'>ibid.</span> 
     </span>
    </p>

    <p class='ocr_par' dir='ltr' id='par_1_30' title="bbox 1044 255 1509 294">
     <span class='ocr_line' id='line_1_68' title="bbox 1044 255 1509 294; baseline 0.004 -10"><span class='ocrx_word' id='word_1_301' title='bbox 1044 255 1152 294; x_wconf 83' lang='lat' dir='ltr'>Legati</span> <span class='ocrx_word' id='word_1_302' title='bbox 1171 255 1368 290; x_wconf 81' lang='lat' dir='ltr'>Pisanorum,</span> <span class='ocrx_word' id='word_1_303' title='bbox 1384 258 1439 291; x_wconf 86' lang='lat'>45,</span> <span class='ocrx_word' id='word_1_304' title='bbox 1459 260 1509 286; x_wconf 73' lang='grc'>13.</span> 
     </span>
    </p>

    <p class='ocr_par' dir='ltr' id='par_1_31' title="bbox 1061 299 1732 464">
     <span class='ocr_line' id='line_1_69' title="bbox 1061 299 1732 338; baseline 0.003 -11"><span class='ocrx_word' id='word_1_305' title='bbox 1061 314 1105 321; x_wconf 93' lang='lat'>—</span> <span class='ocrx_word' id='word_1_306' title='bbox 1122 299 1292 328; x_wconf 80' lang='lat' dir='ltr'>Poenorum</span> <span class='ocrx_word' id='word_1_307' title='bbox 1306 300 1343 327; x_wconf 87' lang='lat' dir='ltr'>ad</span> <span class='ocrx_word' id='word_1_308' title='bbox 1357 299 1549 338; x_wconf 82' lang='lat' dir='ltr'>Philippum,</span> <span class='ocrx_word' id='word_1_309' title='bbox 1564 301 1644 338; x_wconf 89' lang='lat' dir='ltr'>capti</span> <span class='ocrx_word' id='word_1_310' title='bbox 1658 301 1732 329; x_wconf 87' lang='lat' dir='ltr'>mit-</span> 
     </span>
     <span class='ocr_line' id='line_1_70' title="bbox 1083 343 1730 377; baseline 0.003 -7"><span class='ocrx_word' id='word_1_311' title='bbox 1083 346 1197 370; x_wconf 82' lang='lat' dir='ltr'>tuntur</span> <span class='ocrx_word' id='word_1_312' title='bbox 1213 343 1359 377; x_wconf 86' lang='lat' dir='ltr'>Romam,</span> <span class='ocrx_word' id='word_1_313' title='bbox 1378 347 1431 377; x_wconf 86' lang='grc'>23,</span> <span class='ocrx_word' id='word_1_314' title='bbox 1444 348 1494 372; x_wconf 88' lang='grc'>34.</span> <span class='ocrx_word' id='word_1_315' title='bbox 1507 345 1675 373; x_wconf 72' lang='lat' dir='ltr'>Poenorum</span> <span class='ocrx_word' id='word_1_316' title='bbox 1691 345 1730 372; x_wconf 81' lang='lat' dir='ltr'>ad</span> 
     </span>
     <span class='ocr_line' id='line_1_71' title="bbox 1084 385 1731 426; baseline 0.005 -13"><span class='ocrx_word' id='word_1_317' title='bbox 1084 385 1272 420; x_wconf 75' lang='lat' dir='ltr'>Masinissae,</span> <span class='ocrx_word' id='word_1_318' title='bbox 1288 387 1396 414; x_wconf 85' lang='lat' dir='ltr'>Romae</span> <span class='ocrx_word' id='word_1_319' title='bbox 1409 386 1446 415; x_wconf 87' lang='lat' dir='ltr'>de</span> <span class='ocrx_word' id='word_1_320' title='bbox 1461 395 1536 425; x_wconf 83' lang='lat' dir='ltr'>agro</span> <span class='ocrx_word' id='word_1_321' title='bbox 1555 388 1731 426; x_wconf 83' lang='lat' dir='ltr'>disceptan—</span> 
     </span>
     <span class='ocr_line' id='line_1_72' title="bbox 1083 429 1314 464; baseline 0.004 -7"><span class='ocrx_word' id='word_1_322' title='bbox 1083 429 1176 464; x_wconf 85' lang='lat' dir='ltr'>tium,</span> <span class='ocrx_word' id='word_1_323' title='bbox 1192 433 1245 462; x_wconf 90' lang='lat'>34,</span> <span class='ocrx_word' id='word_1_324' title='bbox 1263 432 1314 458; x_wconf 82' lang='lat'>62.</span> 
     </span>
    </p>

    <p class='ocr_par' dir='ltr' id='par_1_32' title="bbox 1060 471 1450 508">
     <span class='ocr_line' id='line_1_73' title="bbox 1060 471 1450 508; baseline 0.005 -9"><span class='ocrx_word' id='word_1_325' title='bbox 1060 490 1103 496; x_wconf 91' lang='lat'><em>-</em></span> <span class='ocrx_word' id='word_1_326' title='bbox 1119 471 1328 506; x_wconf 85' lang='lat' dir='ltr'>Privernates,</span> <span class='ocrx_word' id='word_1_327' title='bbox 1346 476 1378 508; x_wconf 85' lang='lat'>8,</span> <span class='ocrx_word' id='word_1_328' title='bbox 1397 476 1450 501; x_wconf 76' lang='grc'>21.</span> 
     </span>
    </p>

    <p class='ocr_par' dir='ltr' id='par_1_33' title="bbox 1060 516 1656 553">
     <span class='ocr_line' id='line_1_74' title="bbox 1060 516 1656 553; baseline 0.005 -10"><span class='ocrx_word' id='word_1_329' title='bbox 1060 533 1103 539; x_wconf 86' lang='grc'><strong>-</strong></span> <span class='ocrx_word' id='word_1_330' title='bbox 1119 516 1246 547; x_wconf 79' lang='lat' dir='ltr'>Prusiae,</span> <span class='ocrx_word' id='word_1_331' title='bbox 1265 516 1396 545; x_wconf 83' lang='lat' dir='ltr'>Romam</span> <span class='ocrx_word' id='word_1_332' title='bbox 1414 516 1514 552; x_wconf 90' lang='lat' dir='ltr'>missi,</span> <span class='ocrx_word' id='word_1_333' title='bbox 1530 520 1585 553; x_wconf 85' lang='grc'>44,</span> <span class='ocrx_word' id='word_1_334' title='bbox 1606 521 1656 546; x_wconf 86' lang='lat'>14.</span> 
     </span>
    </p>

    <p class='ocr_par' dir='ltr' id='par_1_34' title="bbox 1060 559 1733 682">
     <span class='ocr_line' id='line_1_75' title="bbox 1060 559 1730 598; baseline 0.003 -12"><span class='ocrx_word' id='word_1_335' title='bbox 1060 575 1104 581; x_wconf 87' lang='lat'>—-</span> <span class='ocrx_word' id='word_1_336' title='bbox 1120 559 1294 594; x_wconf 71' lang='lat' dir='ltr'>Ptolemaei,</span> <span class='ocrx_word' id='word_1_337' title='bbox 1321 563 1376 596; x_wconf 84' lang='grc'>31,</span> <span class='ocrx_word' id='word_1_338' title='bbox 1402 564 1431 590; x_wconf 80' lang='grc'>9.</span> <span class='ocrx_word' id='word_1_339' title='bbox 1462 560 1499 588; x_wconf 85' lang='lat' dir='ltr'>iis</span> <span class='ocrx_word' id='word_1_340' title='bbox 1527 561 1559 588; x_wconf 87' lang='lat' dir='ltr'>in</span> <span class='ocrx_word' id='word_1_341' title='bbox 1588 559 1730 598; x_wconf 85' lang='lat' dir='ltr'>singulos</span> 
     </span>
     <span class='ocr_line' id='line_1_76' title="bbox 1082 600 1733 639; baseline 0.003 -9"><span class='ocrx_word' id='word_1_342' title='bbox 1082 610 1213 630; x_wconf 83' lang='lat' dir='ltr'>munera</span> <span class='ocrx_word' id='word_1_343' title='bbox 1230 600 1361 639; x_wconf 65' lang='lat' dir='ltr'>quinum</span> <span class='ocrx_word' id='word_1_344' title='bbox 1384 602 1517 631; x_wconf 89' lang='lat' dir='ltr'>millium</span> <span class='ocrx_word' id='word_1_345' title='bbox 1535 603 1603 632; x_wconf 81' lang='lat' dir='ltr'>aeris</span> <span class='ocrx_word' id='word_1_346' title='bbox 1626 613 1662 632; x_wconf 86' lang='lat' dir='ltr'>ex</span> <span class='ocrx_word' id='word_1_347' title='bbox 1686 613 1733 632; x_wconf 83' lang='lat' dir='ltr'>se-</span> 
     </span>
     <span class='ocr_line' id='line_1_77' title="bbox 1084 645 1556 682; baseline 0.004 -9"><span class='ocrx_word' id='word_1_348' title='bbox 1084 649 1177 675; x_wconf 84' lang='lat' dir='ltr'>natus</span> <span class='ocrx_word' id='word_1_349' title='bbox 1194 645 1339 674; x_wconf 87' lang='lat' dir='ltr'>consulto</span> <span class='ocrx_word' id='word_1_350' title='bbox 1356 647 1464 682; x_wconf 86' lang='lat' dir='ltr'>missa,</span> <span class='ocrx_word' id='word_1_351' title='bbox 1483 646 1556 676; x_wconf 71' lang='lat' dir='ltr'>ibid.</span> 
     </span>
    </p>

    <p class='ocr_par' dir='ltr' id='par_1_35' title="bbox 1061 689 1730 813">
     <span class='ocr_line' id='line_1_78' title="bbox 1061 689 1730 728; baseline 0.006 -12"><span class='ocrx_word' id='word_1_352' title='bbox 1061 705 1104 712; x_wconf 88' lang='lat'><em>-</em></span> <span class='ocrx_word' id='word_1_353' title='bbox 1120 689 1279 717; x_wconf 81' lang='lat' dir='ltr'>Ptolcmaei</span> <span class='ocrx_word' id='word_1_354' title='bbox 1292 692 1323 717; x_wconf 86' lang='lat' dir='ltr'>et</span> <span class='ocrx_word' id='word_1_355' title='bbox 1336 689 1509 727; x_wconf 85' lang='lat' dir='ltr'>Cleopatrae</span> <span class='ocrx_word' id='word_1_356' title='bbox 1522 691 1730 728; x_wconf 79' lang='lat' dir='ltr'>gratulantes,</span> 
     </span>
     <span class='ocr_line' id='line_1_79' title="bbox 1085 731 1730 770; baseline 0.005 -10"><span class='ocrx_word' id='word_1_357' title='bbox 1085 731 1241 770; x_wconf 89' lang='lat' dir='ltr'>quod&#39;M&#39;.</span> <span class='ocrx_word' id='word_1_358' title='bbox 1257 732 1379 761; x_wconf 84' lang='lat' dir='ltr'>Acilius</span> <span class='ocrx_word' id='word_1_359' title='bbox 1395 733 1589 763; x_wconf 80' lang='lat' dir='ltr'>Antiochum</span> <span class='ocrx_word' id='word_1_360' title='bbox 1609 735 1730 763; x_wconf 69' lang='lat' dir='ltr'>Graecia</span> 
     </span>
     <span class='ocr_line' id='line_1_80' title="bbox 1084 772 1369 813; baseline -0.007 -9"><span class='ocrx_word' id='word_1_361' title='bbox 1084 772 1252 813; x_wconf 85' lang='lat' dir='ltr'>expulerit,</span> <span class='ocrx_word' id='word_1_362' title='bbox 1267 779 1322 810; x_wconf 91' lang='lat'>37,</span> <span class='ocrx_word' id='word_1_363' title='bbox 1338 780 1369 804; x_wconf 89' lang='lat'>3.</span> 
     </span>
    </p>

    <p class='ocr_par' dir='ltr' id='par_1_36' title="bbox 1084 818 1732 1075">
     <span class='ocr_line' id='line_1_81' title="bbox 1127 818 1731 857; baseline 0.008 -11"><span class='ocrx_word' id='word_1_364' title='bbox 1127 818 1321 847; x_wconf 83' lang='lat' dir='ltr'>Rhodiorum</span> <span class='ocrx_word' id='word_1_365' title='bbox 1339 819 1375 847; x_wconf 88' lang='lat' dir='ltr'>ad</span> <span class='ocrx_word' id='word_1_366' title='bbox 1389 818 1597 856; x_wconf 79' lang='lat' dir='ltr'>Antiochum,</span> <span class='ocrx_word' id='word_1_367' title='bbox 1610 825 1665 857; x_wconf 88' lang='lat'>33,</span> <span class='ocrx_word' id='word_1_368' title='bbox 1679 826 1731 851; x_wconf 84' lang='grc'>20.</span> 
     </span>
     <span class='ocr_line' id='line_1_82' title="bbox 1084 862 1732 904; baseline 0.005 -14"><span class='ocrx_word' id='word_1_369' title='bbox 1084 862 1120 890; x_wconf 82' lang='lat' dir='ltr'>ad</span> <span class='ocrx_word' id='word_1_370' title='bbox 1135 862 1307 898; x_wconf 87' lang='lat' dir='ltr'>Romanos,</span> <span class='ocrx_word' id='word_1_371' title='bbox 1320 862 1516 899; x_wconf 70' lang='lat' dir='ltr'>querentium</span> <span class='ocrx_word' id='word_1_372' title='bbox 1531 864 1567 892; x_wconf 87' lang='lat' dir='ltr'>de</span> <span class='ocrx_word' id='word_1_373' title='bbox 1579 865 1732 904; x_wconf 81' lang='lat' dir='ltr'>Sinopen-</span> 
     </span>
     <span class='ocr_line' id='line_1_83' title="bbox 1085 905 1732 944; baseline 0.006 -11"><span class='ocrx_word' id='word_1_374' title='bbox 1085 906 1166 934; x_wconf 89' lang='lat' dir='ltr'>sium</span> <span class='ocrx_word' id='word_1_375' title='bbox 1190 905 1290 941; x_wconf 85' lang='lat' dir='ltr'>clade,</span> <span class='ocrx_word' id='word_1_376' title='bbox 1307 909 1363 941; x_wconf 88' lang='lat'>40,</span> <span class='ocrx_word' id='word_1_377' title='bbox 1382 910 1412 934; x_wconf 85' lang='lat'>2.</span> <span class='ocrx_word' id='word_1_378' title='bbox 1429 906 1464 934; x_wconf 86' lang='lat' dir='ltr'>ad</span> <span class='ocrx_word' id='word_1_379' title='bbox 1488 907 1661 944; x_wconf 86' lang='lat' dir='ltr'>Romanos,</span> <span class='ocrx_word' id='word_1_380' title='bbox 1677 912 1732 943; x_wconf 85' lang='lat'>44,</span> 
     </span>
     <span class='ocr_line' id='line_1_84' title="bbox 1090 948 1731 987; baseline 0.003 -10"><span class='ocrx_word' id='word_1_381' title='bbox 1090 952 1136 977; x_wconf 89' lang='lat'>14.</span> <span class='ocrx_word' id='word_1_382' title='bbox 1154 948 1266 977; x_wconf 87' lang='lat' dir='ltr'>horum</span> <span class='ocrx_word' id='word_1_383' title='bbox 1291 949 1423 987; x_wconf 86' lang='lat' dir='ltr'>superba</span> <span class='ocrx_word' id='word_1_384' title='bbox 1445 950 1558 983; x_wconf 88' lang='lat' dir='ltr'>oratio,</span> <span class='ocrx_word' id='word_1_385' title='bbox 1579 951 1652 979; x_wconf 74' lang='lat' dir='ltr'>ibid.</span> <span class='ocrx_word' id='word_1_386' title='bbox 1678 951 1731 980; x_wconf 87' lang='lat' dir='ltr'>alii</span> 
     </span>
     <span class='ocr_line' id='line_1_85' title="bbox 1085 992 1730 1029; baseline 0.005 -8"><span class='ocrx_word' id='word_1_387' title='bbox 1085 992 1193 1029; x_wconf 83' lang='lat' dir='ltr'>legati,</span> <span class='ocrx_word' id='word_1_388' title='bbox 1207 996 1261 1027; x_wconf 90' lang='lat'>45,</span> <span class='ocrx_word' id='word_1_389' title='bbox 1275 996 1327 1021; x_wconf 87' lang='grc'>20.</span> <span class='ocrx_word' id='word_1_390' title='bbox 1340 992 1509 1021; x_wconf 86' lang='lat' dir='ltr'>miserabili</span> <span class='ocrx_word' id='word_1_391' title='bbox 1525 995 1666 1023; x_wconf 88' lang='lat' dir='ltr'>oratione</span> <span class='ocrx_word' id='word_1_392' title='bbox 1679 995 1730 1024; x_wconf 90' lang='lat' dir='ltr'>de-</span> 
     </span>
     <span class='ocr_line' id='line_1_86' title="bbox 1085 1035 1662 1075; baseline 0.007 -12"><span class='ocrx_word' id='word_1_393' title='bbox 1085 1039 1253 1075; x_wconf 82' lang='lat' dir='ltr'>precantur</span> <span class='ocrx_word' id='word_1_394' title='bbox 1270 1035 1346 1064; x_wconf 87' lang='lat' dir='ltr'>iram</span> <span class='ocrx_word' id='word_1_395' title='bbox 1367 1036 1593 1073; x_wconf 82' lang='lat' dir='ltr'>Romanorum,</span> <span class='ocrx_word' id='word_1_396' title='bbox 1611 1042 1662 1067; x_wconf 88' lang='grc'>22.</span> 
     </span>
    </p>

    <p class='ocr_par' dir='ltr' id='par_1_37' title="bbox 1063 1078 1731 1155">
     <span class='ocr_line' id='line_1_87' title="bbox 1063 1078 1731 1120; baseline 0.01 -16"><span class='ocrx_word' id='word_1_397' title='bbox 1063 1097 1107 1104; x_wconf 84' lang='grc'>-</span> <span class='ocrx_word' id='word_1_398' title='bbox 1123 1078 1269 1112; x_wconf 84' lang='lat' dir='ltr'>Romani,</span> <span class='ocrx_word' id='word_1_399' title='bbox 1293 1079 1331 1108; x_wconf 86' lang='lat' dir='ltr'>ad</span> <span class='ocrx_word' id='word_1_400' title='bbox 1361 1078 1564 1109; x_wconf 77' lang='lat' dir='ltr'>Coriolanum</span> <span class='ocrx_word' id='word_1_401' title='bbox 1593 1081 1630 1110; x_wconf 86' lang='lat' dir='ltr'>de</span> <span class='ocrx_word' id='word_1_402' title='bbox 1657 1091 1731 1120; x_wconf 86' lang='lat' dir='ltr'>pace</span> 
     </span>
     <span class='ocr_line' id='line_1_88' title="bbox 1086 1122 1301 1155; baseline -0.005 -3"><span class='ocrx_word' id='word_1_403' title='bbox 1086 1122 1185 1154; x_wconf 80' lang='lat' dir='ltr'>missi,</span> <span class='ocrx_word' id='word_1_404' title='bbox 1200 1127 1231 1155; x_wconf 88' lang='lat'>2,</span> <span class='ocrx_word' id='word_1_405' title='bbox 1248 1125 1301 1152; x_wconf 84' lang='lat'>39.</span> 
     </span>
    </p>

    <p class='ocr_par' dir='ltr' id='par_1_38' title="bbox 1129 1165 1731 1206">
     <span class='ocr_line' id='line_1_89' title="bbox 1129 1165 1731 1206; baseline 0.005 -12"><span class='ocrx_word' id='word_1_406' title='bbox 1129 1165 1285 1201; x_wconf 83' lang='lat' dir='ltr'>Athenas,</span> <span class='ocrx_word' id='word_1_407' title='bbox 1301 1165 1354 1203; x_wconf 83' lang='lat' dir='ltr'>qui</span> <span class='ocrx_word' id='word_1_408' title='bbox 1378 1165 1502 1195; x_wconf 88' lang='lat' dir='ltr'>Solonis</span> <span class='ocrx_word' id='word_1_409' title='bbox 1519 1166 1602 1206; x_wconf 83' lang='lat' dir='ltr'>leges</span> <span class='ocrx_word' id='word_1_410' title='bbox 1618 1167 1731 1197; x_wconf 85' lang='lat' dir='ltr'>descri-</span> 
     </span>
    </p>

    <p class='ocr_par' dir='ltr' id='par_1_39' title="bbox 1087 1209 1326 1242">
     <span class='ocr_line' id='line_1_90' title="bbox 1087 1209 1326 1242; baseline -0.004 -4"><span class='ocrx_word' id='word_1_411' title='bbox 1087 1209 1208 1242; x_wconf 82' lang='lat' dir='ltr'>berent,</span> <span class='ocrx_word' id='word_1_412' title='bbox 1225 1213 1256 1242; x_wconf 85' lang='lat'>3,</span> <span class='ocrx_word' id='word_1_413' title='bbox 1273 1213 1326 1238; x_wconf 89' lang='grc'>31.</span> 
     </span>
    </p>

    <p class='ocr_par' dir='ltr' id='par_1_40' title="bbox 1124 1251 1731 1290">
     <span class='ocr_line' id='line_1_91' title="bbox 1124 1251 1731 1290; baseline 0.005 -9"><span class='ocrx_word' id='word_1_414' title='bbox 1124 1252 1216 1290; x_wconf 85' lang='lat' dir='ltr'>jussu</span> <span class='ocrx_word' id='word_1_415' title='bbox 1230 1251 1393 1281; x_wconf 85' lang='lat' dir='ltr'>Tolumnii</span> <span class='ocrx_word' id='word_1_416' title='bbox 1415 1260 1434 1280; x_wconf 84' lang='lat' dir='ltr'>a</span> <span class='ocrx_word' id='word_1_417' title='bbox 1454 1252 1658 1283; x_wconf 82' lang='lat' dir='ltr'>Fidenatibus</span> <span class='ocrx_word' id='word_1_418' title='bbox 1682 1255 1731 1284; x_wconf 85' lang='lat' dir='ltr'>in-</span> 
     </span>
    </p>

    <p class='ocr_par' dir='ltr' id='par_1_41' title="bbox 1085 1295 1336 1332">
     <span class='ocr_line' id='line_1_92' title="bbox 1085 1295 1336 1332; baseline 0 -8"><span class='ocrx_word' id='word_1_419' title='bbox 1085 1295 1221 1331; x_wconf 78' lang='lat' dir='ltr'>terfecti,</span> <span class='ocrx_word' id='word_1_420' title='bbox 1237 1299 1270 1332; x_wconf 80' lang='lat'>4,</span> <span class='ocrx_word' id='word_1_421' title='bbox 1288 1300 1336 1327; x_wconf 88' lang='lat'>17.</span> 
     </span>
    </p>

    <p class='ocr_par' dir='ltr' id='par_1_42' title="bbox 1089 1338 1728 1421">
     <span class='ocr_line' id='line_1_93' title="bbox 1128 1338 1728 1376; baseline 0.007 -9"><span class='ocrx_word' id='word_1_422' title='bbox 1128 1339 1236 1376; x_wconf 78' lang='lat' dir='ltr'>Veios,</span> <span class='ocrx_word' id='word_1_423' title='bbox 1253 1343 1285 1368; x_wconf 82' lang='lat' dir='ltr'>et</span> <span class='ocrx_word' id='word_1_424' title='bbox 1301 1338 1468 1376; x_wconf 86' lang='lat' dir='ltr'>superbum</span> <span class='ocrx_word' id='word_1_425' title='bbox 1485 1339 1665 1370; x_wconf 87' lang='lat' dir='ltr'>Veientium</span> <span class='ocrx_word' id='word_1_426' title='bbox 1682 1351 1728 1371; x_wconf 88' lang='lat' dir='ltr'>re-</span> 
     </span>
     <span class='ocr_line' id='line_1_94' title="bbox 1089 1385 1374 1421; baseline -0.007 -10"><span class='ocrx_word' id='word_1_427' title='bbox 1089 1391 1252 1421; x_wconf 86' lang='lat' dir='ltr'>sponsum,</span> <span class='ocrx_word' id='word_1_428' title='bbox 1270 1386 1304 1419; x_wconf 87' lang='lat'>4,</span> <span class='ocrx_word' id='word_1_429' title='bbox 1323 1385 1374 1411; x_wconf 88' lang='lat'>58.</span> 
     </span>
    </p>

    <p class='ocr_par' dir='ltr' id='par_1_43' title="bbox 1086 1424 1731 1550">
     <span class='ocr_line' id='line_1_95' title="bbox 1129 1424 1731 1464; baseline 0.003 -9"><span class='ocrx_word' id='word_1_430' title='bbox 1129 1424 1271 1464; x_wconf 84' lang='lat' dir='ltr'>Delphos</span> <span class='ocrx_word' id='word_1_431' title='bbox 1301 1424 1476 1454; x_wconf 79' lang='lat' dir='ltr'>consulturi</span> <span class='ocrx_word' id='word_1_432' title='bbox 1500 1426 1673 1461; x_wconf 86' lang='lat' dir='ltr'>oraculum,</span> <span class='ocrx_word' id='word_1_433' title='bbox 1700 1433 1731 1460; x_wconf 87' lang='lat'>5.</span> 
     </span>
     <span class='ocr_line' id='line_1_96' title="bbox 1090 1468 1731 1507; baseline 0.005 -10"><span class='ocrx_word' id='word_1_434' title='bbox 1090 1473 1137 1497; x_wconf 89' lang='lat'>15.</span> <span class='ocrx_word' id='word_1_435' title='bbox 1184 1468 1326 1507; x_wconf 90' lang='lat' dir='ltr'>Apollini</span> <span class='ocrx_word' id='word_1_436' title='bbox 1354 1472 1504 1497; x_wconf 86' lang='lat' dir='ltr'>crateram</span> <span class='ocrx_word' id='word_1_437' title='bbox 1533 1478 1658 1500; x_wconf 88' lang='lat' dir='ltr'>auream</span> <span class='ocrx_word' id='word_1_438' title='bbox 1685 1473 1731 1500; x_wconf 83' lang='lat' dir='ltr'>fe-</span> 
     </span>
     <span class='ocr_line' id='line_1_97' title="bbox 1086 1512 1505 1550; baseline -0.007 -8"><span class='ocrx_word' id='word_1_439' title='bbox 1086 1517 1174 1550; x_wconf 87' lang='lat' dir='ltr'>runt,</span> <span class='ocrx_word' id='word_1_440' title='bbox 1190 1516 1242 1541; x_wconf 78' lang='lat'>28.</span> <span class='ocrx_word' id='word_1_441' title='bbox 1260 1512 1321 1540; x_wconf 66' lang='lat' dir='ltr'>visi.</span> <span class='ocrx_word' id='word_1_442' title='bbox 1338 1516 1367 1540; x_wconf 77' lang='lat' dir='ltr'>ee</span> <span class='ocrx_word' id='word_1_443' title='bbox 1383 1515 1436 1544; x_wconf 82' lang='grc'>23,</span> <span class='ocrx_word' id='word_1_444' title='bbox 1454 1515 1505 1540; x_wconf 85' lang='grc'>45.</span> 
     </span>
    </p>

    <p class='ocr_par' dir='ltr' id='par_1_44' title="bbox 1086 1555 1730 1637">
     <span class='ocr_line' id='line_1_98' title="bbox 1128 1555 1730 1592; baseline 0.002 -6"><span class='ocrx_word' id='word_1_445' title='bbox 1128 1557 1165 1586; x_wconf 86' lang='lat' dir='ltr'>ad</span> <span class='ocrx_word' id='word_1_446' title='bbox 1192 1555 1313 1592; x_wconf 86' lang='lat' dir='ltr'>Gallos,</span> <span class='ocrx_word' id='word_1_447' title='bbox 1340 1564 1510 1592; x_wconf 85' lang='lat' dir='ltr'>eorumque</span> <span class='ocrx_word' id='word_1_448' title='bbox 1536 1565 1607 1586; x_wconf 81' lang='lat' dir='ltr'>cum</span> <span class='ocrx_word' id='word_1_449' title='bbox 1633 1557 1730 1587; x_wconf 84' lang='lat' dir='ltr'>Gallis</span> 
     </span>
     <span class='ocr_line' id='line_1_99' title="bbox 1086 1600 1521 1637; baseline -0.002 -8"><span class='ocrx_word' id='word_1_450' title='bbox 1086 1600 1290 1637; x_wconf 88' lang='lat' dir='ltr'>colloquium.</span> <span class='ocrx_word' id='word_1_451' title='bbox 1309 1602 1340 1634; x_wconf 88' lang='lat'>5,</span> <span class='ocrx_word' id='word_1_452' title='bbox 1357 1603 1408 1628; x_wconf 88' lang='lat'>35.</span> <span class='ocrx_word' id='word_1_453' title='bbox 1425 1602 1452 1626; x_wconf 68' lang='lat' dir='ltr'>ct</span> <span class='ocrx_word' id='word_1_454' title='bbox 1468 1602 1521 1628; x_wconf 83' lang='lat'>36.</span> 
     </span>
    </p>

    <p class='ocr_par' dir='ltr' id='par_1_45' title="bbox 1127 1642 1593 1679">
     <span class='ocr_line' id='line_1_100' title="bbox 1127 1642 1593 1679; baseline -0.002 -7"><span class='ocrx_word' id='word_1_455' title='bbox 1127 1645 1166 1672; x_wconf 88' lang='lat' dir='ltr'>ad</span> <span class='ocrx_word' id='word_1_456' title='bbox 1184 1642 1353 1678; x_wconf 83' lang='lat' dir='ltr'>Sanmites,</span> <span class='ocrx_word' id='word_1_457' title='bbox 1370 1647 1400 1675; x_wconf 85' lang='lat'>7,</span> <span class='ocrx_word' id='word_1_458' title='bbox 1418 1645 1470 1670; x_wconf 88' lang='grc'>31.</span> <span class='ocrx_word' id='word_1_459' title='bbox 1491 1646 1522 1679; x_wconf 83' lang='lat'>8,</span> <span class='ocrx_word' id='word_1_460' title='bbox 1541 1647 1593 1673; x_wconf 86' lang='lat'>23.</span> 
     </span>
    </p>

    <p class='ocr_par' dir='ltr' id='par_1_46' title="bbox 1087 1686 1733 1766">
     <span class='ocr_line' id='line_1_101' title="bbox 1128 1686 1733 1724; baseline 0.005 -10"><span class='ocrx_word' id='word_1_461' title='bbox 1128 1687 1160 1714; x_wconf 90' lang='lat' dir='ltr'>in</span> <span class='ocrx_word' id='word_1_462' title='bbox 1181 1686 1369 1724; x_wconf 82' lang='lat' dir='ltr'>Hispaniam</span> <span class='ocrx_word' id='word_1_463' title='bbox 1393 1686 1430 1713; x_wconf 79' lang='lat' dir='ltr'>ad</span> <span class='ocrx_word' id='word_1_464' title='bbox 1448 1686 1650 1723; x_wconf 77' lang='lat' dir='ltr'>Annibalem,</span> <span class='ocrx_word' id='word_1_465' title='bbox 1670 1697 1733 1717; x_wconf 91' lang='lat' dir='ltr'>non</span> 
     </span>
     <span class='ocr_line' id='line_1_102' title="bbox 1087 1730 1522 1766; baseline -0.005 -8"><span class='ocrx_word' id='word_1_466' title='bbox 1087 1730 1312 1764; x_wconf 81' lang='lat' dir='ltr'>admittuntur,</span> <span class='ocrx_word' id='word_1_467' title='bbox 1330 1733 1383 1766; x_wconf 76' lang='grc'>21,</span> <span class='ocrx_word' id='word_1_468' title='bbox 1400 1731 1430 1758; x_wconf 89' lang='grc'>6.</span> <span class='ocrx_word' id='word_1_469' title='bbox 1447 1733 1476 1757; x_wconf 85' lang='lat' dir='ltr'>et</span> <span class='ocrx_word' id='word_1_470' title='bbox 1493 1733 1522 1759; x_wconf 88' lang='grc'>9.</span> 
     </span>
    </p>

    <p class='ocr_par' dir='ltr' id='par_1_47' title="bbox 1087 1772 1731 1854">
     <span class='ocr_line' id='line_1_103' title="bbox 1131 1772 1731 1812; baseline 0.002 -10"><span class='ocrx_word' id='word_1_471' title='bbox 1131 1773 1356 1811; x_wconf 82' lang='lat' dir='ltr'>Carthaginem</span> <span class='ocrx_word' id='word_1_472' title='bbox 1370 1772 1470 1806; x_wconf 85' lang='lat' dir='ltr'>missi,</span> <span class='ocrx_word' id='word_1_473' title='bbox 1488 1777 1536 1802; x_wconf 83' lang='lat'>18.</span> <span class='ocrx_word' id='word_1_474' title='bbox 1550 1773 1586 1802; x_wconf 90' lang='lat' dir='ltr'>iis</span> <span class='ocrx_word' id='word_1_475' title='bbox 1600 1774 1731 1812; x_wconf 85' lang='lat' dir='ltr'>superbe</span> 
     </span>
     <span class='ocr_line' id='line_1_104' title="bbox 1087 1815 1730 1854; baseline 0.002 -9"><span class='ocrx_word' id='word_1_476' title='bbox 1087 1817 1275 1854; x_wconf 87' lang='lat' dir='ltr'>respondent</span> <span class='ocrx_word' id='word_1_477' title='bbox 1293 1815 1579 1852; x_wconf 84' lang='lat' dir='ltr'>Carthaginienses,</span> <span class='ocrx_word' id='word_1_478' title='bbox 1593 1817 1665 1845; x_wconf 78' lang='lat' dir='ltr'>ibid.</span> <span class='ocrx_word' id='word_1_479' title='bbox 1690 1818 1730 1846; x_wconf 59' lang='lat' dir='ltr'>ri&lt;</span> 
     </span>
    </p>

    <p class='ocr_par' dir='ltr' id='par_1_48' title="bbox 1086 1859 1441 1895">
     <span class='ocr_line' id='line_1_105' title="bbox 1086 1859 1441 1895; baseline -0.008 -6"><span class='ocrx_word' id='word_1_480' title='bbox 1086 1861 1212 1895; x_wconf 89' lang='lat' dir='ltr'>dentur,</span> <span class='ocrx_word' id='word_1_481' title='bbox 1229 1868 1247 1888; x_wconf 86' lang='lat' dir='ltr'>a</span> <span class='ocrx_word' id='word_1_482' title='bbox 1263 1859 1374 1894; x_wconf 89' lang='lat' dir='ltr'>Gallis,</span> <span class='ocrx_word' id='word_1_483' title='bbox 1391 1863 1441 1887; x_wconf 84' lang='grc'>20.</span> 
     </span>
    </p>

    <p class='ocr_par' dir='ltr' id='par_1_49' title="bbox 1128 1901 1599 1939">
     <span class='ocr_line' id='line_1_106' title="bbox 1128 1901 1599 1939; baseline -0.006 -7"><span class='ocrx_word' id='word_1_484' title='bbox 1128 1904 1162 1932; x_wconf 91' lang='lat' dir='ltr'>in</span> <span class='ocrx_word' id='word_1_485' title='bbox 1179 1903 1264 1931; x_wconf 81' lang='lat' dir='ltr'>varia</span> <span class='ocrx_word' id='word_1_486' title='bbox 1279 1903 1348 1931; x_wconf 86' lang='lat' dir='ltr'>loca</span> <span class='ocrx_word' id='word_1_487' title='bbox 1363 1901 1462 1939; x_wconf 87' lang='lat' dir='ltr'>missi,</span> <span class='ocrx_word' id='word_1_488' title='bbox 1478 1906 1530 1935; x_wconf 83' lang='grc'>22,</span> <span class='ocrx_word' id='word_1_489' title='bbox 1547 1907 1599 1931; x_wconf 88' lang='lat'>33.</span> 
     </span>
    </p>

    <p class='ocr_par' dir='ltr' id='par_1_50' title="bbox 1087 1946 1730 2028">
     <span class='ocr_line' id='line_1_107' title="bbox 1128 1946 1730 1986; baseline 0.002 -10"><span class='ocrx_word' id='word_1_490' title='bbox 1128 1947 1209 1976; x_wconf 89' lang='lat' dir='ltr'>male</span> <span class='ocrx_word' id='word_1_491' title='bbox 1239 1946 1439 1984; x_wconf 82' lang='lat' dir='ltr'>excipiuntur</span> <span class='ocrx_word' id='word_1_492' title='bbox 1464 1946 1503 1974; x_wconf 83' lang='lat' dir='ltr'>ab</span> <span class='ocrx_word' id='word_1_493' title='bbox 1534 1946 1730 1986; x_wconf 82' lang='lat' dir='ltr'>Hieronymo</span> 
     </span>
     <span class='ocr_line' id='line_1_108' title="bbox 1087 1990 1569 2028; baseline -0.004 -10"><span class='ocrx_word' id='word_1_494' title='bbox 1087 1990 1352 2028; x_wconf 86' lang='lat' dir='ltr'>Syracusanorum</span> <span class='ocrx_word' id='word_1_495' title='bbox 1370 1999 1453 2026; x_wconf 80' lang='lat' dir='ltr'>rege,</span> <span class='ocrx_word' id='word_1_496' title='bbox 1470 1993 1523 2023; x_wconf 89' lang='lat'>24,</span> <span class='ocrx_word' id='word_1_497' title='bbox 1541 1991 1569 2016; x_wconf 87' lang='grc'>6.</span> 
     </span>
    </p>

    <p class='ocr_par' dir='ltr' id='par_1_51' title="bbox 1086 2030 1730 2105">
     <span class='ocr_line' id='line_1_109' title="bbox 1128 2030 1730 2071; baseline 0.003 -10"><span class='ocrx_word' id='word_1_498' title='bbox 1128 2034 1286 2063; x_wconf 84' lang='lat' dir='ltr'>violantur</span> <span class='ocrx_word' id='word_1_499' title='bbox 1302 2042 1320 2062; x_wconf 85' lang='lat' dir='ltr'>a</span> <span class='ocrx_word' id='word_1_500' title='bbox 1334 2030 1657 2068; x_wconf 83' lang='lat' dir='ltr'>Carthaginiensibus,</span> <span class='ocrx_word' id='word_1_501' title='bbox 1674 2038 1730 2071; x_wconf 89' lang='grc'>30,</span> 
     </span>
     <span class='ocr_line' id='line_1_110' title="bbox 1086 2079 1137 2105; baseline -0.02 0"><span class='ocrx_word' id='word_1_502' title='bbox 1086 2079 1137 2105; x_wconf 82' lang='grc'>25.</span> 
     </span>
    </p>

    <p class='ocr_par' dir='ltr' id='par_1_52' title="bbox 1127 2118 1732 2156">
     <span class='ocr_line' id='line_1_111' title="bbox 1127 2118 1732 2156; baseline 0 -7"><span class='ocrx_word' id='word_1_503' title='bbox 1127 2120 1164 2148; x_wconf 89' lang='lat' dir='ltr'>ad</span> <span class='ocrx_word' id='word_1_504' title='bbox 1177 2120 1393 2156; x_wconf 83' lang='lat' dir='ltr'>Ptolemaeum,</span> <span class='ocrx_word' id='word_1_505' title='bbox 1410 2123 1465 2155; x_wconf 82' lang='lat'>31,</span> <span class='ocrx_word' id='word_1_506' title='bbox 1485 2123 1514 2148; x_wconf 91' lang='grc'>2.</span> <span class='ocrx_word' id='word_1_507' title='bbox 1531 2118 1568 2147; x_wconf 82' lang='lat' dir='ltr'>ad</span> <span class='ocrx_word' id='word_1_508' title='bbox 1583 2119 1732 2149; x_wconf 87' lang='lat' dir='ltr'>Masinis·</span> 
     </span>
    </p>

    <p class='ocr_par' dir='ltr' id='par_1_53' title="bbox 1084 2168 1230 2199">
     <span class='ocr_line' id='line_1_112' title="bbox 1084 2168 1230 2199; baseline 0.007 -8"><span class='ocrx_word' id='word_1_509' title='bbox 1084 2172 1163 2199; x_wconf 84' lang='lat' dir='ltr'>sam,</span> <span class='ocrx_word' id='word_1_510' title='bbox 1180 2168 1230 2192; x_wconf 87' lang='grc'>11.</span> 
     </span>
    </p>

    <p class='ocr_par' dir='ltr' id='par_1_54' title="bbox 1061 2206 1732 2327">
     <span class='ocr_line' id='line_1_113' title="bbox 1061 2206 1732 2236; baseline -0.003 0"><span class='ocrx_word' id='word_1_511' title='bbox 1061 2223 1104 2231; x_wconf 92' lang='lat'><strong>—</strong></span> <span class='ocrx_word' id='word_1_512' title='bbox 1120 2207 1223 2236; x_wconf 89' lang='lat' dir='ltr'>decem</span> <span class='ocrx_word' id='word_1_513' title='bbox 1247 2206 1284 2235; x_wconf 80' lang='lat' dir='ltr'>ad</span> <span class='ocrx_word' id='word_1_514' title='bbox 1312 2206 1547 2235; x_wconf 81' lang='lat' dir='ltr'>constituendas</span> <span class='ocrx_word' id='word_1_515' title='bbox 1575 2214 1621 2234; x_wconf 84' lang='lat' dir='ltr'>res</span> <span class='ocrx_word' id='word_1_516' title='bbox 1643 2206 1732 2235; x_wconf 84' lang='lat' dir='ltr'>Grae-</span> 
     </span>
     <span class='ocr_line' id='line_1_114' title="bbox 1084 2249 1728 2286; baseline -0.003 -7"><span class='ocrx_word' id='word_1_517' title='bbox 1084 2250 1153 2286; x_wconf 86' lang='lat' dir='ltr'>ciae‚</span> <span class='ocrx_word' id='word_1_518' title='bbox 1170 2254 1226 2286; x_wconf 87' lang='lat'>33,</span> <span class='ocrx_word' id='word_1_519' title='bbox 1241 2254 1294 2279; x_wconf 89' lang='grc'>24.</span> <span class='ocrx_word' id='word_1_520' title='bbox 1308 2254 1338 2278; x_wconf 84' lang='lat' dir='ltr'>et</span> <span class='ocrx_word' id='word_1_521' title='bbox 1350 2254 1402 2278; x_wconf 85' lang='lat'>31.</span> <span class='ocrx_word' id='word_1_522' title='bbox 1419 2250 1514 2283; x_wconf 76' lang='lat' dir='ltr'>Asiae,</span> <span class='ocrx_word' id='word_1_523' title='bbox 1527 2253 1583 2285; x_wconf 82' lang='lat'>37,</span> <span class='ocrx_word' id='word_1_524' title='bbox 1597 2253 1648 2278; x_wconf 91' lang='grc'>55.</span> <span class='ocrx_word' id='word_1_525' title='bbox 1665 2249 1728 2278; x_wconf 72' lang='lat' dir='ltr'>vid.</span> 
     </span>
     <span class='ocr_line' id='line_1_115' title="bbox 1084 2297 1255 2327; baseline -0.012 -4"><span class='ocrx_word' id='word_1_526' title='bbox 1084 2298 1114 2323; x_wconf 82' lang='lat' dir='ltr'>et</span> <span class='ocrx_word' id='word_1_527' title='bbox 1131 2297 1185 2327; x_wconf 85' lang='lat'>45,</span> <span class='ocrx_word' id='word_1_528' title='bbox 1208 2297 1255 2324; x_wconf 88' lang='lat'>17.</span> 
     </span>
    </p>

    <p class='ocr_par' dir='ltr' id='par_1_55' title="bbox 1084 2334 1727 2411">
     <span class='ocr_line' id='line_1_116' title="bbox 1127 2334 1727 2374; baseline 0 -9"><span class='ocrx_word' id='word_1_529' title='bbox 1127 2337 1164 2366; x_wconf 84' lang='lat' dir='ltr'>ad</span> <span class='ocrx_word' id='word_1_530' title='bbox 1189 2336 1383 2365; x_wconf 78' lang='lat' dir='ltr'>Antiochum</span> <span class='ocrx_word' id='word_1_531' title='bbox 1409 2338 1439 2364; x_wconf 86' lang='lat' dir='ltr'>et</span> <span class='ocrx_word' id='word_1_532' title='bbox 1465 2334 1654 2374; x_wconf 83' lang='lat' dir='ltr'>Philippum,</span> <span class='ocrx_word' id='word_1_533' title='bbox 1671 2340 1727 2370; x_wconf 84' lang='lat'>33,</span> 
     </span>
     <span class='ocr_line' id='line_1_117' title="bbox 1084 2383 1250 2411; baseline 0 -2"><span class='ocrx_word' id='word_1_534' title='bbox 1084 2383 1136 2409; x_wconf 85' lang='lat'>35.</span> <span class='ocrx_word' id='word_1_535' title='bbox 1152 2384 1182 2409; x_wconf 82' lang='lat' dir='ltr'>et</span> <span class='ocrx_word' id='word_1_536' title='bbox 1197 2384 1250 2411; x_wconf 89' lang='grc'>39.</span> 
     </span>
    </p>

    <p class='ocr_par' dir='ltr' id='par_1_56' title="bbox 1127 2422 1620 2458">
     <span class='ocr_line' id='line_1_118' title="bbox 1127 2422 1620 2458; baseline -0.008 -6"><span class='ocrx_word' id='word_1_537' title='bbox 1127 2423 1159 2452; x_wconf 88' lang='lat' dir='ltr'>in</span> <span class='ocrx_word' id='word_1_538' title='bbox 1175 2422 1340 2457; x_wconf 63' lang='lat' dir='ltr'>Graeciam,</span> <span class='ocrx_word' id='word_1_539' title='bbox 1356 2425 1412 2458; x_wconf 85' lang='lat'>39,</span> <span class='ocrx_word' id='word_1_540' title='bbox 1429 2424 1480 2450; x_wconf 86' lang='lat'>33.</span> <span class='ocrx_word' id='word_1_541' title='bbox 1498 2424 1553 2456; x_wconf 84' lang='lat'>42,</span> <span class='ocrx_word' id='word_1_542' title='bbox 1568 2424 1620 2451; x_wconf 85' lang='lat'>37.</span> 
     </span>
    </p>

    <p class='ocr_par' dir='ltr' id='par_1_57' title="bbox 1126 2465 1544 2500">
     <span class='ocr_line' id='line_1_119' title="bbox 1126 2465 1544 2500; baseline -0.01 -5"><span class='ocrx_word' id='word_1_543' title='bbox 1126 2467 1158 2495; x_wconf 92' lang='lat' dir='ltr'>in</span> <span class='ocrx_word' id='word_1_544' title='bbox 1177 2465 1406 2500; x_wconf 88' lang='lat' dir='ltr'>Macedoniam,</span> <span class='ocrx_word' id='word_1_545' title='bbox 1423 2467 1477 2500; x_wconf 89' lang='grc'>41,</span> <span class='ocrx_word' id='word_1_546' title='bbox 1492 2467 1544 2492; x_wconf 92' lang='grc'>27.</span> 
     </span>
    </p>

    <p class='ocr_par' dir='ltr' id='par_1_58' title="bbox 1062 2507 1728 2716">
     <span class='ocr_line' id='line_1_120' title="bbox 1062 2507 1728 2547; baseline -0.003 -9"><span class='ocrx_word' id='word_1_547' title='bbox 1062 2526 1104 2532; x_wconf 90' lang='grc'>-</span> <span class='ocrx_word' id='word_1_548' title='bbox 1120 2509 1289 2547; x_wconf 84' lang='lat' dir='ltr'>Saguntini</span> <span class='ocrx_word' id='word_1_549' title='bbox 1317 2507 1432 2547; x_wconf 83' lang='lat' dir='ltr'>gratias</span> <span class='ocrx_word' id='word_1_550' title='bbox 1463 2509 1563 2544; x_wconf 88' lang='lat' dir='ltr'>agunt</span> <span class='ocrx_word' id='word_1_551' title='bbox 1590 2507 1728 2545; x_wconf 89' lang='lat' dir='ltr'>senatui,</span> 
     </span>
     <span class='ocr_line' id='line_1_121' title="bbox 1085 2550 1726 2589; baseline -0.002 -9"><span class='ocrx_word' id='word_1_552' title='bbox 1085 2556 1137 2588; x_wconf 88' lang='lat'>28,</span> <span class='ocrx_word' id='word_1_553' title='bbox 1154 2556 1205 2583; x_wconf 84' lang='lat'>39.</span> <span class='ocrx_word' id='word_1_554' title='bbox 1223 2552 1384 2581; x_wconf 89' lang='lat' dir='ltr'>adducunt</span> <span class='ocrx_word' id='word_1_555' title='bbox 1399 2550 1547 2587; x_wconf 86' lang='lat' dir='ltr'>quosdam</span> <span class='ocrx_word' id='word_1_556' title='bbox 1562 2550 1726 2589; x_wconf 82' lang='lat' dir='ltr'>Carthagi-</span> 
     </span>
     <span class='ocr_line' id='line_1_122' title="bbox 1085 2593 1724 2632; baseline -0.002 -9"><span class='ocrx_word' id='word_1_557' title='bbox 1085 2595 1207 2624; x_wconf 89' lang='lat' dir='ltr'>nienses</span> <span class='ocrx_word' id='word_1_558' title='bbox 1230 2604 1300 2624; x_wconf 89' lang='lat' dir='ltr'>cum</span> <span class='ocrx_word' id='word_1_559' title='bbox 1318 2594 1461 2632; x_wconf 85' lang='lat' dir='ltr'>pecunia,</span> <span class='ocrx_word' id='word_1_560' title='bbox 1480 2593 1532 2631; x_wconf 89' lang='lat' dir='ltr'>qui</span> <span class='ocrx_word' id='word_1_561' title='bbox 1551 2594 1590 2622; x_wconf 87' lang='lat' dir='ltr'>ad</span> <span class='ocrx_word' id='word_1_562' title='bbox 1605 2595 1724 2623; x_wconf 90' lang='lat' dir='ltr'>condu-</span> 
     </span>
     <span class='ocr_line' id='line_1_123' title="bbox 1083 2636 1724 2675; baseline -0.002 -9"><span class='ocrx_word' id='word_1_563' title='bbox 1083 2638 1181 2666; x_wconf 88' lang='lat' dir='ltr'>cenda</span> <span class='ocrx_word' id='word_1_564' title='bbox 1195 2638 1315 2666; x_wconf 81' lang='lat' dir='ltr'>auxilia</span> <span class='ocrx_word' id='word_1_565' title='bbox 1336 2638 1369 2666; x_wconf 92' lang='lat' dir='ltr'>in</span> <span class='ocrx_word' id='word_1_566' title='bbox 1391 2636 1578 2675; x_wconf 85' lang='lat' dir='ltr'>Hispaniam</span> <span class='ocrx_word' id='word_1_567' title='bbox 1595 2637 1724 2674; x_wconf 88' lang='lat' dir='ltr'>trajece-</span> 
     </span>
     <span class='ocr_line' id='line_1_124' title="bbox 1083 2684 1307 2716; baseline 0 -7"><span class='ocrx_word' id='word_1_568' title='bbox 1083 2684 1167 2716; x_wconf 89' lang='lat' dir='ltr'>rant,</span> <span class='ocrx_word' id='word_1_569' title='bbox 1183 2685 1237 2714; x_wconf 83' lang='grc'>30,</span> <span class='ocrx_word' id='word_1_570' title='bbox 1255 2685 1307 2709; x_wconf 92' lang='grc'>21.</span> 
     </span>
    </p>

    <p class='ocr_par' dir='ltr' id='par_1_59' title="bbox 1060 2722 1723 2802">
     <span class='ocr_line' id='line_1_125' title="bbox 1060 2722 1723 2761; baseline -0.002 -9"><span class='ocrx_word' id='word_1_571' title='bbox 1060 2739 1102 2745; x_wconf 94' lang='grc'><strong>-</strong></span> <span class='ocrx_word' id='word_1_572' title='bbox 1119 2723 1287 2757; x_wconf 77' lang='lat' dir='ltr'>Samnites,</span> <span class='ocrx_word' id='word_1_573' title='bbox 1300 2724 1432 2753; x_wconf 84' lang='lat' dir='ltr'>Romam</span> <span class='ocrx_word' id='word_1_574' title='bbox 1446 2722 1532 2752; x_wconf 86' lang='lat' dir='ltr'>missi</span> <span class='ocrx_word' id='word_1_575' title='bbox 1545 2722 1581 2751; x_wconf 89' lang='lat' dir='ltr'>de</span> <span class='ocrx_word' id='word_1_576' title='bbox 1593 2731 1679 2761; x_wconf 84' lang='lat' dir='ltr'>pace,</span> <span class='ocrx_word' id='word_1_577' title='bbox 1692 2727 1723 2756; x_wconf 84' lang='lat'>8,</span> 
     </span>
     <span class='ocr_line' id='line_1_126' title="bbox 1086 2766 1528 2802; baseline 0 -7"><span class='ocrx_word' id='word_1_578' title='bbox 1086 2771 1112 2796; x_wconf 94' lang='grc'>1.</span> <span class='ocrx_word' id='word_1_579' title='bbox 1128 2767 1166 2795; x_wconf 82' lang='lat' dir='ltr'>ad</span> <span class='ocrx_word' id='word_1_580' title='bbox 1183 2766 1384 2800; x_wconf 83' lang='lat' dir='ltr'>Annibalem,</span> <span class='ocrx_word' id='word_1_581' title='bbox 1403 2771 1456 2802; x_wconf 82' lang='grc'>23,</span> <span class='ocrx_word' id='word_1_582' title='bbox 1473 2770 1528 2795; x_wconf 90' lang='grc'>42.</span> 
     </span>
    </p>

    <p class='ocr_par' dir='ltr' id='par_1_60' title="bbox 1059 2810 1705 2846">
     <span class='ocr_line' id='line_1_127' title="bbox 1059 2810 1705 2846; baseline -0.008 -6"><span class='ocrx_word' id='word_1_583' title='bbox 1059 2827 1101 2834; x_wconf 90' lang='grc'>--</span> <span class='ocrx_word' id='word_1_584' title='bbox 1117 2810 1284 2839; x_wconf 82' lang='lat' dir='ltr'>Sardorum</span> <span class='ocrx_word' id='word_1_585' title='bbox 1302 2811 1449 2845; x_wconf 81' lang='lat' dir='ltr'>Romam,</span> <span class='ocrx_word' id='word_1_586' title='bbox 1469 2813 1520 2846; x_wconf 84' lang='grc'>41,</span> <span class='ocrx_word' id='word_1_587' title='bbox 1544 2813 1592 2838; x_wconf 80' lang='lat' dir='ltr'>lo.</span> <span class='ocrx_word' id='word_1_588' title='bbox 1609 2811 1638 2836; x_wconf 77' lang='lat' dir='ltr'>et</span> <span class='ocrx_word' id='word_1_589' title='bbox 1659 2812 1705 2836; x_wconf 75' lang='grc'>12.</span> 
     </span>
    </p>
   </div>
  </div>
 </body>
</html>
