1816 3159
276 100 347 133 354-

326 203 410 234 missi
422 202 458 232 ad
470 200 745 241 expostulandum,
758 197 839 236 quod
849 197 963 225 Poenos

327 248 438 287 opibus
454 245 638 281 auxiliisque
657 243 826 281 juvissent,
842 244 894 271 99,
912 242 966 267 33.

328 299 435 321 eorum
462 289 577 318 auxilia
595 285 760 316 Asdrubali
778 286 898 321 parata,
914 286 967 318 27,

331 339 382 365 39.
396 334 539 372 jungunt
554 340 585 359 se
602 328 742 363 Magoni,
759 328 869 361 98,46.
883 329 970 361 99,5.

332 379 477 407 adversus
501 375 629 412 Ligures
651 372 734 401 varia
758 371 970 398 Romanorum

333 421 426 456 bella,
441 424 496 455 32,
515 422 565 448 29.
582 420 609 445 et
632 425 708 454 seqq.
725 418 780 450 34,
800 415 851 446 56,
870 415 924 448 35,
940 415 972 440 3.

338 468 388 493 11.
404 467 454 491 91.
471 465 497 490 el
514 465 565 489 40.

293 508 436 546 Ligures,
460 502 627 542 improviso
650 504 751 530 castra
776 498 816 530 Q.
841 497 974 527 Minucii

335 549 482 588 adgressi,
499 546 687 580 funduntur,
705 546 760 579 36,
775 546 828 571 38.

313 611 356 618 -—-
373 600 481 621 omncs
490 591 521 618 in
531 589 719 618 deditionem
730 588 870 618 veniunt.
882 589 936 620 37,
948 589 978 613 2.

313 654 356 661 —
372 633 621 664 circumveniunt
644 635 675 660 et
695 630 843 660 occidunt
860 629 894 657 L.
911 629 980 657 Bm-

340 681 440 713 bium,
457 681 635 715 praetorem,
653 678 708 709 37,
725 677 777 703 57.

318 740 361 746 -
377 723 483 750 hostes
502 719 642 759 perpetui
664 717 771 755 populi
787 715 935 751 Romani,
951 718 983 744 et

339 764 508 795 exercendo
545 761 638 791 militi
668 761 812 790 Romano
844 759 983 797 apprime

339 809 446 845 utiles,
471 810 526 843 39,
548 811 573 834 1.
599 804 761 833 caeduntur
782 812 800 831 a
822 803 986 839 Romanis,

341 857 397 882 32.

323 914 365 921 -
381 898 483 924 castra
507 893 529 921 L
545 891 676 927 AEmilii,
698 887 906 929 proconsulis,
931 898 987 927 op-

344 940 500 978 pugnant.
529 939 561 964 et
583 945 662 974 aegre
684 936 724 963 ab
747 942 783 962 eo
805 933 988 965 vincuntur,

347 986 402 1017 4ο,
420 985 471 1009 25.
487 984 516 1008 et
532 982 585 1008 28.

325 1044 368 1051 —
384 1034 449 1053 sese
461 1023 592 1057 dedunt,
608 1024 640 1050 et
654 1021 686 1049 in
702 1020 893 1050 Taurasinos
912 1018 990 1058 pub-

349 1069 410 1097 lico
427 1070 532 1095 sumtu
549 1065 768 1096 traducuntur.
785 1069 839 1093 38.

310 1113 370 1142 alia
392 1111 540 1149 Ligurum
566 1108 657 1144 bella,
680 1111 735 1144 41,
756 1110 804 1137 16.
827 1112 872 1136 18.
890 1109 940 1134 90.
964 1108 993 1135 e!

353 1164 433 1193 seqq.

312 1199 441 1238 Ligures
457 1193 579 1234 Alpini,
596 1197 650 1229 98,
667 1196 707 1223 56
735 1198 789 1230 99,
809 1198 838 1222 5.

333 1261 376 1267 .-
391 1239 529 1278 Apuani,
544 1241 599 1272 40,
617 1242 669 1266 41.

334 1301 377 1308 -—
395 1282 561 1316 Celelates,
580 1281 780 1317 Cerdiciates,
797 1283 852 1315 32,
868 1282 919 1309 29.

335 1347 377 1353 .-
393 1325 487 1359 Galli,
505 1324 590 1362 Epit.
607 1326 658 1352 46.

336 1389 379 1395 —-
395 1370 522 1403 Ilvates,
538 1371 592 1402 32,
609 1370 658 1396 99.

338 1431 381 1438 -
398 1411 547 1450 Ingauni,
562 1414 617 1445 40,
636 1413 686 1437 25.

339 1474 382 1481 --
398 1454 555 1489 montani,
572 1457 627 1487 40,
645 1456 697 1480 41.

339 1517 382 1524 —
397 1498 586 1528 Statiellates
613 1495 786 1523 vincuntur
810 1494 848 1522 ab
872 1492 919 1521 Μ.
945 1493 1002 1521 l’o·

362 1542 450 1580 pillio
474 1539 615 1573 consule,
635 1542 690 1571 49,
714 1542 743 1568 7.
768 1546 799 1565 se
822 1537 952 1571 dedunt,
975 1540 1004 1565 8.

363 1584 507 1614 venditos
525 1586 650 1611 senatus
663 1581 755 1619 jubet
771 1580 889 1615 redimi,
906 1579 980 1607 ibid.

322 1628 481 1667 Ligustini
495 1626 616 1664 populi,
631 1627 815 1661 31,10.39,
831 1628 881 1653 91.
896 1623 1007 1661 Ligus-

368 1672 426 1701 tini
444 1671 571 1705 Ilvates,
587 1671 641 1702 32,
658 1672 710 1696 31.

325 1714 483 1754 Ligustini
500 1716 637 1746 montes,
651 1715 705 1743 34.
724 1715 751 1739 8.

326 1759 524 1794 Ligustinum
537 1754 1009 1790 bellum,35.4.scutum,44,35.

328 1801 510 1837 Ligustinus
526 1808 597 1837 ager
612 1798 727 1826 viritim
745 1797 876 1831 divisus,
894 1798 948 1829 42,
966 1799 995 1822 4.

331 1846 384 1885 Sp.
402 1843 599 1883 Ligustinus,
616 1844 672 1877 49,
690 1845 742 1870 34.
766 1840 834 1877 ejus
857 1838 894 1866 ad
915 1847 1012 1877 popu·

373 1889 438 1917 lum
455 1886 568 1921 oratio,
583 1884 656 1913 ibid.

331 1931 515 1969 Lilybaeum,
533 1933 587 1963 25,
605 1931 656 1955 31.
674 1930 726 1957 27,
745 1929 773 1953 5.

330 1975 368 2003 ad
384 1973 554 2011 Lilybaeum
573 1978 679 2009 pugna
694 1967 826 2003 navalis,
843 1971 896 2003 21,
915 1971 967 1996 50.

333 2017 459 2047 Limina
481 2023 565 2044 aenea
592 2013 624 2041 in
648 2009 806 2050 Capitolio
834 2011 947 2048 posita,
966 2013 1019 2046 10,

378 2064 429 2088 23.

334 2104 401 2133 Lim
408 2111 473 2132 naea
485 2101 607 2131 deditur
619 2097 678 2128 Μ’.
692 2096 807 2133 Acilio,
822 2097 956 2133 consuli,
966 2098 1019 2129 36,

383 2150 431 2174 14.

336 2190 468 2228 LingOS,
484 2196 588 2221 mons»,
604 2189 659 2221 32,
678 2188 725 2213 13.

339 2234 498 2270 Lingones
511 2239 581 2259 curn
592 2228 690 2259 Boiis.
701 2227 820 2266 pellunt
831 2226 981 2255 Etruscos
992 2226 1023 2253 et

379 2276 517 2305 Umbros
534 2282 620 2309 agro,
638 2276 669 2307 5,
685 2275 739 2300 35.

341 2320 463 2354 Lingua
477 2317 516 2347 ab
533 2316 624 2345 irrisu
640 2318 770 2346 exserta,
785 2316 817 2348 7,
836 2315 884 2340 10.

341 2364 489 2392 Linteata
502 2359 597 2398 legio,
614 2358 678 2387 vid.
696 2356 800 2395 Legio.

342 2405 446 2434 Lintei
464 2403 548 2438 libri,
567 2406 600 2437 4,
615 2406 644 2432 7.

343 2447 486 2477 Lintcrni
511 2454 622 2477 arenae,
640 2447 693 2476 22,
714 2444 761 2471 16.
779 2441 956 2477 Liternum,
974 2443 1027 2472 93,

385 2494 439 2519 35.
463 2497 499 2517 eo
522 2487 645 2517 colonia
667 2486 811 2519 deducta,
829 2488 882 2516 39,
900 2487 950 2513 99.
974 2486 1029 2519 34,

386 2537 438 2562 45.
449 2532 483 2561 in
494 2530 690 2560 Literninum
705 2528 819 2556 secedit.
832 2527 934 2565 Scipio
945 2525 1029 2554 Afri-

389 2583 486 2604 canus
502 2573 606 2610 ibique
620 2572 764 2604 moritur,
777 2574 833 2606 88,
851 2574 901 2598 52.
919 2573 947 2597 et
965 2572 1016 2597 53.

347 2619 509 2650 Lintribus
524 2618 659 2645 utuntur
669 2614 787 2652 pedites
800 2613 831 2641 in
849 2612 1032 2649 trajiciendo

391 2662 560 2695 Rhodano,
578 2662 630 2692 91,
648 2657 700 2686 97.

349 2706 468 2744 Liparae
486 2703 609 2737 insulae,
629 2704 684 2736 21,
702 2704 753 2730 49.

349 2750 534 2787 Liparenses
550 2745 669 2784 piratae,
687 2747 719 2778 5,
737 2745 787 2769 28.

351 2793 431 2820 Liris
447 2790 572 2822 fluvius,
594 2791 643 2821 10,
658 2790 713 2815 91.
728 2787 780 2819 96,
797 2787 825 2814 9.
843 2785 869 2811 et
886 2787 937 2812 34.

354 2835 481 2871 Lisinre,
500 2833 572 2861 urbs
588 2829 769 2861 Thessaliae„
786 2831 838 2859 32,
860 2830 907 2854 14.

723 85 902 124 INDEX
934 81 989 121 IN
1021 81 1067 119 Τ.
1096 77 1231 117 LIVII

1008 192 1129 229 Lissus,
1146 188 1307 229 oppidum,
1324 188 1379 221 44,
1397 188 1449 214 30.

1009 235 1185 269 Litabrum,
1202 231 1350 270 oppidum
1367 229 1399 258 in
1416 225 1573 265 Hispania
1590 222 1693 253 muni—-

1052 286 1119 307 tum
1143 281 1174 305 et
1197 275 1396 314 opulentum,
1413 271 1513 300 vineis
1533 269 1691 307 expugnat

1055 321 1088 350 C.
1107 319 1290 351 Flaminius,
1307 320 1360 348 35.
1378 319 1429 344 22.

1014 365 1138 400 Litana,
1152 363 1228 391 silva
1243 362 1274 390 in
1289 359 1391 389 Gallia
1403 356 1566 395 cisalpina,
1579 360 1631 389 23,
1642 358 1695 383 24.

1059 409 1091 437 in
1108 415 1145 436 ea
1159 405 1323 435 exercitum
1340 403 1374 431 L.
1390 400 1543 431 Postumii
1560 398 1701 429 consulis-

1061 451 1165 480 delent
1181 447 1276 484 Galli,
1292 446 1364 475 ibid.
1377 445 1414 473 ad
1431 452 1496 472 eam
1514 448 1586 472 octo
1602 441 1700 471 millia

1063 493 1222 523 Gallorum
1239 499 1329 526 caesa,
1344 492 1399 525 34,
1415 492 1467 517 22.
1482 489 1509 514 et
1525 490 1576 516 42.

1021 537 1140 567 Litatio
1152 545 1186 564 ae
1199 534 1355 573 perlitatio
1366 532 1398 560 in
1412 529 1581 563 sacrificiis,
1592 530 1701 564 41,19.

1023 582 1135 611 Literae
1151 579 1308 612 laureatae,
1325 580 1353 609 5.
1371 579 1419 604 28.
1437 579 1490 605 45,
1511 577 1537 601 1.

1023 625 1142 654 Literas
1158 622 1267 651 attulit
1282 620 1313 648 in
1326 619 1449 648 Latium
1464 616 1621 653 Evander,
1636 618 1665 651 1,
1675 617 1706 644 7.

1024 669 1197 698 Liternum.
1213 664 1246 693 15
1257 664 1274 690 I.
1291 662 1433 691 Linterni
1449 669 1560 690 arenae.

1027 712 1185 745 Liternus,
1201 706 1328 742 fluvius,
1342 709 1396 735 39,
1414 708 1464 734 99.

1029 753 1202 787 Litubium,
1219 750 1365 789 oppidum
1390 747 1553 787 Ligurum,
1570 754 1602 774 se
1624 742 1711 773 dedit

1072 795 1237 830 Romanis,
1254 797 1308 828 32,
1325 795 1376 822 29.

1032 841 1142 870 Lituus
1159 846 1323 873 augurum,
1343 839 1372 870 1,
1393 838 1440 862 18.

1032 884 1151 913 Livius.
1169 883 1273 919 poeta.
1292 879 1330 907 ab
1353 876 1465 906 saturis
1489 883 1581 903 ausus
1597 873 1715 913 primus

1075 929 1257 961 argumento
1277 921 1413 951 fabulam
1437 927 1545 952 serere,
1561 921 1594 954 7,
1610 922 1638 946 2.
1655 915 1720 945 vid.

1077 974 1103 998 e!
1123 974 1174 1001 27,
1190 972 1242 998 37.

1036 1015 1070 1043 C.
1088 1013 1193 1042 Livius
1210 1009 1352 1048 pontifex
1365 1008 1497 1038 creatur,
1514 1004 1546 1033 in
1559 1002 1614 1032 Μ’.
1627 1003 1718 1031 Pom-

1079 1056 1164 1096 ponii
1182 1052 1346 1083 Mathonis
1360 1051 1476 1084 locum,
1490 1049 1542 1080 96,
1557 1051 1607 1076 93.
1622 1045 1720 1074 aedilis

1081 1098 1210 1133 curulis,
1229 1100 1283 1132 99,
1301 1099 1353 1124 38.
1376 1097 1488 1132 praetor
1511 1100 1581 1120 cum
1606 1098 1719 1124 cogno-

1081 1144 1164 1172 mine
1199 1137 1395 1173 Salinatoris,
1421 1140 1475 1170 30,
1505 1136 1556 1162 26.
1593 1133 1723 1162 sortitur

1083 1185 1236 1218 Bruttios,
1250 1187 1301 1213 97.
1313 1183 1425 1220 praeest
1439 1177 1596 1216 equitibus
1609 1175 1726 1211 alariis,

1082 1230 1115 1258 in
1133 1236 1238 1267 pugna
1254 1226 1399 1254 adversus
1410 1222 1519 1255 Boios,
1533 1224 1587 1256 35,
1602 1223 1632 1248 5.
1645 1219 1725 1257 petit

1084 1271 1295 1305 consulatum,
1307 1267 1358 1296 sed
1369 1265 1520 1304 repulsam
1532 1263 1662 1303 patitur,
1676 1265 1727 1290 10.

1085 1315 1231 1349 moritur,
1249 1317 1302 1343 43.
1323 1314 1370 1339 13.

1047 1360 1082 1388 C.
1099 1358 1207 1387 Livius
1220 1356 1375 1385 Salinator
1391 1353 1513 1381 creatur
1525 1352 1651 1389 praetor,
1668 1352 1726 1383 35,

1090 1406 1143 1430 24.
1166 1400 1296 1429 sortitur
1318 1398 1459 1426 classem,
1483 1396 1539 1428 36,
1562 1397 1591 1422 9.
1617 1393 1731 1421 lustrat

1091 1445 1231 1476 classem,
1247 1444 1303 1477 36,
1320 1444 1371 1468 42.
1388 1440 1499 1468 Samen
1516 1436 1734 1474 Zacynthum-

1093 1497 1151 1526 que
1182 1486 1363 1525 populatus,
1396 1481 1538 1521 pervenit
1567 1479 1731 1510 Piraeeum.

1092 1531 1166 1559 inid.
1182 1531 1208 1558 ei
1227 1527 1360 1558 occurrit
1374 1527 1529 1555 Eumenes
1545 1532 1615 1552 cum
1632 1521 1733 1550 tribus

1093 1573 1240 1608 navibus,
1264 1571 1337 1599 ibid.
1367 1568 1484 1606 trajicit
1510 1567 1637 1601 Delum,
1659 1564 1733 1593 ibid.

1094 1617 1165 1647 Deli
1182 1616 1333 1645 retinetur
1348 1613 1387 1643 ab
1404 1610 1538 1641 adversis
1555 1609 1669 1643 ventis,
1681 1611 1736 1636 43.

1094 1660 1194 1690 vincit
1216 1659 1344 1687 classem
1367 1654 1531 1687 Antiochi,
1547 1657 1603 1690 44,
1618 1654 1669 1681 45.
1688 1650 1737 1679 Ilii

1096 1703 1247 1733 sacrificat
1268 1701 1432 1735 Minervae,
1449 1702 1504 1734 37,
1520 1700 1550 1727 9.
1566 1695 1651 1734 capit
1671 1693 1742 1723 Ses-

1097 1751 1168 1782 ton,
1180 1746 1249 1774 ibid.
1261 1746 1421 1783 oppugnat
1432 1740 1591 1778 Abydum,
1600 1737 1674 1767 ibid.
1683 1737 1740 1766 ob-

1100 1790 1250 1819 sidionem
1276 1785 1436 1823 relinquit,
1454 1788 1503 1812 12.
1518 1782 1614 1811 tradit
1630 1781 1668 1810 L.
1681 1781 1739 1809 AE·

1099 1833 1186 1863 milio
1203 1831 1324 1869 Regillo
1340 1830 1479 1859 classem,
1500 1829 1547 1854 14.
1564 1826 1670 1854 censet
1686 1823 1742 1852 ob-

1104 1875 1285 1905 struendum
1305 1882 1370 1901 csse
1386 1871 1503 1900 exitum
1519 1871 1629 1908 portus
1640 1867 1745 1905 Ephe-

1103 1920 1176 1955 sini,
1199 1918 1271 1946 ibid.
1296 1918 1328 1946 in
1353 1914 1480 1953 Lyciam
1506 1912 1632 1948 missus,
1654 1911 1744 1947 fugat

1104 1963 1227 2001 LycioS‚
1246 1962 1296 1989 16.
1318 1959 1438 1998 legatus
1462 1956 1500 1985 ad
1518 1954 1671 1990 Prusiam,
1686 1953 1743 1982 Bi-

1104 2005 1222 2044 thyniae
1238 2012 1356 2042 regem,
1368 2001 1494 2035 missus,
1505 1998 1645 2028 eumdem
1659 2005 1746 2026 revo-

1107 2053 1156 2079 cat
1171 2049 1207 2077 ad
1222 2046 1353 2077 consilia
1366 2043 1465 2084 pacis,
1476 2046 1527 2072 95.
1541 2043 1662 2071 creatur
1674 2048 1748 2069 con-

1109 2093 1170 2127 sul,
1186 2095 1239 2125 38,
1256 2094 1310 2119 35.

1065 2137 1104 2166 L.
1120 2135 1226 2165 Livius
1242 2133 1388 2162 tribunus
1405 2128 1517 2168 plebis,
1534 2131 1568 2163 9,
1586 2131 1615 2155 8.

1067 2177 1237 2215 M.Livins,
1251 2175 1374 2208 consul.
1391 2174 1512 2212 legatus
1527 2167 1749 2208 Carthaginem

1110 2222 1235 2257 missus,
1248 2224 1303 2256 21,
1320 2221 1369 2246 18.

1153 2268 1265 2293 octavo
1279 2266 1351 2302 post
1363 2257 1593 2289 damnationem
1606 2262 1690 2284 anno
1707 2263 1753 2283 re-

1112 2308 1237 2337 ducitur
1261 2315 1279 2335 a
1302 2303 1482 2334 consulibus
1505 2302 1538 2330 in
1558 2298 1681 2333 urbem,
1699 2300 1754 2333 27,

1113 2355 1164 2380 34.
1188 2359 1244 2389 pro
1265 2350 1414 2387 cognato,
1437 2345 1482 2374 Μ.
1503 2342 1593 2373 Livio
1615 2341 1755 2376 Macato,

1115 2394 1189 2423 dicit
1216 2394 1247 2421 iu
1276 2395 1399 2425 senatu,
1422 2386 1495 2417 ibid.
1518 2386 1556 2415 ad
1583 2384 1753 2413 secundum

1116 2436 1310 2466 consulatum
1327 2441 1404 2472 pene
1419 2430 1535 2459 invitus
1549 2427 1757 2467 protrahitur,

1115 2480 1191 2509 ibid.
1203 2488 1282 2517 aegre
1299 2487 1330 2506 se
1345 2472 1535 2505 reconciliari
1551 2470 1670 2510 patitur
1684 2478 1755 2498 cum

1117 2523 1245 2552 Nerone
1257 2521 1389 2558 collega,
1403 2520 1456 2546 35.
1468 2516 1519 2544 irae
1531 2515 1642 2554 plenus
1655 2512 1757 2542 adhuc

1118 2567 1150 2594 in
1176 2565 1270 2601 cives,
1284 2560 1490 2601 proficiscitur
1505 2559 1542 2588 ad
1559 2557 1689 2592 bellum,
1705 2559 1758 2584 40.

1119 2608 1242 2647 egregia
1267 2606 1334 2644 ejus
1356 2602 1487 2633 victoria
1514 2602 1550 2631 de
1573 2598 1760 2636 Asdrubale,

1121 2653 1260 2680 46—49.
1282 2647 1469 2686 triumphat.
1495 2649 1549 2681 28,
1572 2640 1601 2674 9.
1626 2642 1760 2671 dictator

1122 2697 1253 2726 creatur,
1274 2696 1320 2720 10.
1337 2692 1363 2719 ei
1380 2691 1412 2719 in
1429 2697 1546 2718 annum
1560 2688 1761 2726 prorogatum

1122 2736 1300 2773 imperium,
1319 2734 1392 2763 ibid.

1165 2780 1324 2808 Volonum
1341 2776 1507 2806 exercitum
1524 2774 1557 2803 in
1575 2770 1706 2802 Galliam
1724 2778 1762 2798 ex

1125 2823 1250 2852 Etruria
1267 2821 1414 2857 traducit,
1431 2823 1484 2855 99,
1499 2822 1526 2846 5.
1540 2816 1566 2845 oi
1579 2815 1763 2855 prorogatur
