1826 3149
82 195 123 228 U.
134 196 170 229 C.
185 197 257 229 585.

82 240 124 271 A.
135 239 173 271 C.
190 240 260 271 167.

82 306 214 338 Gentius

80 359 151 380 cum
166 350 228 380 suis

81 392 252 434 Spoletium

81 435 202 472 missus,

80 482 146 508 tum
162 479 237 520 Igu-

80 521 175 554 vium.

81 876 228 910 Comitia.

82 1443 206 1474 Prusias
220 1453 272 1474 rex

81 1487 215 1535 Romam
230 1497 281 1519 ve-

79 1536 136 1561 nit.

291 74 368 113 216
812 74 953 112 TITI
1006 73 1181 112 LIVII

291 191 565 240 gentumque‚
596 183 713 240 quod
741 184 785 225 in
814 183 1009 224 aerarium
1041 183 1093 225 sit
1124 183 1280 224 latum:
1318 181 1434 237 quod
1462 181 1564 237 quia
1591 181 1704 224 unde

293 240 428 296 redigi
449 242 649 297 potuerit,
663 256 744 281 non
767 240 1011 297 adparebat,
1026 248 1237 281 auctorem
1258 255 1334 296 pro
1351 254 1395 279 re
1415 239 1548 295 posui.
1609 239 1704 280 Rex

296 297 476 338 Gentius
496 313 592 339 cum
622 297 776 347 liberis,
799 306 840 338 et
861 297 1053 353 conjuge,
1075 305 1116 338 et
1140 297 1269 338 fratre
1293 295 1524 351 Spoletium
1551 295 1595 336 in
1614 311 1706 337 cus—

294 354 452 395 todiam
482 370 533 395 ex
564 353 921 395 senatusconsulto
956 353 1125 404 ductus,
1147 353 1271 394 ceteri
1302 353 1456 408 captivi
1483 353 1632 394 Romae
1660 353 1705 393 in

294 426 496 452 carcerem
533 411 732 466 conjecti:
779 411 1153 465 recusantibusque
1193 410 1425 452 custodiam
1468 409 1705 465 Spoletinis,

294 467 327 491 ⁶²⁵
343 468 600 523 Igiturvium
630 482 747 522 reges
770 467 965 509 traducti.
1028 467 1259 522 Reliquum
1281 483 1331 508 ex
1355 466 1525 522 Illyrico
1551 466 1707 522 praedae

294 524 463 566 ducenti
501 524 649 579 viginti
689 524 814 565 lembi
855 533 998 572 erant3
1045 524 1097 564 de
1135 525 1289 565 Gentio
1328 539 1425 579 rege
1461 531 1603 579 captos
1638 538 1707 564 eos

295 580 562 637 Corcyraeis¹,
584 589 625 622 et
647 581 1003 636 Apolloniatibus,
1026 591 1067 622 et
1089 580 1363 637 Dyrrachinis
1385 582 1434 630 Q.
1459 580 1628 622 Cassius
1654 595 1706 620 ex

294 637 652 679 senatusconsulto
672 639 835 679 tribuit.

352 695 519 734 XLIV.
555 694 756 737 Consules
786 711 834 736 eo
863 710 986 745 anno,
1008 711 1109 750 agro
1139 703 1304 736 tantum
1330 695 1542 750 Ligurum
1573 709 1707 750 popu-

294 751 392 801 lato,
418 749 451 774 ²4
464 766 597 806 quum
629 751 768 793 hostes
800 752 1007 794 exercitus
1039 767 1269 807 numquam
1305 752 1561 802 eduxissent,
1592 751 1709 792 nulla

293 823 336 849 re
365 808 623 848 memorabili
655 817 788 864 gesta,
821 810 999 850 Romam
1030 809 1084 849 ad
1118 810 1387 865 magistratus
1419 807 1707 863 subrogandos

292 864 534 913 redierunt;
577 874 618 906 et
658 866 794 921 primo
834 866 1031 907 comitiali
1072 865 1140 906 die
1179 866 1367 907 consules
1407 872 1600 906 crearunt
1640 865 1705 905 M.

295 921 522 962 Claudium
546 922 811 973 Marcellum,
836 924 883 964 C.
909 923 1143 979 Sulpicium
1166 922 1350 964 Gallum.
1412 921 1576 962 Deinde
1601 936 1708 977 prae-

292 986 403 1020 tores
423 987 590 1034 postero
610 979 678 1020 die
701 980 751 1021 L.
767 980 796 1021 J
801 979 935 1020 ulium
943 979 973 1030 ¹⁵,
992 981 1042 1021 L.
1059 980 1322 1036 Appuleium
1346 978 1633 1029 Saturninum,
1650 979 1707 1019 A.

294 1035 507 1076 Licinium
549 1036 747 1087 Nervam,
784 1038 831 1077 P.
865 1037 1077 1078 Rutilium
1120 1036 1315 1087 Calvum,
1350 1038 1398 1077 P.
1429 1035 1708 1086 Quinctilium

294 1093 468 1143 Varum,
501 1093 564 1133 M.
589 1093 827 1134 Fonteium.
888 1094 970 1134 His
999 1093 1251 1150 praetoribus
1281 1094 1378 1134 duae
1408 1093 1581 1134 urbanae
1614 1108 1710 1149 pros.

293 1149 442 1190 vinciae
475 1158 573 1191 sunt
605 1149 798 1201 decretae,
829 1150 926 1192 duae
960 1151 1194 1207 Hispaniae,
1228 1150 1367 1192 Sicilia
1398 1154 1465 1191 ac¹
1504 1149 1706 1191 Sardinia„

295 1206 597 1248 Intercalatum
627 1222 677 1248 eo
706 1223 836 1248 anno:
874 1207 1075 1263 postridie
1110 1207 1368 1249 Terminalia
1396 1206 1429 1230 ²⁵
1441 1207 1707 1249 intercalares

292 1263 477 1304 fuerunt.
538 1265 696 1319 Augur
716 1280 765 1305 eo
785 1279 892 1305 anno
922 1273 1115 1306 mortuus
1135 1272 1195 1306 est
1220 1265 1267 1306 C.
1292 1263 1521 1305 Claudius:
1552 1265 1597 1305 in
1617 1264 1710 1320 ejus

292 1318 430 1360 locum
458 1335 639 1375 augures
670 1321 860 1376 legerunt
891 1323 944 1362 Τ.
969 1322 1213 1372 Quinctium
1238 1320 1532 1362 Flamininum.
1564 1329 1607 1363 et
1636 1321 1709 1362 fiae

293 1391 387 1416 men
410 1377 637 1426 Quirinalis
661 1386 854 1420 mortuus
883 1377 917 1402 9⁶
931 1380 979 1428 Q.
1005 1379 1163 1419 Fabius
1186 1378 1338 1419 Pictor.
1400 1379 1467 1419 Eo
1497 1392 1606 1418 anno
1634 1392 1708 1419 rex

296 1434 466 1474 Prusias
506 1435 620 1476 venit
662 1435 842 1476 Romam
881 1450 977 1476 cum
1024 1435 1111 1476 filio
1152 1434 1392 1475 Nicomede.
1454 1435 1513 1484 Is,
1554 1449 1708 1491 magno

293 1490 494 1532 comitatu
530 1491 677 1532 urbem
710 1491 933 1548 ingressus,
965 1492 1019 1533 ad
1053 1492 1192 1533 forum
1225 1507 1251 1532 a
1284 1500 1408 1548 porta
1437 1491 1708 1548 tribunalque

293 1548 343 1597 Q.
376 1548 509 1589 Cassii
541 1549 733 1604 praetoris
772 1549 980 1605 perrexit:
1023 1564 1313 1605 concursuque
1353 1548 1540 1604 undique
1579 1549 1707 1600 facto,

292 1606 416 1654 Deos,
446 1606 516 1659 qui
544 1605 677 1646 urbem
703 1607 874 1646 Romam
907 1607 1139 1655 incolerent,
1166 1612 1422 1660 senatumque
1451 1613 1491 1646 et
1514 1607 1708 1660 populum

294 1662 518 1702 Romanum
551 1664 769 1703 salutatum
803 1678 845 1704 se
879 1663 986 1704 dixit
1022 1664 1277 1711 venisses->et
1303 1664 1570 1717 graz'ulatum,
1604 1665 1710 1718 quod

298 1719 447 1759 Persea
469 1719 734 1773 Gentiumque
748 1735 861 1775 reges
876 1721 1082 1767 vicissent;
1105 1720 1477 1774 Macedonibusque
1494 1726 1532 1760 et
1549 1720 1710 1775 Ill-{ariis

293 1776 337 1816 in
358 1777 551 1816 ditionem
572 1778 761 1825 redactis,
784 1779 989 1818 auxissent
1013 1779 1236 1831 imperium.
1298 1779 1440 1828 Quum
1470 1785 1628 1833 praetor
1649 1794 1709 1818 se-

292 1841 438 1874 natum
460 1833 512 1883 ei,
536 1833 567 1873 si
592 1834 707 1884 velit,
731 1850 779 1874 eo
799 1834 866 1875 die
896 1835 1096 1876 daturum
1127 1834 1324 1881 dixisset3
1357 1833 1537 1875 biduum
1567 1834 1704 1890 petiit,

292 1905 379 1944 quo
399 1890 556 1946 templa
578 1892 718 1932 Deum
750 1892 982 1947 urbemque
1003 1900 1044 1933 et
1074 1890 1258 1948 hospites
1283 1891 1521 1946 amicosque
1541 1892 1704 1933 viseret.

293 1946 447 1996 Datus,
479 1947 552 2002 qui
584 1948 913 1990 circmnduceret
948 1964 1059 1999 eum,
1092 1948 1143 1988 L.
1169 1948 1387 1989 Cornelius
1422 1948 1561 2004 Scipio
1591 1962 1707 2003 quae-

293 2010 401 2052 stor3
435 2004 509 2060 qui
531 2013 572 2046 et
591 2006 780 2060 Capuam
802 2006 838 2047 ei
856 2005 1021 2047 obviam
1042 2005 1192 2046 missus
1212 2005 1373 2046 fuerat:
1407 2012 1448 2046 et
1469 2005 1593 2056 aedes,
1608 2021 1705 2060 quae

292 2058 432 2114 ipsum
453 2062 707 2117 comitesque
729 2063 819 2118 ejus
839 2063 1017 2118 benigne
1041 2062 1286 2118 reciperent,
1308 2062 1550 2103 conductae.
1601 2062 1707 2103 Ter-

294 2117 352 2156 tio
373 2125 467 2172 post
489 2117 555 2158 die
577 2127 765 2160 senatum
786 2119 899 2167 adit;
932 2119 1170 2175 gratulatus
1190 2119 1406 2160 victoriam
1438 2127 1525 2168 est;
1558 2119 1706 2169 merita

294 2188 369 2213 sua
388 2173 430 2213 in
452 2190 499 2214 eo
519 2175 628 2215 bello
648 2176 984 2218 commemoravit
1002 2194 1013 2225 3
1046 2176 1182 2233 petiit,
1212 2177 1266 2218 Ut
1285 2183 1413 2217 votum
1434 2176 1514 2217 sibi
1538 2178 1704 2226 solvere,

293 2230 433 2270 Romae
454 2232 496 2271 in
521 2233 729 2285 Capitolio
749 2234 877 2274 decem
908 2233 1077 2286 majores
1098 2235 1264 2282 hostias,
1287 2240 1325 2274 et
1349 2234 1556 2274 Praeneste
1583 2247 1705 2274 unam

292 2287 499 2340 Fortunce,
515 2290 665 2330 liceret.
688 2305 735 2330 ea
757 2297 848 2331 vola
862 2305 941 2344 pro
962 2292 1133 2332 victoria
1149 2292 1295 2344 populi
1315 2291 1492 2331 Romani
1510 2305 1603 2332 esse.
1646 2291 1707 2336 Et

291 2349 336 2383 ut
355 2346 523 2386 societas
541 2361 667 2387 secum
697 2355 961 2388 renovaretur
972 2364 988 2397 ;
1019 2363 1195 2402 agerque
1213 2348 1306 2399 sibi,
1329 2349 1377 2388 de
1397 2363 1491 2402 rege
1511 2344 1708 2388 Antiocho

293 2407 445 2454 captus,
468 2416 578 2456 quem
601 2405 705 2444 nulli
724 2405 860 2445 datum
876 2420 902 2445 α
911 2407 1063 2458 populo
1086 2406 1269 2446 Romano
1293 2404 1415 2446 Galli
1435 2406 1703 2458 possiderent,

402 2518 412 2541 ¹
432 2522 581 2563 Corcyreis
596 2523 694 2554 Gron.
710 2523 802 2555 Crev.
888 2523 907 2548 k
921 2525 944 2555 J
945 2525 1038 2555 ulium
1055 2525 1077 2556 l.
1095 2524 1213 2555 Liuium
1228 2523 1317 2555 Eaed.
1445 2521 1454 2546 ¹
1470 2529 1497 2554 et
1511 2523 1597 2555 Eaed.

334 2631 376 2662 23
400 2630 596 2673 Igiturvimn]
634 2633 734 2664 Recte
767 2633 910 2675 Sigonius
943 2640 974 2666 et
1017 2633 1185 2675 telligenda
1207 2638 1254 2664 est
1275 2644 1333 2665 vox
1356 2633 1506 2665 Kalendae.
1552 2633 1626 2665 Vid.
1648 2643 1699 2665 su-

291 2673 455 2705 Turnebus
496 2675 645 2716 Iguvium.
703 2676 795 2723 Reges
834 2676 974 2718 intellige
1015 2687 1071 2719 pra
1086 2678 1107 2708 l.
1123 2676 1250 2707 XLIII.
1264 2687 1294 2708 c.
1311 2678 1361 2708 11.

293 2716 443 2748 Gentium
459 2727 530 2748 cum
544 2728 637 2751 uxore
652 2723 683 2749 et
697 2729 780 2749 omm
794 2718 897 2761 stirpe.
1059 2719 1100 2749 26
1125 2720 1162 2753 Q.
1178 2719 1287 2750 Fabius
1310 2720 1426 2762 Pictor]
1471 2718 1556 2751 Huic
1580 2722 1700 2762 praeno-

333 2760 375 2789 24
400 2760 498 2794 Quum
531 2761 619 2792 hostes
652 2763 791 2792 exercitus
824 2773 974 2802 nunquam
1017 2772 1089 2792 men
1113 2762 1245 2793 dabatur
1268 2763 1301 2793 in
1326 2768 1429 2794 vetere
1455 2762 1623 2804 exemplari
1650 2763 1698 2793 M.

290 2802 466 2844 eduxissent]
490 2803 596 2844 Magis
609 2804 743 2846 placeret
757 2815 909 2844 nusquam.
1017 2806 1156 2837 Mutavit
1183 2803 1326 2845 Sigonius
1353 2817 1392 2837 ex
1418 2806 1442 2838 l.
1465 2805 1641 2837 XXXVII.
1668 2815 1698 2836 c.

333 2844 373 2873 25
399 2844 607 2888 Inter-calmes]
632 2847 693 2877 vel
716 2847 841 2883 excidit,
857 2847 906 2879 vel
925 2847 971 2878 in·
1015 2848 1070 2878 47.
