1805 3174
540 129 992 178 PRAEFATIO.
1387 130 1488 177 lxix

38 269 153 316 tatis
190 270 405 332 speciem
440 286 539 333 prae
577 286 631 317 se
667 271 839 326 ferant,
869 284 1091 317 veremur
1113 284 1174 315 ne
1211 268 1489 316 doctissimi

37 347 220 411 quique
245 365 273 396 a
298 348 438 396 nobis
470 348 780 405 dissentiant,
808 348 847 396 si
877 365 960 396 eas
987 364 1016 394 a
1040 346 1168 394 notis
1201 345 1488 409 plerumque

38 425 345 488 ablegandas
380 443 488 474 esse
521 426 859 474 statuerimus.
933 425 1109 472 Liceat
1141 431 1308 472 tamen
1342 422 1487 469 nobis

40 517 124 549 eas
158 503 370 551 rationes
401 502 582 567 quibus
620 503 831 551 adducti
872 502 940 550 ita
970 519 1249 558 censemus,
1274 501 1488 564 ingenue

38 595 97 626 ac
124 579 411 643 simpliciter
433 598 699 645 exponere.

103 657 182 705 Ac
208 657 362 721 primo
399 658 620 721 quidem,
643 658 726 722 qui
754 656 997 704 variantes
1032 657 1142 704 ilias
1173 655 1412 704 lectiones
1438 656 1487 703 in
1502 667 1602 696 Simul
1619 669 1682 697 co!-

1501 712 1588 740 lectae
1602 713 1639 739 ad
1658 716 1705 738 to-

36 749 191 781 unum
218 735 351 782 velut
374 736 667 784 fasciculum
702 736 962 796 conjectas
989 736 1050 782 ad
1078 734 1228 782 totius
1254 734 1363 782 libri
1389 735 1563 782 cal-mm
1580 754 1682 792 operis

38 827 145 859 cem
171 819 438 871 attexuere,
459 832 634 862 eorum
659 830 859 878 operam
886 820 1026 876 grato
1053 812 1218 859 animo
1245 797 1705 877 accipien-fssff'affffsssnrssssss

38 889 155 938 dam
181 908 288 939 esse
311 908 414 939 non
448 893 806 956 negaverimus,
836 892 876 939 si
912 892 1065 938 modo
1091 890 1141 937 in
1167 907 1224 937 ea
1253 890 1351 937 sint
1375 888 1564 937 cumtffl'·

38 968 138 1015 fide
166 969 462 1034 judicioque
504 971 700 1018 versati.
776 970 891 1018 Hac
927 969 1107 1032 quippe
1139 968 1257 1015 inita
1287 968 1492 1022 ratione,

36 1061 131 1093 nec
169 1047 292 1110 perit
326 1065 385 1096 ea
424 1048 609 1096 utilitas
645 1066 757 1113 quae
791 1065 853 1095 ex
888 1047 983 1094 illis
1022 1045 1210 1109 percipi
1237 1051 1417 1108 potest,
1445 1051 1494 1091 et

39 1124 316 1172 occurritur
339 1125 559 1183 fastidio,
587 1142 740 1189 quum
768 1125 832 1171 ad
860 1140 945 1171 eas
971 1139 1118 1170 nemo
1144 1127 1376 1177 recurrat,
1396 1120 1490 1167 nisi

40 1200 119 1247 cui
142 1200 336 1249 libitum
363 1202 519 1250 fuerit.

103 1277 307 1326 Deinde
344 1278 493 1327 etiam
530 1278 615 1326 ubi
639 1294 701 1326 ex
740 1278 1043 1333 deformatae,
1088 1277 1221 1341 quod
1258 1292 1390 1339 saepe
1418 1277 1540 1331 fit‚1„
1559 1295 1641 1324 notis

38 1355 252 1419 antiquae
277 1355 530 1419 scripturae
570 1354 807 1417 vestigiiS,
848 1371 934 1418 per
958 1370 1191 1417 sagacem
1232 1354 1485 1414 conjectu·
1501 1347 1682 1410 ξξζῖῗῖἓῗωῃ

36 1449 142 1481 ram
178 1449 291 1480 vera
333 1433 479 1481 lectio
515 1434 715 1489 eruitur,
750 1432 830 1480 hic
868 1448 1068 1496 quoque
1101 1431 1423 1480 concedimus
1462 1423 1676 1504 effifflwx

37 1511 138 1558 fide
161 1528 270 1558 esse
295 1510 569 1575 interpretis
588 1510 794 1559 lacinias
818 1510 945 1567 illas,
964 1510 1141 1573 quibus
1167 1509 1301 1557 velut
1326 1507 1488 1571 gradi-
1502 1509 1696 1589 gffissddsss‘ffi

36 1587 129 1635 bus
155 1588 219 1634 ad
245 1604 415 1635 verum
447 1589 717 1652 perductus
743 1595 833 1647 est,
857 1587 1086 1634 exhibere
1121 1586 1309 1642 lectori,
1338 1593 1390 1633 ut
1416 1585 1564 1633 di-tur-

37 1664 213 1727 gnosci
236 1673 400 1728 queat,
422 1666 542 1729 quid
569 1676 711 1713 vetus
738 1668 979 1728 scriptura
1003 1664 1183 1720 tulerit,
1209 1664 1330 1728 quid
1355 1664 1489 1726 inge-

36 1743 174 1791 nium
198 1743 535 1792 emendatoris
561 1744 874 1791 adstruxerit.

105 1820 202 1868 Sed
227 1820 279 1868 in
302 1827 449 1868 notas
474 1821 659 1884 passim
696 1820 921 1867 infercire
947 1820 1190 1866 denorum
1215 1816 1488 1880 pluriumve
1503 1831 1560 1860 sea
1578 1831 1603 1859 si
1621 1831 1652 1859 in

1503 1879 1591 1902 110ἷὶΙὲ
1604 1883 1659 1910 USq
1665 1881 1705 1901 ue

39 1897 274 1947 codicum
302 1899 520 1955 nomina,
544 1906 594 1946 et
618 1906 795 1946 trunca
830 1898 1103 1945 lacerarum
1128 1912 1309 1943 vocum
1336 1911 1486 1942 mem·
1502 1917 1706 1954 &usquem-

38 1975 126 2024 bra
150 1975 479 2039 informesque
501 1974 736 2039 reliquias
761 1971 1005 2036 subjicere
1025 1989 1218 2036 semper
1242 1972 1416 2029 oculis,
1436 1971 1486 2019 id
1501 1965 1685 2030 ξῗζῗῖᾋζδζξ,

37 2070 155 2102 vero
181 2053 359 2117 ingrati
377 2053 560 2101 fastidii
581 2052 922 2116 plenissimum
948 2058 1039 2112 est,
1054 2059 1103 2099 et
1123 2049 1488 2098 animosissimo
1503 2045 1630 2073 dmm·

41 2131 189 2179 etiam
206 2131 381 2180 lectori
399 2147 637 2179 nauseam
655 2131 1000 2178 excitaturum.
1054 2128 1350 2190 Intelligunt
1365 2126 1483 2190 quid
1500 2138 1574 2209 fHqc
1585 2143 1692 2209 gumen

35 2209 215 2273 loquar
254 2209 288 2256 ii
326 2209 412 2273 qui
454 2209 763 2257 Gronovium
798 2208 849 2255 in
884 2224 1058 2255 manus
1095 2221 1365 2269 sumpsere.
1434 2203 1486 2251 Si
1502 2187 1578 2252 veiffst.
1616 2189 1707 2209 '⁰¹³⁰‘

37 2286 217 2349 quibus
242 2286 402 2334 minus
428 2293 575 2334 notus
600 2297 689 2347 est,
714 2287 880 2349 legant
919 2286 1049 2333 hanc
1076 2284 1181 2346 ejus
1205 2289 1376 2330 notam
1401 2280 1486 2328 lib.

39 2362 165 2412 Livii
192 2365 231 2414 I.
255 2382 300 2413 c.
324 2370 398 2414 18.
424 2365 475 2412 in
509 2365 616 2412 haec
640 2364 805 2423 verba,
830 2365 907 2412 uti
939 2370 992 2411 tu
1025 2364 1173 2428 signa
1200 2360 1336 2407 nobis
1359 2366 1492 2406 certa

36 2443 343 2499 adclarassis,
365 2459 575 2506 quorum
600 2443 714 2490 loco
735 2442 851 2490 olim
875 2441 1146 2504 legebatur,
1171 2447 1227 2486 ut
1245 2446 1329 2485 tua
1346 2437 1491 2500 signa

37 2519 176 2567 nobis
193 2528 325 2568 certa
347 2529 394 2568 et
416 2521 551 2568 clara
574 2522 689 2568 sint.
737 2528 767 2547 “
789 2519 1067 2574 Hoerebam,
1089 2515 1248 2579 inquit
1272 2513 1370 2568 ille,
1395 2528 1491 2558 am-

42 2603 73 2623 “
101 2595 277 2661 biguus
296 2599 349 2643 z'n
374 2599 576 2662 Sigonz'z'
593 2597 944 2651 acclarassent‚
965 2594 1151 2651 Moclz'i,
1170 2591 1238 2639 uti
1258 2599 1309 2638 tu
1327 2587 1491 2635 accla—

43 2679 73 2698 “
100 2672 265 2727 rassis,
286 2675 433 2722 donec
452 2691 475 2722 e
495 2674 634 2721 Flor.
659 2680 879 2721 notatum
902 2674 1032 2720 vidi.-
1078 2670 1145 2717 uti
1170 2676 1222 2716 tu
1245 2667 1383 2728 signa
1407 2680 1492 2711 no-

41 2756 71 2776 “
99 2749 174 2796 bis
201 2756 334 2797 certa
359 2750 642 2798 adclarissis
665 2767 675 2797 ε
713 2758 759 2798 et
782 2751 922 2805 idem,
943 2749 1072 2812 quod
1093 2746 1247 2793 voluit
1267 2740 1486 2796 Modius,

43 2834 72 2854 ‘⁴
89 2844 293 2890 prorsas
311 2845 335 2874 e
354 2829 455 2875 suis
470 2836 724 2874 annotasse
745 2825 1012 2873 stlta-etum.
1087 2821 1384 2876 Vossianus‚·
1418 2815 1489 2864 uti

779 2915 804 2942 E
827 2908 851 2942 3
