1805 3174
563 99 605 146 P
623 98 669 145 R
684 97 1025 146 AEFATlO.
1364 104 1518 151 xxxiii

63 237 185 285 vitio
211 245 260 286 et
285 239 563 287 communis
590 238 806 302 exempli
844 238 1110 302 imperiosa
1135 238 1245 302 lege
1282 240 1515 304 abreptus

63 315 256 364 futilem
301 318 546 381 religionis
593 319 820 365 umbram
868 333 958 380 pro
1007 334 1058 364 rc
1105 317 1514 380 amplecteretur-3

61 392 366 452 laudandus,
404 396 487 460 qui
536 398 760 444 umbram
801 396 1035 444 retineret
1083 402 1265 454 tamen,
1307 414 1515 462 seseque

61 472 274 521 multum
299 475 361 521 ab
395 474 690 522 insanientis
715 472 972 537 sapientiae
1009 473 1222 521 audacia
1247 480 1295 522 et
1319 474 1512 522 temeri-

60 556 163 597 tate
188 553 484 614 sejungeret,
504 570 617 616 quae
639 552 819 600 bellum
846 551 982 598 falsis
1008 550 1255 600 indictum
1275 552 1373 600 diis
1398 569 1511 601 cum

59 645 177 677 vero
202 631 422 692 gerebat,
448 638 499 678 et
524 633 646 678 dum
681 630 860 693 impios
885 629 1020 692 vulgi
1045 630 1178 678 circa
1211 630 1379 678 divina
1403 646 1494 693 pro

58 706 252 771 fligaret
276 724 481 764 errores,
508 709 668 772 ipsam
694 707 904 754 tollebat
928 706 1147 754 divinam
1175 707 1288 764 vim,
1314 708 1514 755 eadem-

55 801 155 848 que
179 802 333 849 opera
367 787 639 834 maximum
671 785 880 848 justitiae
906 792 955 832 et
987 785 1243 833 societatis
1280 786 1511 834 humanae

56 861 308 911 vinculum
345 863 670 911 dissolvebat.
742 862 1048 926 Sacrilegam
1085 863 1233 920 hanc,
1270 881 1380 928 quae
1417 882 1509 913 suo

56 956 163 987 aevo
189 940 367 989 Romae
387 941 598 1004 vigebat,
620 941 912 1006 opinionum
938 940 1207 1002 licentiam,
1229 959 1330 990 non
1356 944 1512 991 semel

53 1017 296 1082 increpat,
323 1026 372 1068 et
408 1037 521 1068 cum
546 1020 704 1069 intimi
740 1019 927 1067 doloris
954 1037 1105 1068 sensu
1130 1020 1285 1069 deflet
1320 1020 1506 1070 Livius.

54 1096 220 1151 Quam
244 1097 421 1160 gravis,
445 1105 646 1162 quantae
671 1097 944 1145 severitatis
965 1104 1013 1144 et
1037 1097 1380 1146 sanctimoniae
1407 1099 1510 1161 ple-

53 1192 120 1223 na
143 1182 219 1224 est
244 1176 351 1224 haec
375 1194 488 1240 quae
513 1177 597 1225 lib.
620 1175 719 1224 ΙΙΙ.
742 1192 851 1238 cap.
874 1179 957 1224 20.
982 1174 1199 1223 occurrit
1216 1191 1359 1223 novae
1377 1175 1508 1223 illius

50 1253 318 1317 impietatis
355 1254 651 1317 castigatio?
696 1253 930 1302 Nondum
955 1253 1073 1313 lme,
1097 1272 1202 1317 quae
1231 1272 1358 1302 nune
1382 1262 1507 1302 tenet

52 1333 274 1392 seculum,
289 1333 600 1398 negligentia
623 1331 763 1379 deam
786 1338 1007 1379 venerat:
1041 1347 1125 1379 nec
1146 1333 1509 1396 interpretando

50 1409 147 1456 sibi
166 1410 365 1472 quisque
383 1410 738 1473 jusjurandum
761 1415 807 1454 et
832 1409 962 1472 leges
996 1417 1136 1472 aptas
1150 1408 1401 1473 faciebat,
1425 1412 1510 1458 sed

51 1503 162 1534 suos
171 1488 342 1551 potius
375 1504 527 1536 mores
549 1489 617 1535 ad
643 1504 698 1535 ea
721 1487 1124 1534 accommodabat.
1197 1486 1262 1534 Et
1286 1487 1417 1545 alibi,
1446 1489 1509 1536 de

44 1564 229 1625 juvene
252 1581 313 1614 eo
343 1565 428 1630 qui
453 1566 711 1614 consulem
749 1564 1057 1612 monendum
1083 1564 1176 1612 sibi
1200 1581 1308 1613 esse
1342 1566 1508 1614 existi-

51 1642 221 1691 mahat
255 1643 521 1707 pullarium
557 1644 778 1708 auspicia
812 1642 1103 1691 ementitum
1137 1659 1262 1699 esse,
1287 1645 1505 1708 juvenis,

50 1719 225 1784 inquit,
249 1731 361 1771 ante
394 1724 664 1772 doctrinam
697 1725 810 1772 deos
843 1729 1140 1786 spernentem
1170 1729 1330 1770 natas.
1402 1721 1502 1770 Sed
1519 1738 1558 1768 x.
1575 1738 1625 1768 40.

51 1799 171 1862 quid
209 1800 352 1864 plura
375 1816 501 1864 opus
526 1801 637 1848 est?
686 1800 785 1855 Qui
820 1799 997 1848 sedulo
1022 1798 1356 1863 perpenderit,
1382 1815 1507 1863 quo-

50 1895 168 1926 nam
194 1879 345 1926 modo
369 1877 555 1937 Livius,
582 1877 622 1926 si
646 1877 766 1942 quid
794 1876 873 1941 pie
896 1875 947 1923 in
972 1876 1096 1924 deos
1121 1876 1307 1923 factum
1335 1882 1427 1932 est,
1454 1875 1506 1924 id

50 1962 410 2006 commemoret
444 1962 492 2004 et
516 1955 786 2020 praedicett,
822 1959 1013 2009 contra,
1040 1952 1081 2001 si
1104 1952 1155 2000 in
1179 1952 1348 2016 aliquo
1385 1968 1503 2000 con-

50 2040 264 2099 temptor
286 2033 539 2097 religionis
564 2033 757 2081 animus
783 2038 1035 2097 appareat,
1054 2046 1205 2095 quam
1228 2030 1270 2078 is
1293 2030 1505 2078 invidio-

50 2130 104 2162 se
129 2111 459 2169 describatur,
487 2120 536 2159 et
570 2110 622 2159 in
645 2109 821 2158 odium
845 2114 1065 2165 vocetur,
1091 2107 1240 2156 facile
1277 2108 1502 2156 animad-

50 2196 209 2238 vertet
231 2190 475 2255 prioribus
510 2188 608 2238 illis
633 2186 874 2251 exemplis
909 2192 1136 2233 nostrum
1162 2185 1504 2250 maximopere

50 2270 357 2317 delectatum
385 2284 511 2324 esse,
538 2267 646 2315 haec
672 2282 787 2313 vere
811 2271 860 2312 et
883 2281 947 2311 ex
974 2262 1143 2311 animo
1179 2264 1499 2312 detestatum.

50 2346 275 2395 Sufficiat
308 2346 388 2395 hic
412 2345 636 2394 indicare
669 2343 842 2392 lectori
866 2358 1012 2405 capp.
1039 2347 1118 2389 40.
1147 2347 1196 2389 et
1221 2346 1302 2390 46.
1327 2341 1410 2391 lib.
1436 2341 1500 2389 V.

51 2424 133 2471 ubi
158 2425 223 2472 de
247 2424 473 2481 Albinio,
500 2430 549 2471 et
582 2422 741 2471 Fabio
765 2421 1002 2469 Dorsone
1040 2419 1155 2483 agit,
1183 2426 1231 2468 et
1254 2419 1394 2468 initia
1416 2419 1499 2467 lib.

49 2502 228 2551 XXII.
252 2503 336 2550 ubi
361 2503 424 2551 de
449 2501 654 2550 consule
679 2498 943 2547 Flaminio.

0 2569 2 2603 ³
116 2578 297 2642 Neque
314 2595 429 2627 vero
455 2576 828 2630 crediderimus,
849 2575 899 2622 id
920 2575 1058 2637 quod
1084 2574 1226 2622 multi
1247 2573 1388 2621 Livio
1414 2573 1498 2619 ob-
1512 2586 1671 2619 Immerito
1687 2588 1716 2619 ei

41 2658 223 2719 jecere,
249 2657 383 2704 illam
408 2673 561 2721 quam
586 2654 639 2702 in
665 2670 724 2701 eo
751 2652 1018 2699 laudamus
1042 2650 1260 2699 coelestis
1284 2647 1499 2696 numinis
1511 2630 1699 2715 ζξξζζζζξζῑο,

2 2716 4 2801 l
47 2721 386 2790 reverentiam,
411 2735 461 2781 in
495 2733 676 2782 anilem
712 2729 1113 2795 superstitionem
1151 2729 1496 2789 degenerasse.

3 2808 5 2836 ³
49 2810 185 2858 Huic
212 2811 544 2860 criminationi
566 2809 786 2858 maxime
807 2824 978 2855 ansam
999 2806 1252 2870 praebuere
1272 2803 1499 2867 prodigia

4 2922 5 2937 ,
107 2903 201 2931 vo1..
226 2905 282 2933 ιν,
800 2888 824 2908 ⁴
844 2900 866 2925 c

3 3072 7 3094 l

3 3098 9 3174 Ι
