1831 3194
425 135 537 172 LIB.
570 134 699 171 XLII.
742 132 866 171 CAP.
899 133 1092 171 XLVIII.
1426 141 1475 176 75

48 242 172 295 vinci,
193 244 258 284 cui
277 245 470 297 confessio
490 258 676 297 expressa
697 246 765 293 sit,
786 258 828 284 se
848 258 974 298 neque
994 250 1098 292 arte,
1120 257 1246 297 neque
1274 257 1381 291 casu,
1405 246 1476 284 secl
1491 256 1576 286 Luc.
1593 257 1665 286 581.

49 303 221 343 conlatis
256 302 425 342 cominus
465 301 625 349 viribus,
646 301 762 355 justo
801 316 849 342 ac
872 303 946 354 pio
980 301 1083 341 bello
1117 315 1198 341 esse
1228 299 1573 354 .52cper·atzc212.A·C·
1594 300 1666 330 171.

51 359 158 399 Haec
192 358 381 408 seniores,
413 358 568 413 quibus
600 373 708 399 nova
739 359 829 399 haec
862 358 999 399 minus
1031 358 1221 421 placebat
1258 357 1470 413 sapientia.

50 415 149 457 vicit
171 425 306 457 tamen
328 431 374 456 ea
395 430 491 470 pars
524 423 705 465 senatus,
728 416 794 457 cui
817 416 954 471 potior
980 415 1108 463 utilis,
1131 430 1257 470 quam
1292 414 1470 465 bonesti,

50 488 151 513 cura
183 480 284 520 erat,
308 480 354 512 ut
388 472 729 527 comprobaretur
762 473 874 528 prior
910 472 1062 527 legatio
1098 472 1263 521 Marcii,
1285 471 1318 495 ⁵²
1333 480 1373 512 et
1407 488 1473 512 eo-

49 528 143 569 dem
175 544 319 569 rursus
340 528 381 569 in
405 529 611 569 Grzeciam
641 545 735 570 cum
770 526 1141 585 quinqueremibus
1174 528 1686 586 remitteretur,Inuraf‘ciam

42 586 349 641 jubereturque
382 594 531 635 cetera,
567 586 628 626 uti
662 602 684 626 e
718 586 931 642 republica
963 586 1141 626 maxime
1174 586 1309 626 visum
1350 582 1660 635 esset’remittztur.

49 658 182 697 agere.
244 644 298 682 A.
322 658 490 698 quoque
514 643 694 684 Atilium
729 643 930 684 miserunt
952 643 1005 683 ad
1026 643 1311 698 occupandam
1335 642 1473 683 Laris-

49 714 135 740 sam
168 699 209 740 in
247 700 479 750 Thessalia,
502 700 709 750 timentes,
731 715 796 750 ne,
821 700 851 741 si
887 699 1149 740 induciarum
1183 700 1270 740 dies
1305 699 1471 748 exisset,

50 757 241 807 Perseus,
275 756 471 813 praesidio
504 761 568 798 eo‘
589 757 726 807 misso,
764 766 890 813 eaput
929 757 1158 797 Thessaliae
1192 757 1233 797 in
1266 765 1472 812 potestate

48 813 231 855 haberet.
294 815 393 855 Duo
425 814 554 854 millia
585 814 774 870 peditum
805 814 964 856 Atilius
997 814 1050 855 ab
1085 816 1161 855 Cn.
1187 814 1338 854 Sicinio
1370 813 1473 854 acci-

47 885 145 926 pere
177 870 231 911 ad
261 886 350 911 eam
383 886 469 912 rem
504 871 708 926 agendam
735 872 891 927 jussus.
928 879 969 911 et
1007 872 1054 911 P.
1079 871 1277 921 Lentulo,
1311 871 1384 926 qui
1420 886 1471 912 ex

50 927 212 968 Achaia
246 928 439 978 redierat,
474 928 674 969 trecenti¹¹
710 928 861 969 milites
904 927 1041 969 Italici
1081 928 1244 983 generis
1284 927 1386 979 dati,
1425 936 1473 969 ut

47 982 81 1007 ⁵3
91 985 251 1025 Thebis
272 985 389 1026 daret
412 1000 595 1041 operam,
618 994 666 1026 ut
688 985 729 1025 in
750 994 956 1041 potestate
981 985 1145 1025 Boeotia
1165 993 1282 1026 esset.

109 1042 331 1082 XLVIII.
366 1042 447 1082 His
468 1042 728 1098 praeparatis,
751 1056 1007 1097 quamquam
1041 1042 1095 1081 ad
1126 1042 1284 1082 bellum
1306 1042 1475 1082 consilia
1488 1049 1595 1098 legati
1611 1051 1688 1097 rer-

49 1107 166 1139 erant
212 1099 432 1148 destinata,
475 1107 663 1140 senatum
710 1106 849 1139 tamen
896 1098 1074 1154 praeberi
1115 1098 1263 1154 legatis
1302 1098 1472 1153 placuit.
1487 1104 1530 1124 ⁸8¹
1547 1093 1656 1124 audm.

51 1155 212 1195 Eadem
245 1155 346 1205 fere,
369 1170 465 1211 quae
486 1156 528 1196 in
550 1155 770 1211 conloquio
802 1156 855 1196 ab
877 1171 974 1211 rege
1007 1155 1119 1196 dicta
1151 1163 1283 1205 erant,
1305 1154 1477 1196 ⁵4relata

49 1212 102 1252 ab
138 1212 296 1268 legatis.
374 1213 628 1253 Insidiarum
664 1212 843 1254 Eumeni
877 1213 1081 1253 factarum
1119 1212 1287 1263 crimen,
1315 1221 1356 1253 et
1392 1228 1477 1253 ma-

51 1268 164 1309 xima
194 1284 308 1320 cura,
331 1277 372 1310 et
404 1270 571 1311 minime
604 1278 743 1311 tamen
775 1270 1062 1326 probabiliter,
1096 1268 1335 1321 (manifesta
1366 1270 1475 1310 enim

50 1341 115 1366 res
148 1330 256 1382 erat)
292 1327 521 1368 defensum.
585 1328 735 1368 Cetera
767 1327 1003 1383 deprecatio
1039 1334 1152 1367 erat:
1198 1326 1270 1367 sed
1302 1341 1385 1367 non
1418 1327 1476 1367 eis

50 1382 197 1424 animis
229 1384 523 1434 audiebantur,
546 1384 619 1440 qui
641 1392 715 1425 aut
737 1384 890 1434 doceri,
913 1392 987 1425 aut
1008 1383 1118 1424 flecti
1150 1392 1330 1439 possent.
1392 1384 1476 1424 De-

50 1440 311 1491 nunciatum,
349 1441 559 1497 extemplo
597 1441 804 1482 moenibus
845 1441 961 1481 urbis
1003 1442 1167 1490 Romae,
1206 1440 1332 1480 Italia
1366 1440 1668 1496 intraExcted'ffl-e·

52 1496 312 1552 trigesimum
354 1498 462 1538 diem
505 1497 763 1538 excederent.
841 1498 888 1537 P.
912 1497 1075 1538 Licinio
1111 1497 1260 1537 deinde
1301 1492 1687 1548 consuli,lt²²¹¹aJ¹¹⁵S¹·

51 1553 118 1593 cui
153 1554 403 1595 Macedonia
434 1554 648 1610 provincia
679 1555 919 1603 obvenerat,
942 1554 1256 1604 denunciatum,
1279 1562 1327 1595 ut
1361 1570 1476 1595 exer-

52 1610 153 1651 citui
187 1611 296 1651 diem
318 1611 494 1667 primam
516 1626 728 1667 quamque
749 1611 904 1652 diceret
939 1611 993 1651 ad
1020 1610 1362 1652 conveniendum.
1425 1613 1474 1652 C.
1490 1620 1652 1668 Lueretius

53 1667 278 1708 Lucretius
310 1676 481 1724 praetor,
511 1668 578 1709 cui
611 1668 750 1709 classis
782 1667 995 1724 provincia
1032 1676 1135 1719 erat,
1169 1683 1265 1708 cum
1298 1664 1692 1724 q11aclra?s·¹ssfifss·

51 1723 170 1779 ginta
204 1725 576 1780 quinqueremibus
609 1725 661 1766 ab
693 1726 797 1766 urbe
831 1726 1068 1781 profectus:
1115 1740 1212 1765 nam
1239 1741 1291 1766 ex
1312 1726 1477 1767 refectis
1489 1718 1570 1792 {aatm
1586 1717 1672 1737 navi-

52 1780 229 1822 navibus
269 1782 368 1823 alias
408 1783 450 1823 in
485 1782 613 1823 alium
654 1797 778 1824 usum
813 1782 980 1823 retineri
1021 1782 1075 1822 ad
1114 1783 1262 1823 urbem
1304 1782 1476 1838 placuit.

54 1838 301 1880 Praemissus
328 1855 353 1879 a
372 1847 553 1896 praetore
586 1848 648 1880 est
668 1839 701 1862 ⁵⁵
711 1840 841 1880 frater
875 1839 1124 1880 Lucretius*
1145 1855 1240 1880 cum
1274 1839 1479 1895 quinque-

52 1909 164 1936 reme
184 1910 291 1937 una:
319 1897 562 1952 jussusque,
585 1896 637 1937 ab
660 1896 778 1937 sociis
799 1912 850 1937 ex
883 1896 1041 1937 foedere
1074 1896 1254 1952 acceptis
1285 1897 1478 1948 navibus,

53 1951 107 1992 ad
130 1952 442 2008 Cephalleniam
475 1953 591 1994 classi
624 1953 857 1994 obcurrere.
881 1954 934 1994 ab
968 1953 1173 2009 Rheginis
1201 1953 1359 1994 triremi
1380 1970 1478 2004 una,

53 2009 107 2049 ab
130 2009 276 2050 Locris
297 2010 477 2060 duabus,
500 2011 552 2051 ab
575 2010 771 2051 Uritibus
793 2019 991 2066 quatuor,
1014 2018 1169 2067 praeter
1191 2026 1306 2051 oram
1342 2011 1480 2052 Italia}

55 2074 326 2121 supervectus
369 2067 575 2108 Calabriae
616 2075 851 2108 extremum
901 2067 1233 2124 promontorium
1274 2067 1318 2108 in
1360 2068 1480 2109 Ionio

54 2122 173 2173 mari,
209 2123 524 2179 Dyrrhachium
557 2124 722 2181 trajicit.
798 2125 865 2166 Ibi
898 2125 1039 2166 decem
1072 2124 1259 2180 ipsorum
1292 2126 1481 2181 Dyrrha-

55 2179 290 2229 chinorum,
313 2180 534 2222 duodecim
571 2183 810 2232 Issaeorum,
833 2181 1143 2238 quinquaginta
1163 2191 1347 2237 quatuor
1369 2183 1482 2223 Gen-

55 2236 103 2277 tii
135 2237 244 2292 regis
277 2237 435 2278 lembos
466 2246 629 2288 nactus,
657 2238 856 2279 simulans
890 2255 931 2279 se
965 2238 1146 2289 credere,
1180 2254 1249 2279 eos
1281 2238 1323 2278 in
1358 2254 1481 2279 usum

51 2294 340 2335 >Romanorum
374 2304 634 2351 comparatos
666 2311 767 2346 esse,
798 2296 992 2337 omnibus
1025 2295 1234 2345 abductis,
1257 2295 1324 2336 die
1359 2296 1483 2337 tertio

56 2351 298 2406 Corcyram,
320 2351 417 2392 inde
449 2352 641 2408 protinus
674 2352 716 2393 in
751 2352 1063 2410 Cephalleniam
1098 2352 1264 2408 trajicit.
1328 2352 1376 2393 C.
1396 2354 1484 2394 Lu-

187 2463 208 2483 .t
225 2473 256 2493 eo
270 2462 332 2494 del.
349 2463 446 2494 Gron.
461 2463 553 2495 Crev.
641 2468 657 2485 ¹¹
671 2466 781 2495 treceni
798 2464 889 2495 Eaed.
976 2468 994 2486 Χ
1011 2464 1059 2495 Μ.
1072 2464 1231 2495 Lucretius
1248 2464 1341 2495 Crev-

113 2566 154 2595 52
192 2566 232 2596 Et
260 2568 354 2597 eodem.
383 2578 485 2597 rursus
515 2570 546 2598 in
577 2568 742 2609 Groeciam]
833 2569 902 2599 53*
915 2568 1028 2608 Thebis]
1053 2567 1170 2598 Thebis
1195 2577 1337 2605 manens,
1360 2567 1484 2597 Thebas

59 2608 148 2639 Tolle
176 2608 254 2640 duas
277 2615 446 2651 postremas
469 2621 572 2647 voces,
598 2611 745 2642 manifes-
792 2617 912 2642 tenens.

59 2654 125 2680 tum
148 2651 313 2691 glossema,
334 2653 566 2695 interpretando
589 2656 631 2694 τῷ
653 2656 748 2684 eodem
834 2655 903 2685 54ὲϊξ
918 2653 1040 2694 Relata]
1067 2654 1197 2684 Iterata.

58 2693 162 2735 inepte
188 2694 340 2727 additum.
396 2696 487 2727 Idem
516 2697 610 2738 plane
639 2697 747 2728 vitium
834 2698 874 2727 55
900 2697 1006 2727 Frater
1038 2697 1083 2726 M.
1105 2695 1277 2734 Lucretius]
1307 2695 1346 2724 In
1376 2693 1485 2733 vulga-

60 2735 224 2777 irrepserat
257 2748 350 2780 supra
385 2738 405 2769 1.
434 2740 611 2770 XXXVII.
645 2750 672 2771 c.
697 2741 750 2771 19.
792 2739 833 2770 tis
852 2740 902 2770 hic
922 2739 1063 2781 praetoris
1080 2739 1173 2769 frater
1188 2743 1272 2768 caret
1284 2736 1484 2778 praenomine.

57 2780 155 2809 eodem
185 2780 418 2821 Adramytteum,
455 2782 510 2812 ubi
548 2782 656 2813 itidem
696 2793 751 2813 no·
794 2783 989 2813 Restitutum
1012 2782 1041 2813 ei
1064 2787 1110 2813 est
1132 2781 1190 2811 hoc
1214 2783 1282 2810 loco
1298 2789 1335 2808 ex
1352 2779 1484 2809 auctori-

63 2831 134 2852 men
160 2821 244 2852 urbis
269 2824 440 2855 tollendum
470 2836 536 2855 esse
566 2825 750 2856 monuimus.
795 2830 858 2856 tate
883 2824 1045 2861 Gronovii‚
1062 2824 1115 2865 qui
1138 2821 1312 2853 observavit
1335 2832 1405 2853 eum
1430 2833 1484 2865 ap-

64 2864 126 2895 Hic
150 2864 271 2912 videtur
298 2872 449 2906 praeterea
472 2867 623 2900 excidisse
643 2880 751 2900 nume-
796 2869 905 2910 pellari
922 2870 971 2900 M.
985 2867 1177 2901 Lucretium,
1195 2864 1273 2896 infra
1289 2875 1318 2896 c.
1334 2865 1386 2897 56.

65 2918 114 2939 rus
130 2908 411 2950 qulnqueremium.
