1826 3149
319 98 389 131 102
828 95 973 132 ΤΙΤΙ
1022 94 1197 131 LIVII

103 217 143 247 U.
160 219 194 246 C.
212 214 285 245 582.

319 202 608 244 Macedoniam
648 204 816 252 misisse,
853 218 984 258 quum
1024 203 1266 258 interrogati
1307 219 1390 244 non
1429 203 1725 254 inficiarentur,

103 261 193 290 A.C.
214 259 282 289 170.

317 262 430 314 apud
442 262 595 301 Persea
617 261 804 315 majorem
825 274 1025 300 numerum
1041 261 1361 314 sagittariorum,
1379 275 1495 314 quam
1517 263 1627 314 apud
1642 261 1728 300 Ro-

316 331 467 368 manos,
483 319 675 366 militare,
693 332 935 373 responsum
956 325 1016 357 est
1032 333 1039 357 :
1073 318 1119 358 Si
1137 319 1344 359 Cretenses
1363 318 1458 358 bene
1473 333 1521 358 ac
1536 318 1730 372 gnaviter

318 376 568 415 destinarent
583 376 780 428 potiorem
795 375 943 426 populi
962 374 1155 422 Romani,
1179 388 1295 428 qnam
1316 377 1424 429 regis
1444 376 1602 424 Persei,
1625 375 1728 414 ami-

316 433 453 472 citiam
475 432 632 480 habere,
655 437 832 472 senatum
864 445 1017 484 quoqne
1036 431 1261 472 Romanum
1291 433 1356 480 iis,
1378 439 1580 486 tamquam
1610 432 1732 473 certis

316 490 446 538 sociis,
468 503 693 542 responsum
716 490 901 528 daturum
923 503 1014 528 esse.
1079 488 1238 528 Interea
1263 491 1502 530 nunciarent
1522 490 1617 537 suis,
1632 490 1725 542 pla-

318 561 405 586 cere
433 548 604 594 senatui,
628 547 728 585 dare
747 560 907 598 operam
932 546 1150 595 Cretenses,
1174 553 1230 594 nt,
1255 560 1349 599 qnos
1378 548 1524 587 milites
1543 545 1732 586 32intrab

310 604 512 656 ])7'·(esi(l2'a
534 604 641 656 regis
665 604 808 643 Persei
826 602 1031 650 haberent,
1054 616 1118 642 eos
1132 604 1268 655 primo
1296 617 1447 657 quoqne
1466 610 1641 655 tempore
1662 604 1732 642 do-

318 675 419 700 mum
455 668 698 700 revocarent.
762 659 1030 700 Cretensibus
1065 674 1159 700 cum
1194 660 1272 700 hoc
1307 675 1502 716 responso
1537 659 1729 709 dimissis,

107 726 292 757 Chalciden—
321 717 612 758 Chalcidenses
639 716 799 763 vocati3
831 715 865 739 ³³
878 731 1058 771 quorum
1089 716 1241 772 legatio
1271 716 1360 772 ipso
1389 716 1580 765 introitu,
1601 717 1655 757 ob
1684 715 1730 757 id

105 780 152 801 ses
167 769 270 811 legati.
319 774 434 829 quod
470 773 644 814 Mic-tioc
679 772 869 830 princeps
905 788 1047 813 eorum
1087 774 1265 828 pedibus
1304 782 1451 829 captus
1485 773 1630 814 lectica
1669 781 1732 813 est

318 830 554 881 introlatus,
577 830 738 871 ultimae
772 828 1025 870 necessitatis
1057 829 1266 886 extemplo
1295 830 1383 870 visa
1414 845 1501 870 res:
1533 829 1565 853 ³4
1580 829 1621 870 in
1646 844 1732 885 qua

320 887 379 928 ita
397 887 562 928 adfecto
583 886 794 928 excusatio
814 886 1079 936 valetudinis,
1096 894 1169 927 aut
1190 902 1242 926 ne
1262 887 1339 942 ipsi
1361 887 1530 942 quidem
1551 885 1733 942 petenda

107 953 247 998 Qruerelae
268 953 306 984 de
319 943 406 984 visa
426 944 549 994 foret,
572 952 645 985 aut
666 944 765 985 data
793 942 951 998 petenti
972 958 1054 984 non
1076 951 1192 984 esset.
1255 944 1395 993 Quum
1427 943 1503 983 sibi
1525 943 1627 983 nihil
1647 941 1732 983 vivi

105 996 194 1037 Mag.
212 997 303 1027 Rom.
318 1001 542 1056 reliquum,
563 1009 843 1056 praeterquam
873 999 1059 1055 linguam
1090 1000 1144 1040 ad
1174 1000 1448 1056 deplorandas
1477 999 1623 1055 patriae
1645 1013 1732 1040 suae

319 1057 587 1107 calamitates,
609 1057 811 1113 praefatus
846 1064 964 1106 esset,
996 1056 1188 1112 exposuit
1219 1056 1397 1097 civitatis
1431 1057 1613 1112 primum
1646 1071 1731 1097 suae

319 1114 549 1165 benefacta,
572 1122 613 1155 et
643 1122 798 1163 vetera,
832 1122 872 1154 et
908 1128 968 1163 ea,
1003 1128 1100 1168 quae
1131 1113 1269 1154 Persei
1300 1113 1409 1154 bello
1443 1112 1733 1169 praestitissent

320 1171 498 1212 ducibus
533 1170 868 1226 exercitibusque
900 1170 1122 1217 Romanis:
1156 1178 1246 1211 tum
1277 1185 1374 1225 quae
1406 1170 1541 1225 primo
1573 1171 1620 1211 C.
1644 1170 1733 1210 Lu-

320 1227 472 1269 cretius
502 1227 544 1267 in
576 1227 798 1283 populares
829 1242 924 1267 suos
954 1227 1109 1282 praetor
1132 1227 1347 1267 Romanus
1380 1227 1571 1282 superbe,
1594 1241 1731 1276 avare,

320 1284 543 1325 crudeliter
573 1284 757 1324 fecisset:
792 1283 939 1324 deinde
971 1299 1065 1338 quae
1096 1292 1187 1325 tum
1217 1300 1311 1324 cum
1343 1284 1520 1324 maxime
1547 1284 1597 1324 L.
1622 1284 1735 1323 Hor-

320 1341 476 1381 tensius
505 1341 670 1381 faceret.
733 1340 1096 1390 Quemadmodum
1117 1340 1254 1381 omnia
1284 1340 1376 1391 sibi,
1398 1340 1521 1381 etiam
1550 1340 1612 1390 iis,
1635 1354 1733 1395 quae

316 1397 546 1452 patiantur,
578 1397 773 1446 tristiora,
804 1397 1001 1452 patienda
1035 1413 1120 1437 esse
1156 1398 1311 1438 ducant
1346 1397 1501 1453 potius,
1532 1412 1659 1452 quam
1692 1412 1734 1437 se

314 1453 469 1495 dedant
494 1453 621 1494 Persi.
687 1453 805 1502 Quod
824 1455 880 1494 acl
902 1454 1131 1494 Lucretium
1153 1455 1496 1508 Hortensiumque
1515 1455 1733 1503 adtineret,

266 1557 271 1561 .
309 1514 424 1560 scire,
448 1511 715 1565 tatinsfuisse
734 1512 920 1551 claudere
938 1518 1091 1564 portas,
1110 1525 1227 1565 quam
1246 1513 1289 1551 in
1309 1511 1440 1551 arbem
1455 1526 1518 1551 eos
1538 1511 1732 1564 accipere.

309 1567 343 1591 5⁵
355 1567 465 1616 Quid
491 1569 744 1608 exclusissent
775 1582 850 1616 eos,
874 1569 1127 1619 Emathiam,
1155 1568 1443 1622 Amphipolim,
1470 1570 1730 1618 Maroneam,

313 1626 481 1674 AEnwn,
512 1626 724 1666 incolumes
751 1639 858 1665 esse:
889 1626 1002 1678 apud
1031 1640 1072 1665 se
1098 1627 1248 1678 templa
1282 1626 1461 1666 omnibns
1487 1627 1734 1666 ornamentis

311 1683 529 1735 compilata
546 1705 558 1727 ,·
603 1681 637 1704 ³⁶
649 1683 904 1735 spoliataque
942 1683 1190 1736 sacrilegiise
1227 1684 1274 1724 C.
1298 1683 1530 1722 Lucretium
1565 1682 1734 1723 navibus

312 1739 481 1779 Antium
503 1740 716 1787 devexisse,
739 1739 867 1778 libera
897 1753 1065 1791 corpora
1087 1741 1130 1779 in
1149 1741 1375 1780 servitutem
1397 1739 1580 1792 abrepta,
1586 1739 1732 1793 fortu-

312 1810 387 1836 nas
406 1797 598 1836 sociorum
625 1797 771 1849 populi
794 1794 974 1836 Romani
1004 1797 1185 1848 direptas
1211 1811 1304 1845 esse,
1328 1803 1365 1837 et
1386 1797 1565 1850 qnotidie
1586 1797 1732 1849 diripi.

345 1853 438 1904 ⁷am,
466 1867 514 1893 ex
546 1854 731 1893 instituto
763 1854 808 1895 C.
834 1853 1030 1902 Lucretii,
1060 1854 1322 1894 Hortensium
1355 1868 1507 1907 quoqne
1540 1854 1584 1893 in
1619 1855 1734 1894 tectis

311 1910 438 1949 hieme
451 1911 617 1963 pariter
637 1916 758 1963 atque
777 1916 918 1950 a’state
938 1912 1101 1951 navales
1117 1912 1242 1952 socios
1257 1910 1418 1961 habere,
1431 1917 1469 1952 et
1490 1912 1622 1951 domos
1642 1925 1734 1951 suas

304 1968 453 2019 plenas
473 1967 590 2007 turha
608 1968 773 2007 nautica
794 1982 874 2008 esse
887 1989 901 2014 ;
925 1969 1081 2008 versari
1101 1969 1209 2008 inter
1228 1982 1280 2016 se,
1298 1967 1494 2022 conjuges,
1511 1967 1734 2022 liberosque

311 2038 414 2074 suos,
432 2023 469 2056 -57
482 2025 623 2078 quihus
644 2025 750 2064 nillil
770 2038 895 2078 neque
915 2026 1046 2065 dicere
1062 2027 1194 2079 pensi,
1216 2039 1340 2079 neque
1344 2026 1506 2079 facere.

684 2125 699 2142 ⁰
716 2123 839 2154 Mictz'on
856 2124 951 2154 Gron.
968 2123 1057 2155 Crev.

357 2122 372 2145 b
387 2124 462 2153 inter
478 2114 577 2153 τ«Ξῖ-οτι.
1169 2124 1184 2147 d
1204 2125 1277 2158 Quae
1294 2124 1390 2155 Gron.

312 2176 337 2194 c>
347 2166 427 2207 ilegiz'
442 2165 530 2196 Crev-

357 2252 397 2281 32
422 2251 508 2281 Intra
532 2253 667 2290 prasi-iia
693 2252 785 2293 regis]
823 2252 872 2282 Sic
903 2252 1001 2293 prima

314 2292 418 2328 editio,
441 2298 519 2324 teste
542 2294 690 2330 Hearnio,
713 2295 822 2324 melius
846 2305 950 2334 quam,
967 2300 1001 2324 ut

314 2336 505 2371 recentiores,
536 2339 611 2366 inter·
634 2339 780 2376 praesidia.
835 2337 910 2368 Vid.
938 2343 1000 2368 not.

316 2378 367 2408 40.
383 2378 458 2409 adl.
474 2379 669 2409 XXXVIII.
683 2389 709 2409 e.
727 2381 777 2409 11.

358 2422 398 2451 33
424 2421 553 2454 Quorum
583 2422 688 2461 legatio
715 2422 771 2461 ipso
800 2423 927 2452 introitu,
944 2444 951 2451 .
969 2443 999 2452 .-

313 2464 429 2494 vltimce
463 2465 635 2493 necessitatis
671 2465 807 2503 extemplo
844 2467 903 2495 risa
940 2465 998 2505 res]

316 2506 393 2536 Haec
423 2506 510 2536 nobis
538 2506 650 2546 pingue
675 2506 822 2546 quiddam
850 2512 881 2537 et
907 2507 1001 2537 inele-

315 2559 392 2589 gans
425 2548 573 2579 redolent.
639 2549 783 2579 Libenter
819 2549 998 2590 legeremus,

316 2591 418 2621 deleta
444 2601 517 2622 voce
544 2591 666 2629 legatio:
705 2591 835 2625 Quorum
868 2594 924 2630 ipso
955 2595 999 2621 ἰη-

317 2636 411 2664 !ro'itu
435 2656 442 2663 .
462 2656 470 2664 .
491 2656 499 2664 .
520 2634 630 2663 ultima*
659 2636 831 2664 necessitatis
865 2636 1001 2673 ertemplo

317 2678 376 2706 risa
398 2688 456 2706 res:
479 2676 523 2706 ita
544 2681 577 2706 ut
601 2676 634 2706 τὸ
648 2688 768 2715 quorum
793 2676 939 2718 penderet
961 2677 1000 2706 ab

317 2718 364 2748 liis
379 2719 477 2749 verbis
491 2721 548 2759 ipso
560 2720 697 2749 intro'itn.

361 2762 476 2791 airh
505 2762 577 2802 qua]
615 2761 770 2798 Quoniam
805 2761 846 2791 ita
875 2760 1001 2791 affectus

318 2808 441 2843 tamque
456 2805 535 2835 male
550 2815 581 2834 se
596 2804 721 2840 liabens,
739 2810 796 2834 aut
814 2804 877 2845 ipse
895 2809 998 2844 pelen—

319 2845 389 2875 dam
420 2857 480 2877 non
509 2847 710 2879 existimasset
740 2857 757 2877 a
783 2846 900 2877 civibus
926 2846 999 2882 suis,

1500 2128 1515 2145 e
1530 2124 1673 2164 spoliaque
1686 2134 1731 2154 sa—

1045 2257 1098 2282 aut
1132 2257 1239 2293 petens
1271 2263 1332 2283 non
1367 2251 1568 2293 impetrasset,
1602 2262 1729 2282 excusa-

1044 2294 1125 2325 tione
1160 2295 1354 2329 valetudinis,
1382 2294 1503 2325 veniam
1540 2293 1631 2333 hujus
1665 2300 1730 2325 tam

1044 2337 1128 2378 longi
1159 2343 1282 2378 tamque
1315 2337 1457 2368 laboriosi
1484 2336 1634 2367 Chalcide
1663 2337 1729 2368 Ro-

1044 2390 1126 2410 mam
1141 2380 1267 2410 itineris.

1087 2423 1128 2453 35
1153 2423 1211 2456 Qui
1247 2423 1427 2453 exclusissent
1464 2422 1521 2461 eos]
1570 2422 1648 2452 Haec
1684 2427 1731 2453 est

1045 2470 1132 2495 vetus
1157 2465 1257 2495 lectio.
1301 2465 1443 2505 Sigonius
1468 2464 1527 2504 legi
1546 2463 1636 2504 jussit
1657 2475 1729 2504 quae,

1046 2511 1205 2549 propterea
1219 2508 1300 2548 quod
1317 2507 1442 2538 nomina
1463 2507 1584 2537 urbium
1599 2517 1729 2548 sequan-

1042 2555 1100 2580 tur.
1145 2550 1204 2579 Sed
1238 2561 1349 2580 novum
1380 2560 1441 2580 non
1468 2554 1514 2580 est
1542 2550 1631 2580 urbes
1657 2550 1730 2591 poni

1042 2603 1096 2634 pro
1110 2592 1236 2622 civibus.

1085 2635 1126 2665 36
1150 2635 1299 2674 Spoliaqne
1329 2634 1489 2675 sacrilegii]
1527 2635 1619 2665 Hanc
1647 2635 1726 2666 Gro-

1043 2677 1124 2707 novii
1144 2677 1390 2708 emendationem
1413 2676 1536 2707 admisit
1558 2677 1588 2707 in
1610 2683 1728 2707 textum

1046 2719 1192 2750 Clericus.
1251 2720 1355 2760 Vulgo
1396 2721 1570 2760 spoliataque
1614 2722 1728 2751 sacrile-

1042 2773 1109 2803 gns.

1086 2806 1126 2834 37
1153 2805 1262 2839 Quibus
1291 2805 1365 2834 niihil
1395 2816 1483 2845 neque
1515 2807 1608 2836 dicere
1638 2808 1730 2845 pensi,

1045 2859 1132 2887 neque
1148 2848 1268 2888 sesae]
1305 2848 1386 2888 Lege
1408 2858 1477 2879 cum
1501 2848 1642 2890 Sigouio:
1667 2850 1730 2888 qui-
