1826 3149
324 118 396 152 118

114 228 153 258 U.
171 227 290 258 0583.
322 224 392 255 libri
416 223 589 260 traduntur,
605 223 644 255 ad
668 223 854 255 Clondicum
878 225 1006 255 Bastar-

112 271 153 301 A.
169 270 205 301 C.
220 270 290 300 169.

324 277 433 298 narum
466 267 575 299 ducem
606 278 623 298 a
654 267 740 298 Livio
772 267 962 297 nominatum
984 266 1007 296 l.

324 311 394 341 XL.
415 321 441 340 c.
457 312 507 341 58.
530 309 681 341 retulerit:
713 320 804 351 quem
825 309 858 339 in
880 308 1007 339 Paeonia

324 353 429 383 fecisse
457 353 590 394 aliquem
618 358 733 383 motum
755 352 950 386 existimavit,
976 356 1006 381 et

325 396 367 426 ibi
390 395 604 437 interemptum
628 405 703 426 esse.
753 396 800 425 Ea
824 394 917 435 igitur
938 404 1006 436 quae

326 439 366 469 ad
404 439 491 469 illum
528 438 711 469 Clondicum
746 442 928 479 spectarent,
959 437 1007 468 hic

324 482 473 512 excidisse
500 481 628 523 putavit.
686 480 746 511 Sed
782 491 876 521 quum
912 481 1008 510 multo

325 525 511 566 probabilior
534 525 582 558 sit,
608 529 641 554 ut
670 533 763 564 supra
784 524 1008 557 annotavimus,

327 567 365 598 ‹le
394 567 524 599 Olonico
559 567 734 607 conjectura
771 567 928 602 Gronovii,
957 566 1008 607 qui

324 611 412 641 illum
434 610 575 641 eumdem
589 620 653 640 esse
672 620 741 640 cum
765 609 846 640 Flori
867 609 1009 640 Salondi-

325 665 361 684 co
376 654 538 684 arbitratus
560 658 615 689 est,
631 653 718 684 nulla
740 652 812 684 satis
835 652 946 684 idonea
960 662 1007 683 ra-

503 115 648 153 TITI
686 115 860 153 LIVII
895 115 1016 152 LIB.
1038 113 1198 152 XLIII.
1236 113 1367 150 CAP.
1398 111 1555 149 XXIII.

1050 223 1131 254 tione
1155 222 1274 253 videtur
1297 227 1399 253 motus
1426 230 1491 252 esse
1519 219 1670 261 Sigonius,
1697 224 1732 250 ut

1049 266 1191 297 mutilum
1218 266 1268 296 hic
1294 276 1360 297 esse
1386 264 1498 296 librum
1528 263 1734 293 arbitraretur.

1050 308 1197 349 Dujatius
1241 308 1358 349 Sigonii
1405 305 1585 338 auctoritate
1633 311 1734 336 motus

1048 351 1178 382 credidit
1190 355 1220 381 et
1240 351 1304 392 ipse
1326 351 1375 381 hic
1398 349 1515 391 aliquid
1535 348 1735 383 intercidisse,

1050 393 1235 435 inseruitque
1247 394 1306 424 hoc
1329 394 1396 424 loeo
1417 392 1605 433 rogationem
1628 401 1647 421 a
1668 392 1733 423 Vo-

1049 436 1138 467 conio
1175 437 1399 478 promulgatam
1436 441 1466 466 et
1504 434 1652 476 perlatam
1695 434 1735 465 de

1050 479 1225 511 coercendis
1289 479 1447 509 mulierum
1506 477 1736 508 hereditatibus.

1053 522 1113 553 Sed
1141 522 1180 552 de
1206 522 1272 563 lege
1297 522 1437 552 Voconia
1463 524 1567 561 egerat
1590 519 1696 550 Livius
1715 520 1738 550 l.

1054 566 1140 596 XLI.
1155 570 1189 595 ut
1210 569 1336 606 apparet
1349 575 1386 594 ex
1407 563 1538 606 epitome
1559 562 1641 592 illius
1654 563 1735 594 libri.

1054 608 1215 639 Credimus
1236 607 1328 648 igitur
1350 607 1425 638 nihil
1446 618 1484 639 ex
1505 606 1566 637 fine
1587 605 1679 647 hujus
1697 605 1735 636 li-

1052 651 1098 682 bri
1113 651 1239 682 XLIII.
1252 650 1384 693 periisse.
