1826 3149
320 86 395 121 222
870 78 1183 121 EPITOMAE

317 204 493 246 rumque,
515 204 633 246 quam
652 191 971 246 magistratuum,
979 189 1054 246 jus
1072 189 1279 245 potentius
1290 188 1403 245 fuit.
1461 187 1550 230 Lex
1575 187 1625 228 de
1643 198 1730 227 am-

316 248 405 292 bitu
427 249 529 291 lata.
587 249 780 291 Lustrum
809 262 836 288 a
864 247 1090 289 censoribus
1116 248 1318 288 conditum
1347 252 1417 288 est.
1477 246 1607 288 Censa
1634 247 1728 284 sunt

318 306 462 347 civium
481 307 621 360 capita
640 312 817 347 trecenta
832 305 1008 359 triginta
1027 310 1113 345 octo
1132 305 1277 354 millia,
1293 309 1471 346 trecenta
1487 301 1723 357 quatuorde-

318 363 408 405 cim.
466 365 667 416 Princeps
693 368 854 404 senatus
882 361 1004 403 lectus
1022 361 1220 403 AEmilius
1237 362 1435 415 Lepidus.
1492 359 1610 401 Inter
1629 358 1731 400 Pto-

318 421 473 462 lemaeos
489 420 670 475 fiatres,
691 420 763 474 qui
781 418 1043 469 dissidebant,
1048 419 1191 473 soedus
1220 419 1353 470 ictum,
1374 425 1419 459 ut
1447 418 1554 459 alter
1583 417 1628 456 in
1647 413 1730 454 AE-

312 485 456 534 gypto,
476 474 583 518 alter
604 477 773 532 Cyrenis
798 483 1006 532 regnaret.
1064 476 1324 525 Ariarathes,
1347 474 1622 529 Cappadocia?
1644 485 1731 520 rex,

319 536 487 576 consilio
501 535 719 582 Demetrii,
735 534 842 588 regis
856 534 1000 589 Syriae,
1018 539 1056 574 et
1076 533 1228 575 viribus
1239 534 1380 587 pulsus
1399 546 1534 587 regno,
1548 545 1575 571 a
1590 533 1733 572 senatu

319 593 526 633 restitutus
542 597 613 633 est.
669 590 798 632 splissi
816 605 843 631 a
866 597 1021 641 senatu,
1044 592 1115 645 qui
1134 592 1242 631 inter
1262 590 1529 631 Masinissam
1557 594 1597 629 et
1619 586 1732 627 Kar-

318 649 591 702 thaginienses
609 649 659 690 de
677 662 784 704 agro
789 646 1038 702 judicarent.
1099 649 1148 690 C.
1165 647 1355 689 Marcius
1382 647 1517 689 consul
1544 646 1735 686 adversus

317 706 540 747 Dalmatas
550 719 700 759 parum
720 720 916 759 prospere
931 706 1124 759 primum,
1137 711 1281 759 postea
1289 703 1475 757 feliciter
1501 701 1701 758 pugnavit
1714 721 1730 746 ;

316 777 400 803 cum
421 762 561 817 quibus
586 763 688 804 bello
710 762 954 819 confligendi
981 777 1122 803 caussa
1134 762 1244 817 fuit,
1267 763 1373 817 quod
1391 762 1573 817 Illyrios,
1587 756 1736 813 populi

317 821 500 861 Romani
531 821 669 869 socios,
710 825 969 861 vastaverant
980 835 996 868 ,-
1041 821 1292 873 eamdemque
1327 825 1485 873 gentem
1522 815 1735 860 Cornelius

318 875 476 918 Nasica
495 879 630 918 consul
658 878 825 918 domuit.
888 876 941 926 Q,
966 876 1151 930 Opimius
1178 877 1314 917 consul
1339 875 1635 928 Transalpinos
1657 871 1733 912 Li-

313 948 447 989 gures,
468 935 541 989 qui
559 935 880 976 Massiliensium
896 935 1063 988 oppida,
1081 933 1308 987 Antipolim
1329 940 1367 974 et
1383 932 1582 983 Nica‘am,
1598 934 1734 971 vasta-

317 992 430 1041 bant,
449 991 616 1046 subegit.
649 992 860 1033 Praeterea
879 1006 942 1032 res
964 992 1008 1032 in
1024 991 1243 1045 Hispania
1263 1005 1290 1031 a
1309 989 1573 1044 compluribus
1584 999 1736 1041 parum

310 1063 509 1102 prospere
522 1055 658 1102 gestas
676 1049 867 1090 continet.
912 1047 1127 1090 ⁵Consules
1146 1061 1254 1088 anno
1274 1047 1588 1102 quingentesimo
1607 1057 1736 1084 nona-

315 1106 467 1160 gesimo
485 1112 627 1147 octavo
654 1106 706 1146 ab
725 1105 822 1146 urbe
846 1106 1011 1147 condita
1041 1107 1333 1160 magistratum,
1347 1105 1530 1159 peractis
1547 1101 1734 1149 comitiis,

320 1163 639 1216 insequentisque
667 1163 772 1203 anni
797 1163 1020 1204 consulibus
1042 1163 1203 1211 creatis,
1226 1163 1334 1203 inire
1361 1167 1578 1215 coeperunt.
1636 1158 1738 1199 Mu-

319 1221 441 1261 tandi
457 1220 623 1260 comitia
642 1233 782 1262 caussa
783 1219 895 1274 suit,
917 1221 1025 1274 quod
1041 1220 1233 1273 Hispani
1251 1219 1514 1260 rebellabant.
1570 1216 1738 1272 Legati,

320 1278 379 1317 ad
405 1277 707 1330 disceptandum
737 1277 846 1318 inter
865 1277 1132 1318 Masinissam
1157 1283 1195 1318 et
1217 1277 1584 1332 Karthaginienses
1612 1273 1738 1322 missi,

321 1335 671 1384 renunciaverunt,
693 1334 771 1375 vim
799 1334 957 1375 navalis
976 1335 1156 1375 materioe
1180 1348 1222 1375 se
1239 1334 1500 1389 Karthagine
1519 1331 1738 1386 deprehen-

321 1392 438 1432 disse.
467 1391 640 1444 Aliquot
653 1397 864 1445 praetores,
882 1404 908 1432 a
916 1392 1146 1446 provinciis
1164 1391 1357 1433 avaritiae
1374 1391 1534 1432 nomine
1547 1388 1740 1437 accusati,

322 1447 509 1489 damnati
527 1453 631 1490 sunt.

895 1611 1170 1666 XLVIII.

382 1760 572 1801 Lustrum
605 1773 633 1800 a
665 1757 892 1800 censoribus
924 1760 1124 1800 conditum
1162 1764 1234 1800 est.
1295 1760 1427 1801 Censa
1464 1764 1557 1800 sunt
1594 1759 1740 1800 civium

324 1818 464 1871 capita
498 1823 676 1858 trecenta
708 1817 859 1871 viginti
890 1822 1063 1870 quatuor
1095 1816 1241 1857 millia.
1299 1816 1463 1857 Semina
1498 1816 1615 1857 tertii
1644 1816 1742 1858 belli

327 1875 480 1917 Punici
498 1875 740 1929 referuntur.
803 1873 929 1921 Quum
950 1874 993 1914 in
994 1873 1156 1926 finibus
1174 1873 1580 1928 Karthaginiensium
1600 1874 1743 1928 ingens

328 1932 594 1972 Numidarum
626 1931 836 1981 exercitus,
868 1931 964 1971 duce
996 1930 1321 1982 ⁶Ariobarzane,
1353 1929 1548 1985 Syphacis
1580 1937 1738 1984 nepote,

326 1988 527 2029 diceretur
552 2002 646 2039 esse,
668 1989 735 2029 M.
762 1988 930 2029 Porcius
952 1989 1058 2030 Cato
1085 1989 1227 2037 suasit,
1249 1993 1292 2028 ut
1311 1987 1739 2042 Karthaginiensibus,

327 2059 444 2099 quum
465 2045 801 2096 Ariobarzanem,
820 2046 951 2098 specie
977 2051 1120 2086 contra
1142 2045 1408 2088 Masinissam
1437 2058 1582 2100 regem,
1600 2046 1670 2086 sed
1697 2060 1743 2087 re

328 2116 425 2144 vera
443 2109 586 2143 contra
605 2103 824 2151 Romanos,
845 2103 1021 2142 adcitum
1053 2103 1097 2143 in
1107 2103 1269 2156 finibus
1290 2101 1495 2151 haberent,
1516 2102 1657 2143 bellum
1678 2103 1743 2143 in-

328 2161 545 2201 diceretur.
597 2160 911 2202 contradicente
928 2161 983 2200 P.
1001 2160 1193 2202 Cornelio
1213 2159 1382 2208 Nasica,
1396 2159 1572 2212 placuit,
1591 2160 1745 2212 legatos

328 2218 438 2258 mitti
456 2217 767 2270 Karthaginem,
790 2217 861 2270 qui
887 2217 1203 2270 specularentur,
1225 2216 1326 2271 quid
1346 2221 1544 2270 ageretur.
1606 2217 1745 2258 Casti-

323 2280 425 2329 gato
443 2280 586 2316 senatu
604 2274 1025 2328 Karthaginiensium,
1042 2275 1150 2328 quod
1166 2280 1308 2315 contra
1315 2271 1454 2325 saedus
1472 2278 1512 2313 et
1530 2274 1745 2314 exercitum

330 2337 369 2372 et
389 2332 555 2372 navales
582 2331 776 2372 materias
804 2330 1012 2383 haberent,
1025 2345 1167 2385 pacem
1197 2332 1305 2372 inter
1329 2343 1394 2371 eos
1413 2335 1451 2371 et
1478 2329 1744 2372 Masinissam

333 2466 397 2490 tum
421 2470 547 2490 sacrum.
591 2459 704 2500 Itaque
730 2469 825 2500 quum
850 2465 924 2490 vett.
949 2459 1016 2491 edi·
1058 2471 1112 2501 qve
1130 2462 1203 2491 anni
1229 2460 1392 2492 consulibus
1415 2461 1530 2496 creatis,
1551 2461 1627 2491 inire
1650 2471 1740 2499 coepe-

332 2503 431 2533 tiones
452 2508 483 2533 et
505 2501 624 2543 aliquot
646 2502 751 2544 scripti
775 2501 940 2544 praeferant
962 2503 1015 2533 Sa·
1057 2503 1147 2545 runt]
1177 2503 1273 2534 Illurn
1295 2512 1410 2533 annum
1432 2511 1628 2534 numeramus
1649 2503 1741 2544 quin-

332 2556 449 2576 ενοι-ατη
490 2555 598 2585 qnoque
636 2547 873 2586 magistratuum,
910 2555 1015 2576 emen·
1058 2545 1261 2587 gentesimum
1293 2544 1526 2585 nonagesimum
1557 2555 1673 2577 nonum
1701 2546 1741 2577 ab

333 2588 389 2619 dat
422 2587 476 2619 ille
503 2587 711 2626 Summumque
744 2598 830 2627 quam
861 2589 1017 2630 magistra·
1059 2599 1092 2619 u.
1106 2599 1135 2619 e.
1179 2587 1292 2619 Cetera
1306 2598 1377 2628 quae
1399 2586 1450 2617 hic
1464 2587 1608 2629 leguntur
1627 2587 1741 2631 partim

334 2638 419 2661 tuum
424 2633 479 2670 jus
490 2631 634 2669 potentius
643 2630 731 2670 suit.-
754 2634 848 2670 atque
862 2629 907 2660 ita
921 2630 1016 2661 eden·
1058 2631 1198 2665 obscura,
1213 2629 1324 2672 partim
1339 2629 1433 2661 etiam
1445 2630 1527 2662 falsa
1540 2636 1620 2662 sunt.
1664 2630 1739 2663 Vid.

335 2673 410 2704 dum
445 2672 574 2704 curavit.
616 2671 717 2702 Nobis
751 2671 918 2713 probabilis
945 2672 1018 2704 licet
1058 2673 1137 2705 infra
1151 2683 1179 2704 c.
1193 2673 1246 2704 36.

335 2715 513 2757 conjectura
534 2725 595 2746 non
617 2714 687 2745 ideo
709 2719 814 2745 tamen
836 2715 868 2745 in
891 2718 1018 2746 contex-
1103 2716 1124 2746 6
1145 2716 1362 2748 Archobarzane
1382 2716 1471 2756 duce]
1494 2714 1627 2757 Aliquot
1645 2715 1742 2746 MSS.

336 2764 402 2789 tum
417 2757 610 2789 admittenda
624 2756 690 2789 visa
704 2762 761 2788 est.
1061 2769 1080 2789 a
1108 2758 1265 2791 Gronovio
1295 2758 1425 2801 inspecti
1446 2758 1573 2790 ‚habent
1600 2759 1741 2789 Ariobar-

379 2802 400 2831 5
422 2802 561 2833 Consules
582 2811 658 2831 anno
679 2800 752 2831 598.
767 2800 803 2830 ab
816 2811 847 2830 ιι.
860 2810 886 2830 c.
909 2801 1015 2842 magis·
1059 2812 1139 2833 zane-

337 2850 457 2881 mamm,
492 2845 615 2885 peractis
657 2844 788 2880 comitiis,
829 2844 1014 2884 insequentis-
