1831 3194
584 309 1093 377 INDEX

802 465 854 495 IN

331 586 407 638 TI
414 586 490 638 TI
528 586 721 640 LIVII
764 588 1322 642 HISTORIARUM

707 734 950 776 LIBROS.

632 869 1023 895 ffssffl

440 988 464 1014 A
471 1008 479 1016 .

111 1058 268 1104 ABACI
285 1086 354 1105 cum
377 1077 445 1105 aliis
468 1078 558 1106 luxus
581 1079 800 1110 instrumentis

152 1119 287 1157 primum
310 1120 440 1149 Romam
458 1122 592 1159 advecti,
608 1128 663 1160 39,
683 1126 713 1153 6.

107 1162 213 1199 Abba,
232 1164 305 1192 urbs
322 1163 450 1200 Africae,
468 1168 521 1198 80,
541 1170 570 1196 7.

108 1206 282 1240 Abbassus‚
300 1208 464 1245 oppidum,
480 1212 534 1243 38,
557 1213 605 1238 15.

106 1249 244 1286 Abdera,
261 1252 424 1288 oppidum,
439 1254 494 1287 45,
514 1255 566 1282 29.

106 1293 267 1322 Abderitae
292 1299 468 1331 queruntur
490 1296 571 1333 apud
597 1298 740 1325 senatum
765 1296 802 1325 de

149 1337 334 1366 crudelitate
352 1338 530 1375 Hortensii,
547 1342 578 1368 et
592 1339 624 1368 in
642 1340 800 1379 integrum

149 1380 373 1417 restituuntur,
391 1386 444 1418 43,
462 1384 491 1410 6.

106 1423 327 1453 Abderitarum
346 1434 430 1464 ager,
449 1429 504 1461 38,
521 1430 573 1454 41.

105 1467 240 1503 Abelox‚
260 1468 375 1496 nobilis
397 1470 529 1507 Sagun‘i
549 1469 725 1507 Hispalim,
744 1468 799 1496 ob-

149 1511 229 1539 sides
256 1511 472 1550 Hispanorum
502 1512 644 1550 Sagunto
671 1513 800 1541 eductos

148 1554 245 1583 tradit
261 1555 423 1587 Romanis,
443 1559 494 1588 22,
514 1560 563 1583 22.

104 1597 294 1636 Aborigines
313 1598 496 1636 junguntur
512 1599 628 1626 foedeie
640 1598 798 1635 Troianis,

152 1645 181 1677 1,
205 1645 230 1671 1.
247 1645 398 1679 petuntur
417 1642 509 1676 bello,
526 1642 698 1679 ducemque
715 1642 800 1670 Lati-

148 1694 222 1713 num
240 1685 406 1720 amittunt,
425 1689 454 1713 2.

103 1727 273 1766 Abrupolis
290 1738 384 1763 regno
405 1728 553 1766 expulsus
570 1737 585 1756 a
604 1728 727 1764 Perseo,
743 1731 797 1763 42,

152 1775 200 1800 13.
218 1775 269 1800 40.

106 1816 141 1844 C.
159 1815 312 1850 Aburius,
336 1814 457 1853 legatus
482 1815 519 1843 ad
542 1813 742 1843 Masinissam
766 1817 797 1842 et

149 1858 440 1896 Carthaginienses,
455 1862 510 1894 42,
529 1862 582 1888 35.

103 1902 150 1931 Μ.
174 1902 329 1937 Aburius,
356 1901 504 1930 tribunus
539 1901 651 1940 plebis,
678 1909 796 1929 moram

147 1944 235 1973 affert
253 1945 296 1973 Μ.
314 1945 427 1974 Fulvio
449 1945 644 1984 triumphum
663 1944 795 1981 petenti,

146 1992 200 2021 39,
218 1993 249 2017 4.
266 1992 391 2025 praetor,
408 1992 462 2022 41,
483 1992 530 2017 18.
543 1987 796 2025 jurisdictionem

147 2031 229 2059 inter
245 2032 425 2070 peregrinos
442 2032 585 2068 sortitur,
606 2035 654 2062 19.

103 2074 248 2112 Abydus,
272 2073 471 2113 Hellesponti
495 2074 582 2107 urbs,
599 2079 653 2108 32,
669 2077 723 2102 33.
741 2077 795 2106 33,

146 2121 199 2147 30.
213 2122 265 2147 38.
278 2121 460 2156 oppugnata
473 2127 490 2146 a
504 2118 661 2156 Philippo,
675 2120 729 2151 31,
749 2121 796 2145 14.

146 2164 174 2189 cl
194 2163 241 2189 16.
274 2161 418 2199 Abydeni
436 2161 468 2189 in
485 2161 600 2191 rabiem
619 2161 713 2196 versi,
733 2169 798 2188 sese

148 2213 203 2242 per
226 2212 334 2233 omnes
352 2205 416 2233 vias
439 2204 495 2233 leti
519 2204 726 2240 interficiunt,
747 2207 798 2240 17,

151 2251 199 2276 18.
245 2248 376 2286 Abydus
394 2252 578 2286 oppugnata
596 2256 614 2276 a
630 2247 796 2283 Romanis,

146 2295 203 2327 37,
217 2294 248 2321 9.
264 2300 291 2320 ef
313 2296 361 2320 12.
379 2292 567 2329 relinquitur
583 2290 717 2326 obsidio,
738 2294 788 2319 12.

102 2333 286 2370 Academia,
299 2335 496 2373 gymnasium
511 2334 659 2369 Athenis,
674 2338 729 2370 31,
746 2337 797 2362 24.

104 2378 270 2406 Acanthus
286 2378 360 2407 urbs
378 2379 407 2407 vi
430 2379 566 2418 capitur,
584 2387 618 2406 ac
639 2377 797 2416 diripitur,

147 2425 202 2457 31,
218 2425 270 2450 45.
296 2425 301 2430 ’

105 2465 286 2493 Acarnanes
313 2465 437 2494 diremti
463 2465 501 2493 ab
525 2464 648 2498 AEtolis,
671 2466 724 2500 26,
747 2468 798 2494 24.

148 2507 186 2536 ab
209 2507 325 2537 AEtolis
346 2508 420 2537 victi
445 2507 623 2545 Philippum
652 2508 798 2536 adversus

149 2560 201 2579 eos
222 2555 397 2586 arcessunt,
416 2555 466 2581 25.
484 2552 664 2589 conjurant,
683 2561 714 2579 se
739 2551 797 2580 nisi

148 2594 283 2624 victores
305 2604 342 2623 ex
365 2595 431 2624 acie
453 2604 517 2623 non
539 2595 706 2631 redituros,
724 2593 797 2622 ibid.

149 2637 272 2671 foederi‚
289 2647 359 2667 cum
381 2638 532 2667 Romanis
557 2638 650 2674 inito,
667 2638 705 2666 ab
724 2637 796 2665 Phi-

148 2680 233 2718 lippo
251 2681 444 2711 Macedoniae
469 2691 540 2721 rege
562 2681 797 2718 adscribuntur,

150 2728 205 2757 29,
227 2727 274 2752 12.

193 2766 234 2795 ob
261 2766 338 2795 duos
363 2767 510 2804 juvenes,
528 2767 562 2796 in
587 2767 708 2796 Cereris
733 2766 799 2795 Ini-

148 2809 201 2839 tiis
217 2810 255 2839 ab
268 2810 518 2841 Atheniensibus
533 2811 728 2848 interfectos,
742 2810 799 2839 At-

889 990 982 1017 ticam
1007 990 1239 1029 depopulantur
1263 993 1378 1022 auxilio
1396 995 1542 1025 Macedo-

890 1042 979 1068 num,
999 1037 1053 1069 31,
1077 1038 1123 1063 14.

934 1085 1039 1104 eorum
1055 1077 1222 1106 concilium
1240 1078 1412 1109 Leucadem
1431 1082 1542 1110 indici-

888 1122 953 1153 tur,
969 1123 1024 1156 33,
1046 1123 1094 1149 16.
1111 1125 1264 1158 respuunt
1282 1123 1462 1152 societatem
1479 1126 1543 1154 Ro-

888 1170 1024 1198 manam,
1049 1163 1119 1190 ibid.
1148 1164 1180 1192 in
1212 1165 1402 1195 deditionem
1434 1168 1541 1207 populi

888 1205 1025 1234 Romani
1044 1207 1189 1243 veniunt,
1210 1212 1257 1239 17.

930 1252 1096 1278 tentantur
1119 1250 1158 1279 ab
1175 1251 1350 1289 Antiocho,
1368 1257 1422 1287 36,
1446 1258 1495 1283 11.
1513 1259 1543 1284 ct

895 1296 943 1320 12.

932 1336 1135 1365 Acarnanum
1154 1337 1319 1373 factiones,
1337 1343 1391 1374 43,
1414 1344 1462 1370 19.

931 1388 1039 1408 eorum
1071 1380 1203 1409 concilio
1231 1381 1348 1410 Leucas
1379 1383 1541 1420 eximitur,

888 1425 943 1458 45,
961 1426 1013 1451 31.

845 1464 1024 1493 Acarnania
1039 1465 1121 1494 inter
1136 1466 1284 1496 AEtolian]
1302 1471 1396 1507 atque
1408 1469 1540 1508 Epirum

887 1509 1003 1545 posita,
1020 1513 1073 1541 33,
1097 1513 1142 1540 17.

845 1551 1045 1580 Acarnanum
1064 1558 1186 1589 portuS,
1206 1557 1259 1589 28,
1279 1557 1308 1583 7.

845 1595 993 1631 Accensi,
1014 1599 1041 1626 1.
1059 1600 1111 1624 43.
1130 1600 1159 1628 8,
1181 1601 1208 1625 8.

844 1638 960 1666 Accius
983 1638 1117 1674 Navius,
1133 1648 1244 1678 augur,
1261 1643 1360 1669 cotem
1388 1641 1540 1670 novacula

888 1682 1025 1718 discidit,
1045 1686 1072 1717 l,
1090 1685 1142 1711 36.

843 1725 951 1754 Accua
967 1726 1128 1763 oppidum,
1147 1726 1177 1753 vi
1195 1729 1334 1763 captum,
1353 1730 1406 1763 24,
1424 1731 1474 1756 20.

842 1768 956 1797 Vibius
975 1770 1139 1801 Accuaeus,
1155 1769 1218 1798 viil.
1234 1769 1356 1798 Vibius.

842 1812 965 1840 Acerrae
986 1813 1113 1850 direptae
1130 1817 1159 1840 et
1173 1812 1308 1841 incensat
1322 1823 1339 1842 a
1352 1813 1471 1851 Poenis,
1486 1817 1539 1851 23,

894 1859 941 1886 17.
960 1856 1185 1891 rcstituuntnr,
1202 1860 1255 1891 27,
1272 1860 1301 1885 3.

842 1899 1007 1928 Acerranis
1039 1899 1150 1928 civitas
1182 1899 1248 1927 sine
1276 1898 1423 1938 suffragio
1455 1900 1537 1934 daia,

887 1946 918 1976 s,
940 1946 985 1973 17.

842 1986 974 2022 Achaia,
993 1989 1047 2021 25,
1067 1989 1114 2013 15.
1131 1990 1185 2018 31,
1202 1988 1252 2014 26.

841 2029 949 2057 Atliaei
980 2029 1128 2057 auxilinm
1162 2029 1333 2067 impetrant.
1357 2038 1374 2057 a
1394 2029 1537 2067 Philippo

885 2077 995 2100 contra
1020 2072 1239 2100 Machanidam
1271 2077 1302 2101 ct
1328 2073 1465 2108 AEtolos,
1484 2077 1537 2109 27,

886 2120 935 2146 29.
951 2116 1094 2154 Philippo
1108 2116 1144 2144 ad
1159 2116 1276 2153 Dymas
1290 2121 1470 2152 occurrunt,
1483 2120 1535 2145 31.

885 2168 954 2187 cnm
983 2158 1096 2187 AEtolis
1124 2158 1270 2197 Eleisque
1300 2159 1338 2188 ad
1368 2160 1535 2188 Messenen

885 2211 1030 2240 prospere
1047 2206 1204 2240 pugnant,
1220 2207 1274 2231 32.

842 2245 1028 2274 Achaeorum
1046 2245 1212 2274 concilium
1231 2245 1327 2283 AEgii,
1344 2250 1398 2282 28,
1416 2250 1488 2276 7.et
1507 2249 1535 2273 8.

928 2292 960 2317 et
983 2289 1088 2327 Argis,
1113 2289 1166 2316 nbi
1191 2289 1227 2317 de
1250 2289 1330 2318 bello
1352 2290 1537 2319 consultant

889 2331 1034 2361 adversus
1051 2331 1171 2368 Nabin,
1187 2336 1241 2365 31,
1260 2336 1311 2361 25.

842 2375 950 2405 Achaei
969 2376 1164 2414 pepigerunt,
1181 2385 1213 2404 se
1229 2375 1398 2412 quotannis
1411 2375 1538 2411 juratu-

887 2428 937 2447 ros
954 2419 985 2448 in
1004 2419 1097 2448 verba
1113 2418 1263 2456 Philippi,
1281 2423 1335 2454 32,
1353 2423 1382 2448 5.
1399 2418 1436 2446 iis
1453 2428 1536 2456 quae-

887 2463 956 2490 dam
973 2463 1064 2491 urbes
1091 2463 1276 2497 redduntur,
1294 2462 1369 2491 ib‘d.
1385 2471 1436 2490 eos
1453 2471 1471 2490 a
1487 2471 1536 2489 so-

889 2506 1002 2534 cietate
1018 2505 1153 2544 Philippi
1177 2505 1329 2534 abducere
1352 2509 1485 2534 conatur
1499 2504 1536 2532 Τ.

887 2549 1058 2581 Quinctius
1072 2549 1198 2585 consul,
1218 2553 1265 2580 19.
1281 2552 1353 2586 post
1364 2549 1487 2582 longam
1505 2551 1537 2574 et

886 2592 1054 2631 ancipitem
1072 2592 1325 2621 deliberationem
1339 2590 1491 2620 Romanis
1505 2599 1536 2617 se

886 2635 1078 2674 adjungunt,
1099 2640 1151 2664 20.
1168 2640 1197 2663 st
1216 2645 1297 2674 seqq.

929 2679 1040 2718 proelio
1050 2679 1190 2708 fundunt
1202 2677 1467 2707 Androsthenem,
1480 2678 1537 2710 33,

891 2726 939 2751 14.
952 2732 1075 2751 omnem
1089 2731 1194 2751 eorum
1206 2730 1291 2750 orani
1303 2721 1427 2747 vastant
1439 2718 1534 2756 copim

888 2764 1039 2804 Philippi,
1058 2766 1132 2796 ibid.
1149 2765 1186 2794 iis
1202 2773 1263 2792 suae
1290 2762 1461 2791 redduntur
1484 2770 1534 2789 ure

888 2809 955 2845 bes,
967 2814 1019 2838 34.

942 2865 969 2890 Τ
991 2856 1015 2889 2
