1826 3149
133 183 174 214 U.
187 183 224 218 C.
237 183 308 214 583.

132 226 173 255 A.
187 226 223 256 C.
240 227 307 257 169.

131 268 323 300 BelliMace-

129 309 229 341 donici
246 312 299 343 ad-

129 359 263 393 paratus.

121 1539 276 1571 Ludorum

117 1583 298 1614 circensium

120 1626 318 1667 magnificen-

117 1673 170 1699 tia.

119 1711 159 1741 U.
174 1711 210 1741 C.
224 1713 296 1742 584.

117 1753 158 1785 A.
173 1753 210 1784 C.
226 1755 295 1785 168.

116 1796 151 1826 L.
169 1797 298 1828 AEmilio

118 1839 163 1868 11.
177 1840 214 1870 C.
229 1840 306 1872 Lici-

116 1881 166 1912 nio
182 1882 267 1914 Coss.

348 69 418 103 138
876 72 1009 112 T1T1
1050 74 1217 114 LIVII

401 174 580 216 XVIII.
633 178 860 236 Extemplo
898 182 1093 235 adparuit
1133 185 1340 236 omnibus,
1371 202 1451 228 non
1491 191 1670 244 segniter
1708 191 1752 233 id

342 229 496 271 bellum
519 233 570 273 L.
590 233 811 276 AEmilium
840 246 1084 291 gesturum3
1117 250 1396 298 praeterquam
1428 246 1543 301 quod
1563 247 1669 288 alius
1688 249 1752 288 vir

341 296 443 337 erat,
465 289 589 330 etiam
619 292 734 346 quod
756 292 842 333 dies
871 302 1096 350 noctesque
1125 297 1310 340 intentus
1329 316 1377 341 ea
1397 302 1495 352 sola,
1518 318 1614 358 quae
1634 304 1687 344 ad
1707 304 1752 344 id

341 343 495 385 bellum
517 348 784 402 pertinerent,
806 349 944 390 animo
970 353 1167 406 agitabat.
1226 356 1323 397 Jam
1354 359 1539 399 omnium
1569 360 1751 415 primum

340 414 366 440 a
385 410 529 458 senatu
551 404 671 458 petit,
694 413 742 445 ut
763 404 920 461 legatos
939 407 982 447 in
1006 409 1295 453 Macedoniam
1325 414 1537 457 mitterent
1564 416 1617 456 ad
1638 432 1752 457 exer-

339 457 448 498 citus
477 459 667 500 visendos
696 460 965 518 classemque,
987 472 1027 505 et
1055 477 1266 546 comperta
1293 470 1521 522 referenda,
1543 472 1649 528 quid
1678 481 1752 515 aut

340 516 605 556 terrestribus
634 524 707 558 aut
736 519 954 560 navalibus
983 522 1112 577 copiis
1163 539 1269 580 opus
1298 536 1426 569 esset:
1472 537 1674 584 praeterea
1703 538 1750 571 ut

339 570 602 625 explorarent
641 575 781 629 copias
819 576 968 631 regias,
1030 588 1206 621 uantum
1245 593 1426 637 possent,
1457 601 1626 641 quaque
1656 601 1750 642 pro-

339 626 474 667 vincia
497 636 650 680 nostra,
673 646 759 685 qua
785 631 969 674 hostium
1018 644 1128 678 oret:
1176 646 1320 679 utrum
1339 640 1450 681 intra
1469 641 1598 683 saltus
1618 651 1752 683 castra

341 683 518 724 Romani
540 684 754 738 haberent,
775 704 827 729 an
854 690 943 745 jam
963 706 1104 733 omnes
1124 696 1329 749 angustiae
1349 707 1624 753 exsuperatae,
1645 707 1686 740 et
1707 699 1750 740 in

339 755 461 793 acqua
490 740 579 782 loca
607 745 912 798 pervenissent:
959 748 1033 802 qui
1064 749 1205 791 fideles
1234 753 1352 793 nobis
1383 755 1494 804 socii,
1526 756 1600 810 qui
1630 754 1748 796 dubii

339 811 633 854 suspensaeque
663 815 714 841 ex
744 802 914 843 fortuna
943 804 1054 855 fidei,
1077 808 1151 861 qui
1181 809 1282 849 certi
1313 809 1451 851 hostes
1481 811 1746 853 viderentur:

337 854 485 907 quanti
507 858 731 911 praeparati
752 867 1020 911 commeatus,
1041 871 1082 903 et
1104 863 1214 904 unde
1245 868 1428 908 terrestri
1455 868 1615 918 itinere,
1638 869 1748 909 unde

338 910 514 950 navibus
535 913 905 968 subportarcntur:
937 915 1064 972 ⁵quid
1094 935 1142 960 ea
1170 930 1312 962 aestate
1343 931 1452 964 terra
1480 925 1667 979 marique
1688 938 1749 966 re-

338 981 431 1006 rum
452 976 663 1021 gestarum
685 980 812 1013 esset:
858 988 909 1013 ex
930 973 995 1014 his
1015 975 1118 1016 bene
1149 978 1325 1032 cognitis
1354 988 1466 1021 certa
1485 981 1527 1020 in
1554 981 1747 1022 futurum

336 1024 506 1064 consilia
534 1026 624 1081 capi
656 1042 774 1082 posse
804 1038 930 1070 ratus,
994 1032 1169 1074 Senatus
1191 1036 1266 1074 Cn.
1292 1036 1464 1077 Servilio
1493 1038 1650 1078 consuli
1680 1054 1749 1079 ne-

335 1080 498 1133 gotium
529 1081 660 1132 dedit,
683 1092 731 1124 ut
752 1085 786 1125 is
807 1086 848 1125 in
873 1087 1176 1140 Macedoniam,
1199 1107 1305 1146 quos
1328 1093 1377 1132 L.
1397 1094 1571 1134 AEmilio
1591 1095 1748 1136 videre-

337 1144 421 1186 tur,
453 1136 620 1192 legaret.
698 1140 847 1196 Legati
883 1143 1014 1184 biduo
1054 1155 1147 1201 post
1192 1147 1382 1203 profecti,
1425 1151 1500 1190 Cn.
1534 1151 1746 1193 Domitius

337 1192 658 1245 Ahenobarbus,
682 1198 735 1236 A.
760 1198 948 1240 Licinius
969 1202 1122 1253 Nerva,
1147 1204 1196 1243 L.
1222 1205 1402 1246 Baebius.
1464 1207 1536 1247 Bis
1564 1208 1607 1247 in
1628 1208 1744 1250 exitu

334 1249 431 1289 anni
462 1251 552 1305 ejus
582 1251 812 1307 lapidatum
843 1270 929 1297 esse
949 1259 1191 1300 nunciatum
1212 1269 1298 1309 est;
1345 1262 1387 1302 in
1410 1264 1600 1304 Romano
1629 1280 1745 1319 agm,

334 1304 481 1346 ⁶simul
502 1308 544 1347 in
563 1308 816 1351 Veientibus.
834 1314 1091 1355 novemdiale
1113 1331 1273 1358 sacrum
1294 1318 1450 1360 factum
1473 1329 1545 1361 est.
1608 1322 1746 1362 Sacer-

334 1361 452 1403 dotes
468 1379 516 1404 eo
531 1379 638 1406 anno
653 1368 807 1408 mortui
826 1378 936 1419 sunt,
957 1372 1003 1411 P.
1023 1373 1275 1421 Quinctilius
1292 1375 1441 1426 Varus,
1458 1376 1606 1417 flamen
1630 1379 1745 1418 Mar-

335 1418 469 1467 tialis;
502 1428 543 1461 et
566 1422 628 1461 M.
655 1423 859 1466 Claudius
881 1426 1108 1469 Marcellus
1129 1429 1360 1472 decemvir:
1393 1433 1435 1473 in
1457 1434 1577 1489 cujus
1607 1433 1743 1475 locum

335 1476 411 1515 Cn.
450 1477 650 1519 Octavius
680 1480 906 1523 subfectus.
981 1485 1040 1526 Et
1075 1486 1163 1541 jam
1194 1488 1500 1543 magnificentia
1540 1499 1745 1532 crescente

333 1540 523 1573 notatum
556 1543 631 1585 est,
655 1535 765 1577 ludis
798 1539 1050 1582 circensibus
1072 1543 1119 1582 P.
1140 1544 1320 1585 Cornelii
1345 1547 1548 1601 Scipionis
1581 1548 1743 1588 Nasieae

331 1596 372 1630 et
409 1590 455 1629 P.
481 1590 651 1632 Lentuli
682 1593 867 1634 aedilium
897 1598 1107 1639 curulium
1138 1601 1353 1655 sexaginta
1382 1611 1464 1644 tres
1484 1602 1742 1655 ⁷Afrieanas,

330 1652 371 1686 et
393 1646 673 1701 quadraginta
693 1664 810 1691 ursos
831 1660 872 1692 et
893 1653 1133 1708 elephantos
1153 1655 1331 1697 8lusisse.

389 1702 524 1743 XIX.
558 1704 608 1744 L.
641 1706 815 1747 AEmilio
846 1709 1009 1759 Paullo,
1042 1712 1088 1752 C.
1114 1712 1277 1754 Licinio
1306 1715 1559 1766 consulibus,
1594 1717 1743 1759 Idjbus

332 1758 499 1800 Martiis
538 1761 743 1818 principio
774 1763 1029 1820 insequentis
1058 1769 1169 1819 anni,
1201 1785 1334 1825 quum
1364 1771 1406 1812 in
1436 1775 1741 1829 exspectatione

330 1815 476 1856 Patres
514 1816 705 1868 fuissent,
746 1821 924 1863 maxime
964 1824 1165 1879 quidnam
1199 1827 1342 1868 consul
1378 1828 1429 1868 de
1478 1830 1740 1882 Macedonia,

327 1871 448 1927 cujus
468 1888 516 1913 ea
542 1875 755 1929 provincia
788 1886 908 1929 esset,
929 1881 1125 1929 referret;
1169 1883 1276 1924 nihil
1302 1899 1344 1926 se
1371 1885 1530 1936 hahere,
1554 1887 1742 1939 Paullus,

326 1930 433 1982 quod
451 1931 634 1982 referret,
658 1947 772 1986 quum
805 1938 977 1977 nondum
998 1939 1126 1992 legati
1147 1941 1355 1991 redissent,
1377 1942 1499 1985 dixit.
1561 1945 1742 1986 Ceterum

326 1986 547 2027 Brundisii
566 1989 719 2042 legatos
735 1990 829 2044 jam
862 2007 954 2043 esse,
976 1994 1035 2036 bis
1055 2010 1104 2036 ea·
1121 2011 1237 2038 cursu
1257 1998 1555 2053 ‘’Dyrrachium
1587 2000 1742 2055 ejectos.

328 2043 516 2096 Cognitis
536 2058 638 2094 mox,
656 2061 745 2099 quoe
764 2050 874 2090 nosci
884 2052 1006 2103 prius
1025 2054 1068 2092 in
1085 2068 1165 2093 rem
1186 2061 1296 2103 esset,
1316 2058 1532 2098 relaturum
1549 2076 1561 2097 :
1594 2060 1640 2098 id
1639 2062 1744 2113 fore

325 2099 438 2140 intra
452 2114 676 2153 perpaucos
696 2105 811 2146 dies.
854 2108 926 2156 Et,
949 2122 998 2149 ne
1018 2111 1117 2164 quid
1137 2113 1422 2166 profectionem
1443 2129 1553 2155 suam
1576 2122 1739 2164 teneret,

325 2155 500 2210 ¹⁰pridz'e
529 2159 627 2200 Idus
647 2161 810 2214 Aprilis
841 2164 1010 2207 Latinis
1039 2181 1118 2208 esse
1147 2171 1400 2211 constitutam
1421 2172 1539 2212 diem.

365 2296 384 2324 4
409 2296 488 2334 (lpus
509 2299 590 2339 esset]
616 2299 701 2330 Olim
723 2312 791 2340 opus
804 2308 854 2332 est.
897 2305 1005 2336 Muta-

322 2337 365 2366 vit
376 2338 445 2378 jure
461 2339 613 2380 Sigonius.

364 2381 385 2410 5
410 2382 489 2414 Quid
512 2404 520 2412 .
545 2405 553 2413 .
577 2406 584 2413 .
614 2395 713 2415 rerum
745 2393 894 2427 gestarum
921 2391 1004 2432 esset]

322 2423 478 2454 Emendat
493 2425 667 2456 Gronovius
678 2434 800 2467 gestum.

376 2466 396 2495 6
429 2466 523 2496 Simul
561 2470 592 2499 in
636 2469 814 2512 Veientibus]
864 2473 1006 2505 Feliciter

321 2508 467 2539 emendat
501 2511 571 2540 Jac.
609 2511 801 2543 Gronovius:
853 2517 939 2545 simul
975 2519 1007 2547 in

326 2551 446 2582 Veienti.
499 2552 550 2582 Bis
578 2556 744 2585 novendiale
767 2566 891 2588 sacrum.
946 2559 1006 2590 To·

322 2593 378 2624 ties
415 2593 497 2624 enim
536 2596 717 2627 novendiale
753 2608 872 2629 sacrum
901 2600 1005 2638 fiebat,

319 2636 439 2676 quoties
465 2637 620 2678 lapidibus
657 2639 769 2679 pluisse
797 2641 895 2672 visum
932 2650 1007 2676 erat.

321 2678 395 2710 vid.
411 2679 432 2709 l.
448 2681 589 2711 XXVII.
604 2692 630 2711 c.
646 2682 697 2712 37.

363 2722 382 2750 7
405 2723 580 2765 Africanas]
605 2724 786 2761 pantheras,
803 2732 836 2757 ut
859 2733 943 2769 patet
964 2739 1002 2760 ex

320 2764 432 2799 Plinio,
448 2765 468 2796 l.
488 2767 583 2797 VIII.
599 2777 626 2797 c.
641 2768 691 2797 17.

361 2807 380 2836 8
406 2808 533 2851 Lusisse]
572 2810 610 2841 In
639 2809 719 2842 ludis
747 2811 898 2843 exhibitos
926 2824 1002 2846 esse.

1601 2172 1739 2214 Sacri-

1052 2307 1259 2348 Intelligenda
1295 2308 1413 2340 videtur
1448 2310 1568 2341 venatio
1596 2311 1677 2342 sacta
1705 2313 1736 2343 in

1052 2349 1152 2385 Circo,
1168 2351 1214 2380 vel
1230 2361 1334 2392 pugna
1349 2352 1515 2383 bestiarum
1530 2352 1608 2384 inter
1622 2365 1664 2385 se.

1103 2393 1124 2422 9
1159 2393 1359 2433 Dyrrachium
1394 2396 1507 2436 ejectos]
1555 2397 1633 2436 Ejz'ci
1669 2407 1735 2428 ver-

1050 2434 1123 2464 bum
1149 2440 1195 2465 est
1223 2435 1448 2476 naufragorum.
1495 2439 1628 2478 Ejectum
1656 2440 1733 2470 litto-

1048 2487 1090 2512 re,
1105 2484 1243 2518 egentem.
1288 2479 1360 2509 Vid.
1374 2485 1434 2509 not.
1451 2481 1502 2510 70.
1517 2481 1556 2511 ad
1571 2481 1590 2511 l.
1605 2482 1733 2513 XXIII.

1050 2529 1078 2549 c.
1093 2520 1144 2550 34.
1188 2520 1293 2561 Magis
1314 2522 1417 2563 placet
1435 2532 1504 2553 cum
1521 2523 1675 2555 Gronovio
1689 2525 1731 2556 le-

1050 2571 1120 2602 gere
1134 2563 1260 2601 rejectos.

1097 2605 1134 2634 10
1158 2606 1261 2635 Pridie
1286 2605 1357 2635 Idus
1381 2607 1506 2648 Aprilis]
1535 2608 1617 2648 Lege
1642 2619 1679 2639 ex
1704 2619 1732 2640 e.

1050 2647 1102 2676 22.
1129 2646 1218 2681 infra,
1246 2653 1277 2678 et
1300 2658 1337 2679 ex
1364 2648 1533 2690 fragmento
1558 2651 1732 2681 tabularum

1050 2687 1238 2725 diurnarum,
1259 2701 1324 2726 seu,
1348 2697 1381 2721 ut
1403 2698 1529 2723 censent
1552 2693 1614 2728 alii,
1638 2693 1729 2724 libro-

1048 2741 1114 2761 rum
1138 2732 1309 2769 linteorum,
1325 2735 1406 2774 quod
1432 2735 1559 2775 Pighius
1580 2735 1728 2776 vulgavit,

1046 2776 1141 2813 pridie
1157 2775 1303 2807 Kalendas
1318 2778 1442 2817 Apriles,
1458 2777 1520 2810 sive
1535 2779 1654 2819 Aprilis.
