1826 3149
108 200 150 231 U.
164 200 201 231 C.
217 201 291 232 581.

106 244 147 274 A.
162 243 197 274 C.
217 244 286 275 171.

111 711 235 743 Carteia
248 723 297 743 co-

107 755 202 786 lonia.

110 881 247 911 Gulussa
262 886 291 911 et

109 923 201 963 legati
218 924 297 954 Kar—

108 966 280 1006 thaginien-

108 1019 156 1039 ses
172 1009 290 1040 Romae.

108 1568 150 1643 es:

161 1568 198 1643 ,αφ

213 1570 231 1642 -υι

234 1570 251 1642 «109

255 1614 286 1644 ,0
255 1570 287 1599 20

319 87 366 125 98
855 86 960 124 TIT
974 87 988 123 Ι
1032 86 1089 123 LI
1108 86 1138 122 V
1152 88 1162 124 1
1182 87 1196 123 1

320 191 632 235 aestimationem
662 194 931 250 magistratus
961 196 1184 259 Romanus·
1204 194 1401 243 haberet3
1434 209 1537 235 neve
1566 199 1730 249 cogeret

323 249 532 291 vicesimas
552 230 756 292 vendereO
760 251 985 307 Hispanos,
1007 252 1153 308 quanti
1175 251 1262 307 ipse
1292 251 1442 299 vellet3
1475 259 1517 292 et
1546 266 1597 291 ne
1626 264 1732 306 prae-

319 306 447 348 fecti
438 322 480 347 111
501 307 657 363 oppida
677 323 752 348 sua
771 308 824 348 ad
845 323 1040 363 pecunias
1061 309 1266 364 cogendas
1281 307 1589 371 inponerentur.

380 364 470 404 ΙΙΙ.
502 364 561 404 Ε1
591 363 672 404 3113
700 364 796 404 11ον1
826 379 987 419 generis
1018 365 1232 405 hominum
1263 379 1313 405 ex
1346 364 1551 420 Hispania
1579 362 1734 418 legatio

321 419 445 461 veni-t.
477 435 528 461 ex
554 420 755 461 militibus
777 420 975 462 Romanis
997 430 1037 462 et
1059 437 1110 462 ex
1133 421 1331 477 Hispanis
1358 421 1616 470 mulieribus,
1638 434 1733 460 cum

321 476 476 532 quibus
521 477 773 518 connubium
806 492 889 518 non
919 486 1038 527 esset,
1069 487 1188 519 natos
1219 493 1260 518 se
1289 486 1576 527 memorantes,
1608 490 1737 532 supia

321 542 503 589 quatuor
533 533 661 574 millia
691 533 921 585 hominum,
943 535 1132 584 orabant,
1155 544 1203 576 ut
1231 534 1308 575 sibi
1340 534 1588 600 oppidum,
1580 549 1622 574 m
1649 548 1734 589 quo

321 590 570 639 habitarent,
592 590 774 632 daretur.
837 592 1012 633 Senatus
1032 591 1229 642 decrevit,
1265 593 1327 632 uti
1347 593 1509 632 uomina
1529 606 1600 632 sua
1625 591 1737 643 apud

321 649 376 688 L.
401 621 633 689 Canuleium
653 649 961 701 profiterentur:
984 649 1000 672 ⁹
1015 663 1224 702 eorumque
1252 650 1288 689 si
1314 663 1410 702 quos
1429 649 1736 694 manumisisset,

321 719 385 746 eos
410 705 613 745 Carteiam
635 706 692 744 ad
711 720 895 745 oceanum
914 707 1054 746 deduci
1061 708 1242 759 placere.
1287 705 1319 729 ¹⁰
1338 705 1422 754 Qui
1437 706 1732 748 Carteiensium

322 762 429 802 domi
458 775 618 802 manere
647 762 805 811 vellent,
828 770 1068 816 potestatem
1088 764 1197 814 fare,
1230 764 1292 804 uti
1321 778 1483 804 numero
1512 763 1736 803 colonorum

322 825 459 866 essent,
482 833 581 872 agro
601 820 829 873 adsignata.
890 819 921 843 ¹¹
933 820 1127 860 Latinam
1141 835 1227 860 eam
1247 822 1441 860 coloniam
1445 821 1598 874 fuisse,
1614 819 1736 859 liber-

321 877 427 916 tina?
430 890 570 929 umque
590 877 806 939 adpellari.
868 876 1030 918 Eodem
1048 885 1233 932 tempore
1249 893 1299 918 ex
1315 877 1461 918 Africa
1476 886 1517 918 et
1535 876 1734 925 Gulussa,

322 932 554 974 Masinissae
575 932 683 988 legis
703 933 827 983 filius,
850 933 1012 996 legatus
1032 933 1176 996 patriS,
1199 942 1239 974 et
1272 933 1639 989 Karthaginienses
1665 948 1736 973 ve-

321 998 484 1030 nerunt.
509 989 695 1031 Gulussa
718 990 830 1045 prior
850 1005 893 1030 in
914 998 1101 1031 senatum
1123 989 1402 1041 introductus,
1419 999 1474 1041 51,
1497 1006 1592 1053 quae
1613 990 1738 1030 missa

321 1055 438 1088 erant
459 1046 509 1086 ad
537 1045 694 1087 bellum
726 1046 1045 1088 Macedonicum
1067 1063 1091 1088 a
1110 1056 1228 1102 patre
1259 1063 1348 1097 suo,
1366 1047 1577 1127 5111Ρο51111;
1622 1055 1678 1097 51,
1701 1046 1734 1087 51

321 1119 405 1158 qua
425 1118 475 1159 pl
478 1111 627 1144 aeterea
646 1102 828 1144 vellent
820 1118 1036 1159 imperare,
1059 1103 1394 1159 praestaturum¹
1397 1103 1566 1145 911151110
1586 1103 1733 1160 populi

322 1159 500 1200 Romani
531 1168 592 1200 est
621 1159 857 1215 pollicitus:
889 1168 930 1201 et
962 1161 1123 1202 monuit
1155 1161 1300 1201 Patres
1332 1161 1598 1217 conscriptos,
1633 1168 1680 1202 ut
1710 1175 1737 1200 a

319 1216 469 1258 fraude
501 1216 911 1281 Karthaginiensium
933 1226 1136 1258 caverent.
1158 1218 1296 1258 classis
1320 1233 1384 1259 eos
1403 1231 1561 1272 maguae
1573 1231 1735 1271 paran-

321 1275 384 1313 dae
405 1275 611 1314 consilium
631 1288 801 1326 cepzsse;
833 1276 963 1326 specie
977 1288 1058 1327 pro
1076 1275 1288 1321 Ramnes,
1311 1281 1349 1315 et
1378 1277 1566 1316 adversus
1592 1276 1734 1316 Mace-

321 1332 469 1371 donas.-
486 1331 555 1371 ubi
567 1345 614 1370 ea
625 1338 783 1383 parata
799 1332 1075 1385 instructaque
1091 1338 1202 1380 esset,
1221 1333 1394 1385 ipsorum
1395 1333 1500 1387 sore
1505 1333 1738 1386 potestatis,

320 1402 430 1442 quem
451 1389 597 1428 hostem
618 1393 689 1427 aut
704 1389 848 1428 socium
867 1388 1055 1429 habeant.

878 1477 902 1503 ⁴*-
1018 1478 1043 1503 *
1159 1479 1184 1504 ἦ

378 1562 453 1602 IV.
487 1563 566 1588 *³¹⁵*
596 1569 760 1602 tantum
789 1575 985 1616 pavorem
1016 1560 1186 1615 ingressi
1217 1569 1365 1612 035113,
1391 1569 1645 1603 ostentantes
1671 1577 1737 1602 ca-

320 1618 422 1674 pita,
444 1618 647 1667 fecerunt,
669 1626 732 1667 ut,
755 1617 787 1657 si
808 1617 1001 1657 admotus
1031 1617 1263 1680 extemplo
1271 1618 1477 1659 exereitus
1497 1619 1620 1669 foret,
1642 1620 1735 1674 capi

320 1683 455 1716 castra
489 1673 713 1730 potuerint.
776 1674 891 1714 Tum
923 1688 1091 1729 quoque
1121 1674 1224 1730 fuga
1254 1673 1399 1730 ingens
1434 1674 1545 1717 facta
1572 1684 1657 1716 est:
1693 1685 1735 1718 et

1091 1779 1111 1809 9
1149 1778 1313 1819 Eorumque
1347 1780 1371 1809 si
1407 1790 1474 1819 qnos
1508 1779 1734 1820 manumisisset]

318 1780 446 1811 licebat.
491 1780 520 1810 Ii
545 1780 638 1820 igitur
660 1790 714 1821 pro
736 1779 888 1809 frumento
910 1789 1005 1820 pecu-

1048 1821 1095 1851 Ex
1118 1821 1165 1852 his
1184 1822 1297 1857 verbis,
1322 1827 1352 1851 et
1377 1821 1585 1864 appellatione
1607 1821 1735 1852 coloniae

320 1823 404 1853 niam
431 1823 489 1853 sibi
512 1822 666 1853 numerari
691 1822 854 1864 jubebant,
884 1822 1003 1863 praeda-

319 1867 494 1906 banturque
509 1865 541 1895 in
557 1876 592 1896 eo
607 1865 689 1906 quod
706 1865 892 1895 frumentum
912 1874 1002 1905 gran-

319 1908 350 1938 di
378 1909 476 1950 pretio
502 1908 701 1938 aestimarent.
746 1907 839 1939 Unde
860 1907 1004 1938 videntur

319 1951 371 1982 hic
395 1951 528 1993 Hispani
550 1950 773 1998 impetravisse,
793 1956 828 1980 ut
843 1949 1004 1991 magistra-

319 2000 369 2025 tus
387 1994 522 2025 Romani
538 1994 724 2024 frumentum
740 2004 840 2035 ipsum
864 1993 1005 2041 aecipeie

319 2043 512 2078 cogerentur,
549 2046 610 2067 non
647 2036 788 2066 frumenti
827 2036 1005 2066 aestimatio-

320 2090 403 2115 nem,
427 2079 459 2110 id
482 2085 539 2115 est,
562 2089 616 2127 pro
642 2079 794 2110 frumento
820 2078 1004 2120 pecuniam:

319 2123 380 2159 vel,
397 2122 422 2153 si
444 2123 513 2164 quis
534 2122 633 2158 malit,
650 2132 688 2152 ne
711 2122 818 2152 liceret
840 2121 1004 2163 magistra-

318 2147 401 2196 tibiis
425 2165 576 2196 Romanis
598 2165 729 2207 pretium
762 2165 918 2206 imponere
942 2164 1004 2195 fru-

319 2214 423 2239 mento
445 2208 492 2238 illi
515 2207 598 2249 quod
620 2208 652 2238 in
676 2207 787 2239 cellam
803 2217 921 2238 sumere
936 2213 1004 2249 pot-

318 2257 417 2288 erant,
433 2251 500 2290 sed,
516 2251 540 2281 si
557 2250 672 2281 vellent
695 2250 753 2281 sibi
774 2260 830 2291 pro
853 2250 1006 2281 frumento

319 2294 385 2325 dari
414 2294 579 2335 pecuniam
613 2293 817 2324 aestimatione
846 2293 1002 2323 communi

317 2343 348 2366 et
378 2337 504 2378 publica
540 2341 708 2367 uterentur.
760 2335 904 2366 Alterum
940 2336 1001 2366 fru-

317 2379 413 2409 menti
429 2390 525 2420 genus
541 2384 598 2414 est,
614 2383 761 2420 emptum.
805 2378 1002 2409 Jubebantur

317 2421 463 2452 nimirum
504 2421 708 2469 provinciales
744 2425 860 2451 certam
891 2431 1001 2461 quarn-

317 2464 390 2495 dam
413 2464 557 2494 frumenti
579 2474 625 2494 5111
647 2468 768 2505 partem
788 2462 919 2494 vendere
936 2463 1001 2493 Ro-

317 2507 426 2539 manis.
472 2507 511 2538 In
539 2517 608 2537 eam
633 2516 697 2537 rem
725 2505 922 2546 magistratus
946 2516 1001 2547 pe-

317 2550 441 2581 cuniam
456 2560 473 2580 e
488 2548 613 2591 publico
630 2548 835 2588 accipiebant.
880 2548 941 2578 Sed
966 2554 1001 2578 ut

316 2604 354 2625 ex
377 2603 415 2624 ea
430 2592 548 2633 aliquid
570 2591 603 2621 in
624 2602 713 2621 suum
737 2596 888 2631 quaestum
912 2601 999 2621 aver-

315 2641 427 2671 terent,
457 2634 604 2665 vilissimo
632 2633 729 2675 pretio
758 2633 909 2663 taxabant
938 2633 999 2663 fru-

317 2685 457 2709 mentum
484 2676 563 2708 illud
592 2675 674 2724 quod
704 2686 805 2706 emere
834 2675 1001 2707 debebant.

318 2720 452 2763 Hispani
471 2720 574 2761 igitur,
598 2730 650 2760 qui
672 2718 835 2749 vicesimas
855 2717 999 2748 frumenti

316 2764 363 2794 sui
392 2763 527 2794 vendere
559 2743 715 2793 debebant
749 2759 912 2796 Romanis,
940 2760 999 2792 hoc

316 2806 494 2853 impetrant,
513 2816 552 2836 ne
586 2804 655 2835 illas
686 2803 818 2835 vendere
853 2813 999 2844 cogeren-

317 2854 367 2879 tur
371 2849 490 2890 ,quanti
504 2848 598 2881 vellet
615 2847 810 2889 magistratus
826 2846 997 2878 Romanus.

1047 1863 1138 1900 infra,
1167 1864 1217 1895 cui
1254 1874 1367 1895 nomen
1395 1865 1573 1912 imponitur,
1607 1865 1734 1894 Liberti-

1046 1918 1151 1937 norum
1173 1908 1295 1943 colonia,
1310 1907 1415 1938 inferri
1437 1908 1531 1939 debet
1553 1908 1609 1939 hos
1632 1918 1736 1938 servos

1049 1950 1154 1986 fuisse,
1184 1961 1221 1981 ac
1250 1949 1378 1991 ploinde
1407 1956 1496 1981 natos
1529 1961 1566 1981 ex
1601 1950 1733 1982 ancillis.

1051 1993 1114 2030 Qui
1134 1995 1217 2023 enirn
1242 2003 1303 2024 non
1327 2004 1363 2024 ex
1380 1992 1518 2034 legitimo
1537 1993 1734 2025 mssrimonio

1049 2036 1197 2072 nascitur,
1220 2042 1351 2067 matrem
1372 2036 1511 2077 sequitur
1535 2046 1573 2066 ex
1595 2047 1734 2067 commu-

1050 2078 1082 2108 ni
1110 2078 1248 2119 gentium
1271 2079 1352 2120 jure.
1396 2079 1470 2110 Vid.
1493 2079 1516 2110 l.
1540 2079 1567 2109 Ι.
1594 2079 1734 2110 Ι115111111.

1047 2121 1228 2157 Justiniani,
1242 2121 1291 2153 tit.
1304 2123 1336 2152 4.
1380 2121 1428 2152 Ac
1441 2121 1569 2163 proinde
1578 2121 1611 2151 hi
1626 2121 1667 2163 hy
1668 2121 1733 2152 bri-

1047 2163 1095 2194 dae
1120 2164 1144 2195 si
1161 2165 1225 2195 nati
1242 2170 1343 2195 essent
1358 2175 1396 2195 ex
1413 2164 1518 2195 liberis
1539 2133 1732 2200 mulieribus,

1047 2206 1136 2238 liberi
1159 2213 1190 2238 et
1213 2207 1271 2250 ipsi
1293 2207 1433 2243 fuissent,
1449 2217 1507 2238 nec
1522 2207 1650 2249 proinde
1665 2217 1732 2238 ma·

1048 2250 1236 2281 numissione
1251 2260 1328 2291 opus
1341 2230 1531 2282 habuissent.

1092 2294 1131 2323 lO
1168 2293 1228 2327 Qui
1266 2293 1474 2322 Carteienszum
1504 2294 1581 2323 domi
1616 2303 1732 2323 manere

1045 2335 1165 2376 tellent]
1211 2334 1317 2366 Simile
1354 2334 1513 2366 decretum
1550 2335 1733 2366 memoravit

1046 2377 1153 2409 Livius
1168 2378 1207 2408 de
1222 2377 1414 2414 Antiatibus,
1431 2377 1610 2409 1.V111.c.
1627 2378 1677 2409 14.

1089 2421 1126 2451 11
1165 2421 1304 2451 Latinam
1346 2431 1409 2450 eam
1431 2421 1587 2451 colomam
1617 2420 1730 2461 fuisse]

1046 2463 1129 2504 Lege
1159 2473 1229 2494 cum
1260 2463 1415 2494 Gronovio
1444 2474 1508 2493 esse.
1554 2463 1624 2494 Hoc
1647 2463 1731 2494 enim

1045 2516 1111 2547 ipso
1126 2511 1261 2547 tempore
1276 2505 1332 2536 illa
1343 2505 1463 2536 colonia
1477 2505 1651 2536 deducitur.

1087 2548 1274 2578 12*Merito
1293 2548 1394 2587 populi
1419 2547 1559 2588 Romani]
1589 2549 1633 2579 Ut
1660 2559 1730 2590 pos-

1043 2590 1178 2621 tularent
1194 2590 1304 2621 merita
1319 2590 1425 2631 populi
1441 2591 1577 2621 Romani
1599 2591 1632 2621 in
1655 2592 1729 2622 Ma-

1043 2632 1198 2664 sinissam.
1253 2632 1371 2663 Eodem
1409 2633 1501 2663 modo
1533 2634 1655 2665 locutus
1683 2639 1729 2664 est

1044 2675 1151 2706 Livius
1182 2685 1274 2717 supra
1303 2675 1465 2707 XXVIII.
1487 2677 1517 2707 9.
1563 2677 1598 2707 Se
1617 2687 1682 2707 vero
1696 2688 1729 2707 ea

1043 2729 1109 2758 quoe
1127 2720 1309 2757 postularent
1329 2720 1492 2754 decernere,
1523 2719 1644 2755 Patres,
1668 2730 1727 2750 me-

1041 2762 1099 2791 rito
1133 2762 1251 2791 deorum
1284 2762 1424 2800 primum,
1467 2763 1535 2792 dein
1569 2763 1728 2793 secundum

1042 2805 1117 2842 deos,
1133 2805 1292 2842 consulum,
1308 2803 1542 2846 responderunt.
