1805 3174
530 78 999 127 PRAEFATIO.
1380 81 1507 128 xxix

52 219 177 267 enim
201 220 418 269 humana
444 219 610 282 aliqua
632 226 766 283 parte
790 219 1092 275 claudicant,
1113 234 1209 264 nec
1235 218 1389 265 ullum
1412 221 1507 267 sere

52 297 100 344 in
126 314 378 360 quoquam
408 295 609 343 homine
635 296 870 343 eximium
899 298 1088 344 honum
1114 303 1204 350 est,
1233 296 1370 357 quod
1407 314 1510 343 non

52 373 216 437 aliquo
243 374 566 422 incommodo
597 381 847 436 pensetur.
920 373 1090 421 Livius
1118 372 1272 419 valuit
1295 372 1508 435 ingenio,

50 469 221 499 curam
247 469 345 499 non
369 468 562 515 semper
586 452 840 515 praestitit:
876 450 1307 515 quemadmodum
1333 458 1510 498 contra

50 545 160 575 raro
187 537 452 590 assurgunt
486 528 516 575 ii
555 546 764 593 quorum
790 529 935 576 anxia
963 528 1220 590 diligentia
1245 534 1336 584 est,
1363 545 1509 591 prop-

51 613 184 654 terea
206 608 343 670 quod
373 607 467 654 vim
496 607 677 670 ingenii
703 608 881 670 frangit
906 606 1226 669 caloremque
1250 606 1512 669 restinguit

51 700 261 746 operosa
287 684 435 731 animi
463 684 597 733 circa
632 702 710 732 res
743 685 954 732 minutas
983 684 1210 732 intentio.
1280 685 1378 733 Sed
1405 701 1513 748 per-

49 778 226 824 gamus
253 763 314 809 ad
345 763 548 827 reliqua.

118 839 354 888 Perutilis
376 858 496 889 sane
514 849 562 888 et
584 841 647 888 ad
670 846 870 904 gustum
890 840 1068 888 eruditi
1090 840 1288 888 lectoris
1309 857 1508 904 prorsus
1523 857 1628 888 Livius
1644 868 1718 889 auc-

1497 918 1505 925 ·
1520 907 1600 930 tores
1615 901 1684 931 illos

52 919 468 966 accommodatus
506 919 602 966 hoc
639 926 812 966 nostro
856 935 961 965 aevo
1008 934 1114 966 mos
1150 918 1294 980 viget,
1333 926 1388 966 ut
1425 935 1720 984 spiiquibususuS

51 997 284 1044 historias
321 996 562 1053 scribunt,
591 1013 773 1058 magna
809 1013 926 1043 cura
963 996 1187 1043 indicent
1223 1012 1310 1043 eos
1346 986 1728 1061 fontesfffl’ifflfffjr‘g

53 1075 189 1122 unde
226 1073 455 1121 viridaria
501 1090 592 1120 sua
631 1073 908 1135 irrigavere,
938 1081 985 1120 et
1022 1080 1151 1127 acta,
1186 1073 1670 1120 monumentaneglexit·

52 1152 267 1216 publica,
289 1152 553 1214 scriptores
580 1168 668 1199 eos
694 1151 874 1214 quibus
899 1151 1123 1197 nituntur
1148 1150 1436 1197 auctoribus
1461 1150 1514 1197 in

51 1230 243 1293 singula
268 1229 600 1292 appellandos
633 1245 742 1276 esse
778 1227 870 1275 sibi
909 1227 1209 1275 existiment.
1284 1227 1356 1275 Eo
1384 1228 1437 1274 fit
1462 1235 1516 1274 ut

51 1310 189 1356 facta
219 1306 433 1370 posteris
471 1321 668 1368 semper
701 1305 813 1367 ipsa
849 1304 1119 1367 primorum
1156 1303 1358 1351 testium
1393 1320 1515 1366 quo-

52 1385 325 1434 dammodo
345 1400 467 1432 voce
487 1384 764 1438 tradantur,
782 1389 846 1438 et,
865 1382 1046 1447 siquid
1070 1400 1099 1429 a
1118 1382 1343 1429 secunda
1363 1398 1515 1429 manu

51 1463 420 1528 interpolatum,
443 1463 688 1518 additum,
712 1462 1060 1509 detractumve
1086 1468 1177 1517 est,
1197 1460 1245 1507 id
1275 1460 1425 1516 illico,
1446 1460 1515 1507 in-

54 1549 229 1605 specta
266 1540 332 1587 rei
371 1540 573 1602 origine,
607 1539 767 1602 possit
805 1538 1132 1601 deprehendi.
1207 1537 1265 1585 Id
1305 1555 1334 1585 a
1370 1537 1512 1586 Livio

51 1620 236 1666 sactum
259 1636 357 1666 non
379 1636 507 1678 esse,
528 1617 688 1665 mirari
712 1618 923 1665 fortasse
945 1626 1031 1664 aut
1049 1632 1353 1679 magnopere
1375 1616 1513 1678 queri

52 1714 157 1745 nou
175 1699 430 1754 debemus,
449 1714 602 1761 quum
622 1696 700 1744 hic
723 1712 830 1744 mos
850 1713 878 1743 a
893 1695 1033 1743 nullo
1055 1696 1267 1743 fortasse
1291 1700 1513 1741 veterum

55 1783 285 1824 accurate
310 1785 534 1822 servatus
560 1773 639 1822 sit.
1686 1831 1689 1833 ‚

120 1852 306 1900 Verum
347 1851 427 1899 ubi
463 1852 574 1916 quis
612 1850 824 1914 scriptor
860 1849 1011 1897 alium
1042 1849 1313 1913 quemlibet
1338 1856 1510 1898 aucto-
1526 1866 1564 1896 In
1580 1864 1712 1906 Polybio

54 1946 156 1977 rem
192 1945 294 1976 non
331 1929 482 1976 modo
519 1928 738 1975 intuetur
772 1927 954 1983 animo,
990 1928 1078 1974 sed
1117 1927 1266 1989 plane
1291 1914 1702 1991 vestigiisssssssufs'ffiffi

56 2007 249 2071 premit,
278 2023 371 2054 nec
398 2006 611 2070 paucula
635 2007 865 2070 quaedam
894 2004 1117 2070 excerpit
1143 2022 1201 2052 ex
1231 2022 1305 2061 eo,
1327 2007 1414 2053 sed
1443 2014 1516 2054 to-

55 2093 132 2132 tas
159 2102 318 2132 rerum
347 2084 558 2132 maxime
588 2084 983 2132 memorabilium
1021 2084 1326 2131 narrationes
1363 2091 1413 2131 et
1446 2084 1517 2131 in-

57 2170 232 2226 gentes
269 2164 428 2227 operis
464 2170 627 2226 partes
667 2162 935 2220 exscribit,
979 2170 1082 2209 tum
1123 2178 1236 2209 vero
1280 2178 1390 2209 eum
1437 2161 1517 2208 cui

58 2247 250 2288 tantum
288 2241 525 2288 debeatur
561 2257 675 2288 cum
713 2241 900 2287 honore
938 2238 1202 2302 appellare,
1230 2255 1331 2285 non
1369 2238 1516 2285 moris

58 2317 322 2378 cujusdam
350 2325 439 2372 est,
462 2318 551 2364 sed
572 2317 696 2378 juris
716 2333 868 2379 prope
887 2315 1142 2373 naturalis,
1162 2332 1263 2379 quo
1281 2316 1518 2377 jubemur

58 2412 204 2442 suum
230 2395 410 2459 cuique
430 2396 657 2443 reddere.
711 2394 811 2442 Hic
837 2410 1039 2458 quoque
1060 2393 1184 2441 Livii
1211 2393 1517 2456 diligentiam

59 2472 345 2529 desiderari,
373 2490 555 2535 negare
581 2473 783 2520 omnino
821 2488 923 2519 non
958 2472 1093 2521 licet.
1164 2471 1334 2519 Multa
1357 2472 1441 2518 ille
1465 2471 1517 2517 in

60 2549 175 2597 111².
205 2550 313 2600 IVa.
346 2560 393 2606 et
418 2552 499 2598 Va.
530 2551 806 2599 decadibus
844 2568 871 2598 e
905 2550 1119 2612 Polybio
1155 2549 1224 2596 ita
1261 2556 1515 2596 mutuatus

61 2634 152 2686 est,
187 2635 240 2675 ut
271 2630 474 2677 verbum
513 2647 638 2693 pene
671 2629 822 2677 verbo
860 2630 989 2677 fidus
1026 2629 1268 2690 interpres
1307 2626 1514 2682 reddam

60 2705 320 2752 transitum
364 2705 589 2769 Alpium,
630 2706 951 2769 Carthaginis
996 2721 1138 2752 novae
1185 2701 1513 2765 expugnatio-

59 2798 189 2837 nem,
209 2781 459 2844 Scipionis
486 2783 535 2830 in
560 2783 736 2832 Africa
760 2783 825 2831 de
852 2782 1097 2845 Syphace,
1116 2781 1180 2828 de
1206 2778 1511 2835 Asdrubale,
