1831 3194
496 98 611 135 LIB.
643 97 764 134 XLV.
808 96 884 133 CA
901 95 940 133 P.
971 95 1016 132 V.
1389 101 1459 139 178

31 205 173 260 'pania
193 206 409 254 decedens,
435 207 660 247 Marcolica
682 204 807 246 nobili
830 205 933 245 urbe
953 212 1090 261 capta,
1113 203 1145 231 ¹⁷
1158 203 1299 244 decem
1321 206 1460 259 pondo
1474 217 1514 248 U.
1528 217 1564 248 C.
1578 219 1652 249 584.

49 262 154 311 auri,
183 272 223 304 et
257 264 417 318 argenti
448 263 542 304 ¹3ad
578 278 780 303 summam
814 261 990 302 sestertii
1023 261 1157 302 decies
1193 260 1232 301 in
1266 262 1457 302 aerarium
1473 260 1512 291 Λ·
1530 262 1566 291 (J.
1583 262 1652 292 168.

49 319 204 360 retulit.
271 321 441 361 Paullus
476 320 671 361 xlcmilius
711 319 869 367 consul,
901 335 1033 373 quum
1070 327 1218 367 castra,
1251 326 1297 359 ut
1335 328 1656 374 supraPu-soilitv-

49 375 207 416 (lictum
245 387 321 425 est,
355 378 407 417 ad
444 378 554 418 Siras
588 386 710 418 terrae
745 376 1031 416 Odomanticae
1065 376 1250 423 haberet,
1283 372 1671 430 ¹⁹‹111unl‘fffl‘Lffi'fl'

52 432 188 473 literas
209 435 262 474 al)
284 450 379 488 rege
404 436 553 474 Perseo
576 449 648 490 per
670 433 871 488 ignobiles
898 441 980 473 tres
1011 433 1168 487 legatos
1192 441 1390 481 cerneret,
1419 414 1558 474 othum.

48 488 134 544 ipse
149 488 422 531 inlacrimasse
439 491 593 532 dicitur
610 491 708 532 sorti
724 490 935 531 lnnnanae:
959 490 1089 544 quod,
1105 489 1176 545 qui
1191 489 1333 545 paullo
1349 498 1459 539 ante,

49 561 128 586 non
176 556 396 589 contentus
447 564 574 603 regno
625 547 902 597 Macedoniae,
946 547 1165 587 Dardanos
1209 546 1461 602 Illyriosque

46 603 343 659 obpugnasset,
394 605 427 628 ⁶²⁰
442 607 738 646 Bastarnarum
789 604 1007 645 excivisset
1057 603 1225 652 auxilia,
1275 603 1309 643 is
1354 611 1459 653 tum,

47 660 196 701 amisso
228 663 428 713 exercitu,
466 662 642 703 extorris
676 676 818 717 regno,
855 661 897 702 in
932 676 1104 717 parvam
1140 659 1317 701 insulam
1352 676 1462 701 com-

8 723 12 728 '
46 716 207 771 pulsus,
235 720 428 775 supplex,
460 719 545 760 fani
576 718 788 773 religione,
820 733 901 759 non
932 717 1092 759 viribus
1123 717 1221 767 suis,
1253 725 1372 758 tutus
1401 733 1462 759 es-

46 781 119 815 set.
183 775 265 816 Sed
300 784 539 832 postquam,
570 775 761 830 ⁶²¹Regem
797 777 952 817 Persea
986 776 1140 816 consuli
1168 776 1321 815 Paullo
1354 776 1464 815 salu-

45 836 137 881 tem,
169 832 299 887 legit3
332 833 639 874 miserationem
669 848 833 873 omnem
865 832 1045 875 stultitia
1074 831 1303 887 ignorantis
1329 831 1462 873 fortu-

45 902 139 929 nam
163 904 279 930 suam
301 890 466 932 exemit.
530 891 683 945 Itaque
704 904 961 946 quamquam
983 889 1025 930 in
1046 888 1208 945 reliqua
1227 897 1346 944 parte
1373 888 1463 930 lite-

44 959 185 986 rarum
216 947 384 988 minime
414 947 540 1003 regiae
570 963 712 1003 preces
742 955 874 996 erant,
904 955 1041 988 tamen
1073 946 1159 986 sinc
1188 960 1385 1001 responso
1414 961 1462 986 ac

46 1001 132 1043 sine
163 1003 292 1044 literis
322 1020 371 1045 ea
400 1004 553 1060 legatio
593 1004 762 1044 dimissa
801 1012 874 1044 est.
939 1002 1074 1043 Sensit
1111 1004 1302 1052 Perseus,
1339 1003 1462 1058 cujus

45 1059 220 1100 nominis
262 1061 589 1101 obliviscendum
632 1061 743 1102 victo
787 1068 917 1100 esset:
962 1060 1104 1114 itaque
1146 1058 1290 1100 alterae
1330 1058 1463 1100 literae

44 1130 139 1157 cum
161 1117 313 1172 privati
335 1118 512 1159 nominis
533 1117 658 1159 titulo
678 1117 830 1166 missae,
852 1125 892 1158 et
916 1115 1087 1172 petiere,
1109 1124 1151 1157 et
1172 1115 1462 1171 impetravere,

44 1181 92 1214 ut
114 1173 242 1230 aliqui
263 1175 317 1216 ad
339 1191 434 1216 eum
455 1175 737 1224 mitterentur,
759 1189 855 1215 cum
877 1173 1033 1229 quibus
1057 1172 1173 1229 loqui
1200 1172 1253 1213 de
1278 1180 1391 1214 statu
1422 1181 1463 1214 et

44 1231 281 1273 conditione
312 1247 399 1273 suae
429 1233 613 1273 fortunae
642 1240 793 1288 posset.
856 1230 979 1271 Missi
1004 1238 1102 1271 sunt
1132 1237 1216 1271 tres
1246 1229 1388 1285 legati,
1413 1230 1461 1270 P.

45 1287 270 1340 Lentulus,
303 1291 357 1329 A.
397 1289 639 1331 Postumius
671 1288 869 1338 Albinus,
892 1289 947 1328 A.
971 1286 1195 1328 Antonius.
1259 1286 1378 1328 Nihil
1415 1302 1465 1328 ea

44 1344 250 1401 legatione
290 1347 524 1403 perfectum
564 1354 641 1396 est,
684 1347 837 1387 Perseo
877 1344 1040 1401 regium
1080 1359 1231 1385 nomen
1270 1343 1381 1385 omni
1421 1343 1462 1384 vi

43 1401 336 1458 amplectente,
373 1404 537 1453 Paullo,
561 1412 609 1445 ut
638 1419 680 1444 se
714 1418 873 1457 suaque
909 1401 1048 1442 onmia
1082 1401 1125 1442 in
1156 1400 1282 1442 fidem
1305 1408 1347 1443 et
1381 1399 1464 1442 cle-

43 1459 241 1501 mentiam
262 1461 409 1518 populi
433 1460 612 1501 Romani
634 1459 909 1516 permitteret,
936 1458 1226 1499 contendente.

102 1517 150 1556 V.
184 1518 301 1558 Dum
330 1519 421 1558 haec
446 1526 646 1574 aguntur,
673 1515 812 1557 classis
847 1517 924 1556 Cn.
955 1514 1120 1557 Octavii
1149 1514 1460 1556 Samothracam
1475 1525 1591 1558 Classis
1606 1526 1674 1558 Ro-

44 1581 104 1614 est
121 1573 310 1630 adpulsa.
374 1576 418 1615 Is
439 1590 623 1631 quoque,
646 1572 842 1629 praesenti
863 1572 1032 1613 admoto
1054 1580 1225 1620 terrore,
1243 1571 1368 1612 modo
1388 1571 1463 1612 mi-
1474 1580 1568 1600 mana
1582 1570 1623 1601 ad

44 1630 121 1680 nis,
139 1631 263 1672 modo
277 1647 348 1688 spe
361 1632 574 1688 perlicere,
592 1639 640 1672 ut
657 1646 698 1671 se
715 1629 913 1679 traderet,
930 1644 1064 1685 quum
1079 1637 1320 1676 conaretur,
1344 1628 1464 1685 adju-
1473 1613 1658 1687 ῗζῐζῃὲἑὴᾚζ

42 1687 104 1728 vit
125 1687 168 1728 in
188 1688 266 1729 hoc
287 1704 383 1730 eum
400 1704 478 1739 res,
497 1704 569 1729 seu
590 1703 688 1729 casu
709 1694 936 1736 contracta,
954 1701 1026 1726 seu
1047 1685 1230 1727 consilio.
1293 1685 1344 1725 L.
1367 1685 1464 1727 Ati·
1475 1710 1521 1730 sa.
1589 1667 1608 1698 p

44 1744 125 1785 lius
145 1745 332 1787 inlustris
353 1745 604 1795 adolescens,
623 1759 755 1800 quum
777 1743 819 1784 in
840 1743 1034 1784 concione
1056 1758 1142 1783 esse
1162 1741 1368 1798 populum
1393 1744 1465 1784 Sa·-

43 1802 305 1843 mothracum
321 1803 506 1844 animum
520 1801 781 1851 advertisset,
796 1816 821 1841 a
836 1799 1150 1856 magistratibus
1168 1799 1304 1855 petiit,
1320 1808 1368 1841 ut
1385 1799 1462 1841 sibi

43 1858 188 1914 paucis
218 1859 472 1916 adloquendi
502 1859 648 1916 populi
679 1866 930 1914 potestatem
970 1857 1165 1898 facerent.
1239 1856 1463 1906 Permisso,

54 1916 195 1957 Utrum
226 1931 310 1966 nos,
341 1918 518 1971 hospites
547 1917 841 1965 Samothraces,
871 1929 962 1956 vere
991 1915 1225 1968 accepimus,
1258 1927 1313 1953 an
1326 1914 1462 1968 falso,

43 1971 240 2015 22sacram
261 1975 365 2015 hanc
387 1975 572 2023 insulam,
596 1980 634 2014 et
664 1973 828 2027 augusti
857 1978 982 2013 totam
1013 1978 1133 2026 atque
1165 1971 1359 2012 inviolati
1387 1972 1466 2012 soli

45 2034 160 2072 esse?
223 2032 365 2081 Quum
395 2031 566 2072 creditae
596 2029 806 2072 sanctitati
837 2028 1147 2070 adsentirentur
1175 2043 1333 2078 omneS,
1380 2030 1465 2071 Cur

46 2088 191 2143 igitur,
225 2088 377 2143 inquit,
408 2088 442 2112 ⁶2³
447 2090 649 2142 pollutam
678 2087 882 2128 homicida
911 2087 1112 2141 sanguine
1139 2086 1252 2141 regis
1271 2086 1466 2127 Eumenis

89 2271 127 2302 17
153 2271 258 2302 Decem
275 2274 369 2311 ponda
391 2273 476 2313 auri]
512 2272 641 2302 Mamas
662 2280 730 2301 nos-
831 2269 870 2299 21
911 2269 1019 2310 Regem
1056 2267 1162 2297 Persea
1201 2267 1313 2297 consuli
1358 2267 1467 2297 Paullo

43 2320 138 2346 trates
153 2316 205 2346 15.
220 2315 325 2347 uncias
339 2317 370 2346 5.

90 2359 129 2388 18
160 2359 207 2388 Ad
234 2369 374 2389 summam
403 2358 524 2387 sestertii
551 2355 655 2397 decies]
680 2355 733 2386 Ad

46 2401 130 2431 mille
163 2401 312 2435 sestertia,
342 2411 406 2436 seu,
438 2399 521 2440 quod
556 2399 639 2430 idem
675 2404 732 2433 est,

47 2443 200 2475 sestertios
228 2443 331 2474 decies
357 2442 472 2474 centies
503 2442 668 2472 millenos:
700 2441 733 2471 id

47 2492 104 2522 est,
120 2497 240 2517 marcas
256 2492 405 2517 nostrates
421 2485 539 2526 argenti
559 2485 652 2516 3906.
676 2495 733 2514 un-

46 2529 111 2561 cias
124 2530 155 2559 2.
178 2530 324 2561 Ceterum
339 2530 388 2560 hic
403 2529 502 2571 prima
523 2527 617 2558 editio
641 2528 736 2558 habet

45 2574 216 2604 sestertium.
258 2572 398 2603 Mutavit
413 2571 596 2604 Gronovius.

95 2615 133 2645 19
171 2615 270 2649 Quum
305 2617 416 2646 litteras
450 2616 485 2645 ab
520 2625 586 2655 rege
616 2613 734 2653 Perseo]

50 2656 181 2699 Subjicit
220 2658 363 2689 Muretus
402 2660 519 2689 missas.-
564 2667 632 2698 quae
678 2667 735 2687 vox

50 2699 224 2731 necessaria
237 2700 366 2736 videtur,
383 2702 430 2732 vel
450 2702 565 2731 allatas.

99 2744 140 2773 20
179 2742 392 2773 Bastarnarum
426 2745 570 2774 excivisset
606 2742 733 2782 aurilia]

50 2786 157 2816 Prima
181 2785 274 2816 editio
299 2787 423 2816 clotsset:
447 2787 580 2826 vulgatae
606 2787 733 2824 scripsis-

49 2835 99 2859 set.
145 2827 318 2859 Gronovius
340 2828 438 2859 edidit
458 2831 617 2860 excivisset:
651 2828 735 2868 quod

48 2871 212 2913 perplacet.

775 2312 913 2352 salutem]
944 2309 1060 2352 Supple
1080 2312 1185 2340 dicere.
1231 2310 1377 2341 Ceterum
1399 2320 1465 2340 me-

776 2355 836 2386 lius
858 2355 1013 2386 videretur
1035 2353 1103 2395 ipsa
1124 2351 1305 2383 salutatoria
1327 2352 1465 2394 epistolae

778 2398 872 2429 verba
914 2396 1039 2428 referri:
1086 2396 1147 2426 Res.
1192 2396 1320 2426 Perseus
1355 2396 1468 2426 cmzsuli

777 2442 890 2471 Paullo
903 2441 1036 2470 salntem.

829 2485 871 2514 22
901 2483 1021 2513 Sacram
1048 2483 1123 2512 hanc
1150 2481 1294 2522 insulam]
1329 2481 1380 2511 De
1408 2480 1467 2510 diis

778 2525 1012 2557 Samothracum
1051 2531 1082 2555 et
1118 2534 1224 2555 eorum
1267 2522 1468 2564 religionibus

778 2574 908 2610 egerunt
928 2568 1029 2603 multi,
1046 2567 1101 2599 sed
1123 2567 1175 2598 vix
1198 2565 1371 2608 quidquam
1392 2565 1468 2596 clari

781 2618 834 2643 aut
861 2612 936 2643 certi
964 2611 1144 2642 attulerunt.
1198 2610 1299 2640 *Hoc
1336 2613 1468 2643 constat,

780 2655 850 2686 illas
883 2655 1048 2696 religiones
1082 2664 1136 2695 pro
1166 2652 1377 2683 sanctissimus
1405 2656 1468 2680 toto

781 2699 866 2729 Orbe
894 2698 1017 2728 habitas
1046 2707 1123 2727 esse.
1168 2695 1268 2727 †Vid.
1293 2693 1424 2725 Diodor.
1446 2692 1467 2722 1.

782 2742 823 2772 V.
839 2741 941 2772 strab.
956 2741 976 2771 l.
993 2741 1034 2771 X.
1051 2739 1146 2770 Dion.
1160 2737 1265 2768 Halic.
1281 2737 1302 2767 l.
1320 2737 1349 2766 Ι.

820 2785 861 2814 23
885 2784 1037 2814 Pollutam
1073 2783 1215 2812 homicida
1247 2780 1391 2819 sanguine
1420 2788 1467 2807 re-

777 2829 823 2867 gis
850 2827 989 2858 Eumenis
1013 2824 1147 2863 violavit]
1180 2823 1263 2862 Lege
1288 2831 1358 2851 cum
1388 2820 1467 2851 Gro-

780 2869 871 2900 novio
907 2869 972 2899 sine
1001 2867 1067 2899 ulla
1104 2864 1301 2896 cunctatione
1328 2863 1466 2903 pollutus.
