1831 3194
428 102 549 139 LIB.
580 100 733 137 XLIII.
773 99 905 136 CAP.
937 98 1067 136 XVII.
1388 104 1452 137 111

40 212 199 254 multus
237 210 354 252 ciere.
434 208 544 250 ⁸⁶Ti.
593 207 771 249 Gracchi
817 208 998 263 primum
1043 207 1152 247 bona
1192 210 1459 259 consecravit,
1476 222 1658 253 [*.C.583.

40 268 156 325 quod
177 268 217 309 in
239 267 372 309 multa
391 265 721 322 pignoribusque
742 265 847 320 ejus,
864 264 937 321 qui
961 263 1177 306 tribunum
1200 264 1462 319 adpellasset,
1477 266 1561 297 1³·C·
1582 266 1652 296 169.

43 324 320 366 intercessioni
356 338 437 364 non
467 322 666 378 parendo,
701 321 784 362 ⁸⁷se
827 321 868 362 in
912 321 1097 362 ordinem
1140 321 1352 375 coegisset.
1417 324 1463 362 C.

45 381 223 422 Claudio
266 381 375 421 diem
405 379 528 428 dixit,
560 379 675 434 quod
717 377 954 419 concionem
986 378 1038 418 ab
1082 393 1123 418 se
1168 386 1393 427 avocasset,
1426 387 1467 419 ct

41 437 252 494 ⁸⁸utrique
292 436 448 477 censori
491 435 817 491 perduellionem
849 450 891 475 se
926 435 1118 490 judicare
1158 434 1465 489 pronunciavit,

41 495 235 551 diemque
256 493 430 534 comitiis
451 508 476 533 a
498 494 544 533 C.
567 492 750 548 Sulpicio
770 500 949 547 praetore
983 491 1143 531 urbano
1176 490 1307 546 petiit.
1371 493 1466 532 Non

41 551 327 593 recusantibus
360 549 612 599 censoribus,
635 549 707 605 qui
741 549 903 589 minusu
923 548 1057 604 primo
1091 563 1259 603 quoque
1282 555 1467 604 tempore

35 608 245 665 judicium
275 608 327 648 de
358 622 399 647 se
440 606 623 662 populus
665 606 833 656 faceret,
865 605 905 645 in
937 613 1032 646 ante
1073 605 1160 645 dies
1200 613 1395 645 octavum
1426 614 1467 646 et

44 665 267 721 septimum
312 663 522 704 Kalendas
564 663 766 704 Octobres
806 662 983 703 comitiis
1021 661 1317 717 perduellionis
1357 662 1470 703 dicta

41 722 140 763 dies.
218 723 418 763 Censores
458 719 670 776 extemplo
704 719 747 760 in
782 719 935 760 atrium
979 718 1208 759 Libertatis
1249 718 1470 760 adscende-

41 786 164 820 runt:
210 787 265 828 et,
287 777 344 819 ibi
376 776 547 833 signatis
582 776 745 817 tabellis
775 776 969 832 publicis,
991 775 1215 830 clausoque
1246 775 1468 825 tabulario,

41 844 83 877 et
118 835 295 876 dimissis
327 833 494 875 ⁸⁹servis
524 833 717 889 publicis,
751 840 974 889 negarunt,
1006 848 1048 874 se
1088 831 1206 888 prius
1236 832 1468 887 quidquam

42 892 200 948 publici
223 892 379 946 negotii
401 899 608 946 gesturos,
631 905 758 946 quam
775 890 985 946 judicium
1005 889 1151 945 populi
1173 889 1225 929 de
1247 903 1288 928 sc
1310 890 1468 930 factum

42 958 161 990 esset.
223 945 344 989 Prior
373 947 577 988 Claudius
611 962 796 988 caussam
829 946 960 988 dixit:
1005 954 1061 996 et,
1085 961 1218 1001 quum
1240 944 1332 986 ⁹⁰ex
1365 946 1470 987 duo-

42 1006 177 1047 decim
228 1004 425 1046 centuriis
477 1003 667 1060 equitum
719 1012 814 1044 octo
860 1018 1070 1044 censorem
1111 1002 1468 1052 condemnassent,

43 1063 272 1118 multaeque
315 1062 407 1103 aliae
436 1061 584 1117 primae
613 1060 766 1110 classis,
801 1059 1011 1115 extemplo
1040 1058 1249 1114 principes
1290 1059 1470 1100 civitatis

42 1119 85 1160 in
116 1126 340 1175 conspectu
382 1117 544 1174 populi,
575 1116 740 1158 annulis
778 1116 913 1157 aureis
955 1114 1116 1171 positis,
1148 1123 1304 1156 vestem
1334 1123 1470 1157 muta

42 1185 157 1227 runt,
202 1184 251 1217 ut
294 1174 501 1231 supplices
544 1173 709 1230 plebem
754 1172 1032 1215 circumirent.
1106 1171 1296 1213 Maxime
1332 1180 1469 1213 tamen
1481 1183 1657 1215 Absolvun-

43 1232 289 1275 sententiam
323 1231 494 1273 vertisse
527 1231 681 1272 dicitur
716 1230 784 1271 Ti.
810 1230 1041 1279 Gracchus,
1063 1229 1194 1285 quod,
1223 1244 1356 1285 quum
1391 1229 1541 1270 elatur-

43 1305 134 1331 mor
154 1289 341 1345 undique
360 1288 494 1345 plebis
527 1296 647 1338 esset,
700 1287 902 1328 ericulum
926 1286 1118 1328 Graccho
1150 1300 1235 1328 non
1253 1301 1354 1336 esse,
1377 1301 1471 1328 con-

44 1346 174 1403 ceptis
194 1346 331 1388 verbis
357 1345 534 1401 juravit,
557 1344 589 1386 si
624 1360 672 1385 co
690 1345 783 1401 lega
809 1344 1031 1385 damnatus
1052 1350 1172 1393 esset,
1193 1358 1276 1384 non
1305 1358 1472 1400 exspec-

43 1412 132 1446 tato
153 1404 204 1445 de
227 1418 268 1445 se
295 1402 471 1459 judicio,
493 1401 685 1443 comitem
717 1401 848 1443 exsilii
877 1402 968 1457 ejus
998 1400 1206 1441 futurum.
1267 1400 1391 1441 Adeo
1412 1409 1472 1442 ta-

44 1476 139 1502 men
169 1460 223 1502 ad
258 1469 492 1501 extremum
534 1458 621 1514 spei
650 1458 765 1499 venit
808 1473 919 1506 reus,
951 1465 999 1498 ut
1041 1464 1135 1497 octo
1179 1456 1378 1497 centuriae
1417 1457 1471 1497 ad

45 1517 353 1559 damnationem
374 1515 596 1556 defuerint.
657 1514 869 1556 Absoluto
892 1513 1086 1563 Claudio,
1109 1512 1304 1554 tribunus
1336 1513 1471 1569 plebis

46 1574 214 1630 negavit
235 1590 277 1614 se
300 1572 538 1614 Gracchum
559 1572 723 1612 morari.

107 1632 260 1672 XVII.
306 1631 373 1671 Eo
413 1644 535 1679 ann0‚
576 1628 889 1684 postulantibus
930 1626 1266 1683 Aquileiensium
1307 1626 1469 1682 legatis,

45 1687 79 1712 ⁹¹
88 1696 136 1730 ut
156 1702 378 1729 numerum
399 1685 641 1728 colonorum
673 1694 861 1741 augeret,
883 1684 995 1726 mille
1016 1692 1057 1725 et
1079 1683 1322 1739 quingentae
1353 1684 1472 1724 fami-

45 1744 114 1786 liae
135 1759 187 1787 ex
220 1742 578 1786 senatusconsulto
611 1741 791 1798 scriptae,
813 1741 1122 1797 triumvirique,
1145 1740 1219 1796 qui
1253 1755 1322 1782 eas
1341 1740 1472 1782 dedu-

544 1832 560 1850 ¹¹
573 1840 627 1871 quo
640 1830 739 1860 minus
754 1829 853 1862 Gron.
869 1829 960 1861 Crev.

91 1919 133 1950 86
159 1917 202 1949 Ti.
221 1918 372 1948 Gracchi.
397 1938 406 1947 .
428 1937 437 1946 .
460 1916 532 1946 hona
545 1916 736 1956 consecravit]
772 1915 931 1955 judicare]
972 1915 1012 1945 Se
1035 1912 1178 1955 judicare
1207 1918 1374 1954 utrumque
1400 1922 1473 1943 cen-

49 1962 206 1993 Bonorum
230 1962 272 1998 Q.
285 1959 423 1995 Metelli,
447 1958 508 1989 Cn.
524 1958 661 1994 Lentuli,
677 1964 738 1989 etc.

48 2005 107 2036 hoc
131 2003 221 2034 modo
244 2014 263 2034 a
284 2002 415 2034 tribunis
444 2001 546 2043 plebis
574 2011 738 2032 consecra-

48 2053 148 2079 torum
174 2046 363 2077 mentionem
390 2045 467 2075 facit
496 2044 565 2076 Cic.
589 2055 644 2086 pro
672 2045 739 2075 Do-

49 2101 112 2127 mo,
138 2101 168 2121 n.
191 2090 264 2120 123.
288 2094 319 2119 et
338 2098 426 2130 seqq.
479 2087 527 2118 Ea
549 2087 741 2118 consecratio

50 2133 143 2164 fiebat
166 2133 199 2164 in
220 2131 381 2168 concione,
405 2135 488 2161 certo
512 2130 649 2171 quodam
673 2141 739 2162 ver-

48 2177 157 2208 borum
180 2175 328 2211 carmine,
344 2173 447 2207 foculo
469 2173 580 2215 posito,
596 2179 628 2204 et
651 2173 741 2204 adhi-

50 2219 116 2251 bito
138 2218 277 2250 tibicine.
321 2218 398 2259 Ejus
423 2217 505 2247 hanc
520 2216 582 2246 vim
606 2226 672 2247 esse
687 2227 741 2247 vo-

49 2262 135 2294 lebat
156 2262 183 2293 is
201 2260 256 2304 qui
278 2261 361 2291 bona
383 2259 514 2301 alicujus
538 2269 740 2290 consecrave-

51 2312 110 2341 rat,
129 2311 164 2336 ut
188 2305 271 2336 bona
292 2303 348 2334 illa
369 2302 464 2334 alicui
487 2301 558 2338 de0,
580 2308 658 2344 puta
680 2304 739 2333 Ce-

50 2349 121 2384 reri,
131 2348 198 2390 jam
220 2356 310 2378 sacra
331 2351 444 2382 essent,
461 2355 498 2377 ac
521 2345 649 2387 proinde
669 2345 739 2375 nul-

50 2391 116 2422 lum
141 2391 181 2422 ad
205 2390 367 2433 profanum
389 2399 480 2419 usum
502 2388 581 2418 vetri
603 2393 740 2430 possent,

52 2434 146 2475 inque
161 2444 199 2464 ea
214 2434 267 2476 jus
281 2442 371 2463 omne
393 2431 550 2463 amitteret
572 2431 598 2461 is
614 2431 667 2472 qui
688 2431 744 2462 ina

53 2482 145 2508 autea
158 2476 348 2519 possederat.
395 2474 458 2506 Sed
479 2474 519 2505 ad
542 2473 662 2504 irritum
689 2484 743 2505 ca-

52 2519 169 2550 debant
200 2519 264 2549 illae
301 2518 405 2554 minae,
441 2522 473 2548 et
507 2516 640 2548 scenicae
678 2516 743 2547 illae

53 2561 283 2603 theatralesque
311 2561 462 2592 bonorum
497 2559 745 2591 consecrationes

55 2604 156 2635 fraudi
174 2614 236 2635 non
258 2609 346 2635 erant
367 2602 602 2645 possessoribus.
660 2604 742 2633 Haec

56 2646 161 2677 omnia
174 2647 265 2678 docet
280 2647 391 2679 Cicero
405 2646 473 2677 loco
487 2650 667 2677 memorato.

101 2690 140 2719 87
152 2689 170 2708 *
181 2689 216 2719 Se
229 2692 262 2720 in
280 2692 409 2720 ordinem
430 2688 577 2730 coiigisset]
603 2689 623 2720 J
626 2699 661 2719 us
676 2698 743 2718 ma-

56 2731 202 2773 gistratus
215 2731 263 2762 sui
276 2732 460 2773 infregisset,
477 2741 514 2763 ac
535 2741 641 2762 secum
655 2731 741 2762 velut

59 2785 131 2806 cum
153 2774 272 2816 privato
295 2774 418 2816 egisset.
462 2773 539 2806 Vid.
554 2779 617 2805 not.
633 2774 684 2805 52.
701 2773 742 2804 ad

59 2818 126 2849 ΙΙΙ.
143 2818 193 2848 35.

112 2861 152 2890 88
188 2859 309 2900 Utrique
334 2862 441 2890 censori
467 2860 689 2900 perduellionem
716 2869 744 2888 se

782 1968 882 1988 sorem
925 1956 1146 2000 perduellionis
1192 1956 1321 1987 crimine
1364 1956 1473 1986 teneri.

784 2001 846 2031 Sed
868 2000 927 2031 hoc
946 1999 1100 2042 judicium
1122 2004 1224 2030 ratum
1240 2009 1306 2030 esse
1321 2009 1382 2029 non
1404 2004 1472 2040 pot·

784 2049 861 2079 erat,
887 2043 945 2074 nisi
969 2043 1102 2086 populus
1130 2041 1284 2083 suffragiis
1311 2042 1373 2073 suis
1395 2041 1473 2072 illud

784 2086 947 2117 firmasset.
1001 2086 1122 2117 Eodem
1148 2085 1211 2116 fere
1238 2085 1329 2116 modo
1356 2084 1474 2115 mulcta

784 2129 947 2160 dicebatur
973 2139 993 2160 a
1014 2128 1209 2169 magistratu,
1232 2127 1287 2158 sed
1305 2128 1474 2169 jubebatur

785 2182 804 2203 a
818 2172 944 2214 populo.
989 2171 1115 2202 Recens
1138 2170 1315 2212 exemplum
1330 2170 1427 2201 habes
1442 2170 1474 2200 in

786 2215 942 2250 Lucretio,
967 2225 1061 2256 supra
1083 2225 1112 2245 c.
1127 2215 1158 2246 8.
1202 2213 1254 2244 De
1277 2214 1475 2253 perduellione

783 2257 847 2288 vid.
865 2263 927 2288 not.
944 2258 998 2289 85.
1014 2256 1054 2288 ad
1069 2256 1089 2287 l.
1106 2257 1134 2288 Ι.
1158 2267 1187 2288 e.
1200 2256 1255 2287 26.

835 2301 877 2331 89
908 2301 1003 2331 Servis
1036 2300 1177 2340 publicis]
1224 2298 1311 2329 Servi
1355 2298 1474 2340 publici

784 2349 856 2374 sunt
880 2342 903 2373 ii
927 2343 992 2384 qui,
1009 2343 1066 2373 etsi
1088 2342 1204 2373 nullius
1226 2340 1350 2383 privati,
1365 2347 1397 2371 at
1419 2352 1473 2383 po-

784 2386 850 2428 puli
866 2386 945 2417 servi
969 2392 1053 2417 sunt.
1097 2385 1191 2416 Tales
1213 2384 1292 2415 servi
1317 2384 1357 2414 ad
1383 2385 1474 2415 tabu·

786 2429 855 2461 larii
886 2429 1057 2460 ministeria
1084 2434 1197 2471 praesto
1223 2432 1311 2458 erant
1340 2427 1474 2458 censori-

785 2473 855 2505 bus.

828 2516 872 2546 90
896 2515 942 2545 Ex
977 2515 1127 2545 duodecim
1156 2514 1297 2543 centuriis
1329 2513 1474 2552 equitum]

788 2559 858 2589 Imo
901 2559 1064 2588 octodecim.
1122 2557 1183 2587 Tot
1219 2555 1303 2586 enim
1343 2554 1476 2584 instituit

786 2602 851 2632 Ser.
866 2600 1000 2631 Tullius.
1046 2598 1121 2631 Vid.
1135 2609 1228 2640 supra
1243 2598 1264 2630 1.
1279 2599 1308 2629 I.
1323 2607 1353 2628 c.
1365 2598 1418 2627 43.

829 2645 868 2674 91
899 2643 939 2673 Ut
964 2653 1120 2673 numerum
1145 2643 1310 2672 colono-rum
1337 2637 1472 2680 augeret]

788 2687 884 2728 Lege,
907 2693 941 2716 ut
978 2696 1116 2716 numerus
1141 2685 1314 2724 {colonorum
1352 2691 1474 2721 augere-

786 2736 855 2760 tur:
887 2729 937 2760 vel
960 2728 993 2760 in
1015 2728 1053 2759 iis
1075 2738 1147 2770 quae
1169 2725 1362 2769 praecedunt,
1375 2729 1473 2763 postu-

786 2773 913 2804 lantibus
948 2784 967 2803 a
1000 2778 1103 2803 senatu
1132 2769 1359 2810 Aquileiensium
1395 2766 1473 2806 lega-

786 2817 834 2848 tis.
