1826 3149
349 71 423 117 196
749 76 751 78 ’
862 69 1006 108 TITI
1055 65 1231 105 LIVII

136 189 177 222 U.
188 190 224 222 C.
238 190 311 221 535.
344 180 479 222 vitatis
498 179 746 222 accessionem
759 176 905 230 facitis
918 176 940 216 ξ)
974 177 1171 231 Equidem
1198 190 1268 229 pro
1292 174 1432 229 patria
1453 175 1518 229 qui
1549 174 1667 215 letum
1689 172 1755 214 ob-

135 233 175 264 Α·
190 234 227 264 C·
242 233 313 264 167.
343 239 547 291 petissent,
567 235 814 289 saepesanclo
834 234 968 274 audivi
982 252 994 273 .·
1026 234 1093 287 qui
1110 234 1289 285 patriam
1305 248 1378 286 pro
1398 246 1440 273 se
1458 231 1585 284 perire
1604 243 1754 286 aequum

347 301 553 343 censerent,
577 295 615 334 hi
641 293 758 345 primi
775 291 919 331 inventi
933 297 1040 332 sunt.
1103 290 1206 338 Quin
1226 291 1424 343 aperimus
1452 295 1600 340 portas,
1623 295 1660 328 et
1681 289 1755 328 im-

344 353 496 406 perium
519 351 745 402 accipimus,
761 349 866 401 quod
885 348 986 388 orbis
1009 354 1200 388 terrarum
1217 349 1363 400 accepit
1377 346 1397 386 ?
1429 347 1534 387 Haec
1551 345 1755 387 dicentem

348 425 478 465 quum
500 406 729 448 multitudo
750 413 1007 460 sequeretur,
1030 404 1241 445 Antinous
1263 413 1304 445 et
1327 403 1574 444 Theodotus
1601 402 1643 442 in
1671 402 1756 458 pri-

349 481 456 507 mam
480 465 697 505 stationem
717 462 899 502 hostium
926 461 1188 516 inruperunt,
1211 469 1337 517 atque
1366 461 1440 510 ibi,
1462 459 1695 500 obserentes
1716 474 1758 499 se

349 523 428 578 ipsi
449 519 706 569 vulneribus,
727 518 945 559 interfecti.
977 519 1077 558 urbs
1099 517 1240 559 dedita
1269 526 1330 558 est
1353 517 1563 558 Romanis.
1626 515 1757 556 Simili

350 577 576 635 pertinacia
599 575 631 600 ¹⁹
642 575 815 631 Cephali
845 574 1042 630 principis
1072 575 1259 615 clausum
1291 575 1558 623 Tecmonem,
1580 573 1670 629 ipso
1699 572 1760 612 in-

351 635 538 683 terfecto,
561 648 635 696 per
655 631 907 673 deditionem
928 631 1094 687 recepit.
1128 633 1215 672 Nec
1240 631 1422 682 Philace,
1439 646 1513 672 nec
1530 631 1757 679 Horreum,

350 692 705 747 obpugnationem
722 688 920 731 tulerunt.
954 689 1110 730 Pacata
1122 688 1269 744 EpirO,
1284 687 1508 743 divisisque
1524 686 1567 727 in
1586 685 1761 727 hiberna

351 747 479 804 copiis
498 762 573 803 per
593 754 849 803 opportunas
866 745 1003 795 urbes,
1017 760 1227 801 regressus
1246 745 1334 801 ipse
1350 744 1392 785 in
1414 743 1647 800 Illyricum,
1665 744 1761 784 Sco-

351 804 453 855 drae',
476 820 561 859 quo
582 803 767 860 quinque
788 801 915 858 legati
935 802 988 843 ab
1011 803 1147 842 Roma
1166 809 1378 852 venerant,
1401 800 1579 842 evocatis
1600 814 1651 840 ex
1672 807 1761 841 tota

351 860 564 918 provincia
591 859 863 917 principibuS,
885 866 1134 899 conventum
1153 858 1314 899 habuit.
1376 857 1444 899 Ibi
1464 873 1540 914 pro
1562 856 1761 898 tribunali

143 927 309 973 Decretupn
383 917 643 959 ronunciavit
689 915 741 957 de
785 915 988 956 sententia
1035 915 1216 956 consilii:
1267 916 1453 956 Senatum
1495 913 1764 968 populumque

143 969 182 1000 de
197 968 320 1010 Illyrus⁴
399 989 585 1015 ornanum
618 973 780 1028 Illyrios
814 986 897 1012 esse
934 973 1073 1012 liberos
1096 971 1251 1026 jubere.
1287 972 1473 1024 praesidia
1504 986 1554 1011 ex
1587 970 1764 1011 omnibus

353 1032 521 1085 oppidis,
537 1031 704 1078 arcibus,
719 1037 757 1070 et
773 1030 944 1070 castellis
960 1043 1042 1070 sese
1058 1031 1327 1070 deducam-um.
1359 1029 1456 1069 Non
1468 1028 1590 1069 solum
1610 1027 1766 1079 liberos,

353 1090 424 1129 sed
445 1090 565 1129 etiam
590 1089 765 1128 inmunes
782 1085 878 1138 fore
899 1088 1086 1134 Issenses,
1109 1093 1144 1126 et
1172 1087 1414 1135 Taulantios,
1442 1085 1767 1127 Dassaretiorum

353 1146 592 1195 ²⁰Pir·ustas‚
616 1145 868 1195 Rhizonitas,
904 1144 1139 1192 Olciniatas,
1170 1145 1287 1198 quod,
1312 1143 1496 1184 incolumi
1525 1143 1686 1191 Gentio,
1712 1143 1768 1182 ad

356 1204 557 1246 Romanos
596 1201 835 1254 defecissent.
895 1201 1092 1241 Daorseis
1137 1215 1285 1256 quoque
1330 1201 1600 1241 inmunitatem
1641 1201 1738 1240 dare
1750 1215 1767 1248 ;

356 1262 475 1314 quod,
501 1260 633 1300 relicto
656 1258 913 1306 Caravantio,
936 1273 1021 1298 cum
1052 1259 1173 1298 armis
1203 1260 1257 1298 acl
1290 1258 1491 1299 Romanos
1523 1259 1768 1298 transissent.

358 1317 648 1365 Scodrensibus,
672 1323 707 1356 et
734 1315 1060 1364 Dassarensibus,
1084 1322 1121 1355 et
1141 1314 1425 1366 2¹Selepuc1m’s,
1442 1315 1649 1368 ceterisque
1672 1314 1770 1367 Illy-

355 1375 434 1424 riis,
455 1373 627 1428 vectigal
657 1373 862 1413 dimidium
890 1373 988 1426 ejus,
1009 1373 1112 1426 quod
1141 1374 1229 1427 regi
1257 1372 1537 1425 2²pendissent.
1598 1371 1705 1412 Inde
1724 1372 1769 1415 in

357 1440 440 1474 tres
471 1439 610 1487 partes
632 1430 850 1486 Illyricum
881 1429 1032 1476 diyisit.
1064 1429 1231 1470 ⁶²⁵unam
1261 1445 1351 1470 eam
1381 1428 1493 1479 fecit,
1515 1444 1611 1484 quae
1642 1443 1768 1484 supra

356 1488 470 1530 dicta
494 1495 580 1535 est3
613 1486 784 1528 alteram
811 1487 1017 1527 Labeatas
1041 1501 1207 1534 omnes3
1240 1486 1404 1527 tertiam
1429 1484 1766 1541 24Agravonitas‚

357 1554 399 1586 et
421 1543 682 1593 Rhizonitas,
704 1552 744 1584 et
767 1542 1006 1593 Olciniatas,
1029 1543 1276 1599 adcolasque
1304 1558 1458 1583 eorum.
1489 1542 1566 1583 hae
1587 1541 1768 1583 formula

358 1601 473 1643 dieta
501 1601 543 1641 in
576 1599 760 1656 Illyrico,
782 1599 870 1656 ipse
904 1599 946 1640 in
977 1599 1098 1656 Epiri
1129 1601 1398 1641 Passaronem
1427 1599 1470 1640 in
1503 1598 1677 1640 hiberna
1706 1613 1768 1639 re-

358 1657 449 1699 diit.

143 1721 341 1754 Macedoniae
417 1714 620 1755 XXVII.
653 1714 768 1753 Dum
803 1712 904 1753 haeo·
925 1712 966 1752 in
1004 1712 1175 1769 Illyrico
1208 1720 1428 1769 geruntur,
1462 1711 1638 1753 Paullus
1672 1718 1768 1753 ante

145 1771 207 1837 {3¹3³
222 1766 311 1796 urbes
359 1770 585 1812 adventum
621 1769 762 1810 deceni
798 1770 1029 1825 legatorum
1067 1770 1114 1819 Q.
1139 1770 1377 1811 Maximum
1412 1769 1560 1818 filium,
1591 1769 1679 1824 jam
1715 1769 1768 1809 ab

147 1814 271 1883 3¹23)OE
286 1818 305 1840 a
360 1828 497 1869 Roma
515 1842 762 1884 regressum,
779 1826 832 1867 ad
850 1825 1067 1881 AEginium
1090 1835 1129 1867 et
1147 1827 1330 1882 Agassas
1345 1825 1598 1881 diripiendas
1618 1824 1766 1866 mittit:

360 1886 557 1940 Agassas,
591 1883 720 1939 quod,
752 1898 883 1939 quum
917 1883 1078 1923 Marcio
1113 1883 1269 1925 consuli
1306 1882 1573 1924 tradidissent
1604 1882 1767 1931 urbem,

358 1941 491 1998 petita
509 1940 622 1981 ultro
652 1939 844 1981 societate
867 1940 1070 1990 Romana,
1093 1939 1327 1981 defecerant
1348 1955 1493 1981 rursus
1513 1938 1566 1979 ad
1589 1940 1765 1979 Persea:

359 1997 665 2053 AEginiensium
687 2012 841 2038 novum
871 1996 1023 2037 crimen
1053 2005 1153 2038 erat.
1186 1996 1309 2037 famae
1339 1997 1390 2038 de
1411 1995 1584 2037 victoria
1614 1995 1769 2035 Roma-

358 2069 507 2096 norum
541 2053 666 2094 fidem
700 2068 783 2094 non
821 2053 1035 2103 habentes,
1067 2053 1110 2094 in
1145 2054 1349 2109 quosdam
1389 2052 1585 2103 militum,
1619 2051 1769 2092 urbem

414 2196 453 2226 19
491 2195 609 2234 Cephali
642 2195 796 2235 principis]
842 2194 891 2225 Sic
927 2204 1039 2225 nomen
1125 2197 1166 2226 22
1204 2196 1388 2236 Peridissent]
1427 2192 1579 2225 Usitatius
1610 2192 1686 2223 foret
1720 2203 1770 2231 pe-

357 2237 448 2277 hujus
470 2237 598 2278 insignis
618 2237 672 2268 viri
690 2237 786 2268 edunt
800 2243 830 2268 et
846 2237 994 2277 Polybius
1008 2237 1040 2267 in
1080 2241 1252 2278 pendissent.
1297 2238 1372 2269 Vid.
1393 2243 1498 2268 tamen
1527 2236 1565 2266 de
1589 2235 1647 2265 hoc
1675 2235 1767 2265 verbo

358 2280 501 2322 Excerpt.
524 2281 562 2311 de
585 2280 665 2311 virt.
683 2286 713 2311 et
736 2281 800 2311 vit.
816 2280 838 2310 l.
853 2281 996 2311 XXVII.
1011 2285 1042 2311 et
1084 2282 1115 2312 N
1118 2292 1164 2312 ov.
1181 2280 1322 2311 Method.
1340 2281 1429 2320 Ling.
1445 2281 1513 2310 Lat.

357 2321 421 2363 ipse
442 2322 546 2353 Livius
564 2333 656 2364 supra
669 2324 690 2353 l.
705 2323 830 2354 XLIII.
845 2333 871 2353 c.
888 2324 936 2353 18.
961 2323 1040 2354 Vul-
1125 2325 1166 2355 23
1196 2324 1291 2354 Unum
1312 2335 1374 2354 eam
1387 2324 1477 2364 secit,
1493 2331 1558 2362 quae
1579 2332 1667 2360 supra
1689 2322 1771 2352 dicta

356 2365 421 2405 gati
436 2365 484 2395 hic
498 2365 613 2396 habent
629 2366 808 2405 Cephalonis.
1083 2368 1138 2407 est]
1178 2366 1340 2397 Ubinam?
1376 2365 1437 2396 Vel
1456 2364 1506 2395 hic
1522 2364 1626 2404 aliqua
1648 2362 1770 2393 interci-

399 2408 440 2437 ‘20
464 2408 613 2449 Pirustas]
639 2408 688 2438 Sic
701 2409 769 2448 lege
789 2406 879 2448 jussit
899 2408 1041 2449 Sigonius
1083 2410 1204 2444 derunt,
1221 2410 1267 2440 vel
1290 2419 1353 2439 rem
1376 2418 1437 2438 non
1459 2417 1568 2449 parum
1589 2416 1664 2436 sane
1683 2405 1769 2436 fasti-

357 2458 395 2479 ex
411 2450 580 2480 Ptolemaeo
603 2456 633 2480 et
656 2451 815 2481 Strabone.
859 2451 964 2481 Antea
989 2452 1038 2481 Ti·
1083 2452 1200 2482 diosam
1241 2451 1450 2491 indiligentius
1492 2448 1670 2480 transcurrit
1715 2447 1767 2478 Li-

356 2497 461 2522 rustas.
1082 2495 1157 2524 vius.
1204 2495 1248 2525 Ut
1265 2499 1298 2524 ut
1311 2493 1360 2527 sit,
1376 2498 1457 2523 certe
1476 2491 1561 2522 haud
1582 2490 1671 2521 facile
1693 2489 1768 2520 defi-

399 2534 437 2564 21
463 2534 647 2574 Selepitanis]
685 2534 832 2575 Dujatius
866 2534 1038 2576 suspicatur
1081 2537 1138 2567 niri
1161 2541 1260 2577 potest
1277 2546 1314 2566 ex
1338 2534 1598 2568 antecedentibus,
1613 2544 1690 2574 quos
1712 2543 1767 2574 po-

356 2574 414 2607 hoc
435 2586 546 2606 nomen
568 2582 741 2617 corruptum
764 2587 829 2607 esse
850 2587 887 2607 ex
911 2580 1035 2617 Sepuris,
1081 2579 1169 2621 pulos
1183 2577 1324 2609 habuerit
1337 2577 1435 2618 prima
1456 2577 1523 2607 haec
1547 2575 1665 2618 Illyrici
1688 2585 1770 2616 pars.

357 2618 524 2657 Epetitinis,
539 2619 591 2659 qui
615 2618 698 2660 apud
720 2619 856 2649 Plinium
878 2621 1036 2661 appellan-
1123 2622 1165 2651 24
1202 2621 1410 2662 Agravonitas]
1450 2620 1592 2650 Fortasse
1623 2619 1767 2649 Ascrivio-

355 2666 403 2691 tur
425 2661 446 2691 l.
462 2662 527 2692 III.
543 2672 569 2692 e.
584 2663 635 2693 22.
679 2661 739 2692 Sed
762 2661 887 2692 fortasse
910 2673 970 2692 non
993 2668 1039 2693 est
1081 2666 1168 2693 nilus.
1212 2662 1387 2693 Ascrivium
1415 2663 1487 2693 urbs
1514 2667 1560 2692 est
1587 2660 1767 2696 Dalmatiae,

353 2703 436 2743 quod
472 2704 615 2735 miremur
647 2703 785 2744 ignotum
820 2703 907 2733 nobis
932 2705 1038 2746 populi
1082 2711 1250 2736 memorata
1272 2705 1374 2736 Plinio
1398 2710 1428 2735 et
1451 2704 1628 2735 Ptolemaeo.
1651 2704 1768 2734 Dum-

354 2755 465 2776 nomen
494 2757 668 2778 occurrere:
694 2757 749 2777 nec
773 2746 923 2787 quidquid
951 2748 1037 2787 igno-
1082 2761 1169 2780 T1U5.
1214 2747 1274 2778 Sed
1294 2749 1333 2779 ab
1356 2749 1486 2778 Asca-{0170
1506 2748 1581 2777 urbe
1605 2756 1666 2778 non
1687 2746 1767 2776 bene

354 2798 465 2824 ramus,
483 2789 586 2820 statim
611 2800 664 2831 pro
691 2794 831 2831 suspecto
860 2789 1036 2821 habendum
1082 2791 1261 2822 formaretur
1296 2801 1407 2822 nomen
1444 2789 1628 2832 gentilitium
1668 2789 1767 2819 Ascri-

353 2836 408 2860 esst-
1082 2835 1211 2865 vionitoe.
1255 2833 1360 2865 Liceat
1376 2833 1479 2873 aliqua
1493 2833 1644 2874 ignorare.
