1831 3194
446 120 573 159 L113.
605 118 750 158 XLIV.
797 117 933 156 CAP.
963 117 1093 156 XXX.
1408 122 1481 163 149

61 227 207 271 urbem
247 231 456 287 petebant.
524 229 622 280 Sed,
662 228 835 285 propius
875 227 1022 269 urbem
1062 226 1186 269 lembi
1227 241 1474 282 accessuque
1488 235 1528 267 U.
1542 238 1579 267 c.
1592 234 1666 266 584.

58 288 338 329 commodiore
377 302 509 344 quum
555 285 842 343 exposuissent
891 293 1086 335 armatos,
1126 282 1280 341 partim
1327 282 1370 323 in
1410 283 1477 324 via
1491 278 1526 309 A.
1540 279 1580 310 C.
1594 277 1665 308 168.

59 342 270 398 fugientes
292 344 436 386 Gallos
468 343 608 400 adepti
641 343 894 386 Macedones
923 341 1176 392 ceciderunt,
1197 340 1349 397 partim
1380 348 1476 381 ante

59 409 223 454 portam
254 402 454 443 exclusos,
487 401 719 443 clauserant
751 399 860 440 enim
893 398 987 440 Chii
1023 407 1202 454 portam,
1228 397 1378 453 ignari,
1402 397 1474 453 qui

59 456 267 511 fugerent,
290 466 362 499 aut
390 466 675 514 sequerentur.
737 455 977 511 Octingenti
1009 457 1138 497 ferme
1161 455 1379 496 Gallorum
1410 470 1477 495 oc-

59 513 146 563 cisi,
169 515 337 556 ducenti
364 515 446 555 vivi
472 515 606 571 capti:
640 513 751 570 equi,
773 528 870 569 pars
900 513 942 554 in
972 512 1090 562 mari,
1112 512 1255 554 fractis
1284 511 1475 562 navibus,

58 570 266 619 absumti3
298 572 451 628 partim
471 571 660 613 5⁹nervos
690 570 962 612 subciderunt
992 569 1033 609 in
1064 569 1183 610 litore
1210 568 1475 610 Macedones.

62 626 209 683 viginti
250 629 412 670 eximiae
452 645 581 685 equos
616 628 761 669 sormae
793 642 889 668 cum
923 626 1100 682 captivis
1135 626 1300 668 eosdem
1335 625 1476 666 decem

60 683 231 734 lembos,
271 701 377 741 quos
406 694 502 727 ante
545 686 728 735 miserat,
758 686 950 725 Antenor
982 683 1185 724 devehere
1215 682 1480 724 Thessaloni-

58 756 148 781 cam
177 742 318 805 jussit‚
345 751 384 784 ct
418 742 553 799 primo
583 757 753 798 quoque
788 750 974 797 tempore
1005 740 1058 781 ad
1094 740 1263 781 classem
1300 740 1475 781 reverti:

59 797 216 839 Phams
250 815 292 840 se
326 816 395 841 eos
426 807 779 855 exspectaturum.
842 797 1056 839 Triduum
1088 797 1218 838 ferme
1251 797 1391 838 classis
1422 797 1477 838 ad

59 855 203 896 urbem
239 856 365 898 stetit.
428 857 594 898 Phanas
622 855 720 897 inde
751 854 959 919 progressi
989 863 1102 904 sunt,
1129 862 1185 904 et,
1209 869 1280 910 spe
1305 853 1478 896 celerius

57 912 232 954 reversis
266 913 407 956 decem
449 913 609 965 lembis,
642 921 773 954 evecti
808 913 946 968 AEgeo
981 910 1084 952 mari
1118 910 1273 953 Delum
1308 910 1479 967 trajece-

58 978 170 1010 runt.

118 1026 306 1068 XXIX.
340 1028 455 1068 Dum
491 1028 582 1069 haec
616 1034 837 1084 geruntur,
872 1026 998 1083 legati
1032 1026 1228 1076 Romani,
1261 1027 1309 1068 C.
1339 1025 1480 1082 Popil-
1492 1032 1608 1082 Legati·
1645 1075 1651 1080 -

60 1081 248 1133 lius‚.et¹
271 1086 318 1125 C.
342 1084 572 1135 Decimius,
604 1092 645 1125 et
678 1085 725 1125 C.
750 1083 974 1134 Hostilius,
999 1098 1025 1124 a
1055 1082 1255 1124 Chalcide
1286 1082 1478 1138 profecti,
1493 1076 1690 1150 nimbmlm‘

60 1138 195 1181 tribus
230 1141 602 1198 quinqueremibus
633 1140 788 1181 Delum
819 1155 952 1195 quum
982 1139 1204 1189 venissent,
1236 1139 1393 1181 lembos
1422 1138 1480 1180 ibi
1493 1130 1561 1150 ⁵⁰³
1610 1130 1668 1150 Μ’

61 1196 343 1239 Macedonum
374 1198 668 1255 quadraginta,
694 1205 736 1239 et
766 1196 954 1253 quinque
989 1196 1098 1260 regis
1129 1196 1331 1238 Eumenis
1360 1196 1482 1252 quin-

59 1267 275 1308 queremes
304 1255 564 1297 invenerunt.
628 1254 834 1296 Sanctitas
864 1253 1009 1310 templi
1043 1253 1275 1309 msulaeque
1309 1254 1482 1295 inviola-

60 1316 124 1351 tos
154 1313 381 1366 praestabat
410 1328 564 1353 omnes.
627 1313 780 1368 Itaque
810 1310 1008 1367 permixti
1031 1311 1296 1367 Romanique
1323 1319 1365 1353 et
1387 1311 1482 1352 Ma-

60 1367 235 1409 cedones
265 1377 307 1410 et
335 1369 538 1411 Eumenis
569 1369 735 1410 navales
768 1367 865 1409 socii
897 1368 940 1408 in
973 1368 1145 1424 templo,
1170 1367 1359 1409 inducias
1390 1367 1483 1409 reli-

59 1423 182 1479 gione
222 1425 300 1466 loci
340 1427 567 1482 praebente,
603 1426 889 1466 versabantur.
951 1426 1158 1475 Antenor,
1196 1424 1336 1466 Persei
1375 1439 1483 1480 prae-

62 1481 212 1532 fectus,
235 1498 367 1538 quum
389 1483 550 1538 aliquas
569 1482 603 1506 ⁶⁰
616 1483 701 1523 alto
728 1481 917 1538 praeferri
937 1480 1145 1522 onerarias
1175 1496 1300 1522 naves
1320 1496 1371 1522 ex
1394 1497 1484 1538 spe-

63 1537 168 1578 culis
209 1539 487 1594 significatum
527 1540 650 1589 foret,
685 1547 805 1595 parte
845 1537 1078 1579 lemborum
1118 1539 1207 1594 ipse
1246 1537 1482 1594 insequens,

64 1603 183 1650 parte
214 1611 290 1651 per
317 1596 522 1652 Cycladas
549 1596 764 1652 disposita,
789 1602 1071 1651 praeterquam
1103 1594 1136 1635 si
1166 1610 1262 1651 quae
1288 1595 1487 1636 Macedo-

64 1651 174 1692 niam
199 1661 403 1707 peterent,
425 1668 567 1694 omnes
588 1661 662 1694 aut
683 1651 985 1708 subprimebat,
1007 1660 1081 1693 aut
1113 1651 1317 1708 spoliabat
1347 1667 1484 1693 naves.

64 1707 96 1731 ⁶¹
110 1708 265 1764 quibus
289 1718 469 1766 poterat,
493 1709 698 1766 Popillius
718 1717 792 1750 aut
814 1708 1017 1749 Eumenis
1038 1723 1164 1749 naves
1185 1709 1483 1750 subcurrebat:

63 1763 98 1789 ⁰⁰²
112 1765 183 1806 sed
205 1767 311 1808 vecti
342 1776 462 1808 nocte
491 1767 599 1808 binis
629 1775 703 1808 aut
733 1765 861 1807 ternis
892 1765 1142 1822 plerumque
1177 1765 1323 1807 lembis
1346 1767 1488 1807 Mace-

65 1822 193 1863 dones
213 1823 425 1865 fallebant.
488 1825 570 1865 Per
590 1823 634 1864 id
654 1823 741 1864 fere
763 1831 929 1878 tempus
959 1822 1086 1878 legati
1108 1822 1362 1863 Macedones
1386 1823 1439 1863 Ill
1471 1851 1488 1858 -

65 1879 201 1936 riique
223 1880 345 1921 simul
368 1881 570 1922 Rhodum
592 1888 812 1930 venerunt,
834 1879 988 1935 quibus
1009 1879 1301 1921 auctoritatem
1322 1839 1488 1922 addidit

67 1951 150 1977 non
181 1937 413 1979 lemborum
445 1938 570 1980 modo
600 1937 820 1988 adventus,
842 1936 995 2000 passim
1027 1952 1102 1992 per
1124 1936 1330 1993 Cycladas
1360 1945 1488 1993 atque

69 1994 271 2049 AEgaeum
292 1995 535 2051 vagantium
556 2010 683 2045 mare,
705 1994 779 2035 sed
808 2002 933 2034 etiam
954 1993 1192 2050 conjunctio
1222 1993 1312 2049 ipsa
1339 2009 1488 2049 regum

70 2050 211 2091 Persei
246 2049 488 2108 Gentiique,
524 2060 566 2093 et
606 2051 719 2092 fama
757 2066 853 2092 cum
893 2066 1044 2106 magno
1084 2066 1258 2091 numero
1297 2050 1488 2106 peditum

69 2107 345 2164 equitumque
367 2109 622 2150 venientium
650 2107 882 2149 Gallorum.
944 2109 1003 2149 Et
1027 2108 1117 2163 jam
1138 2122 1271 2164 quum
1301 2107 1490 2149 accessis-

69 2172 159 2205 sent
189 2165 314 2205 animi
344 2165 499 2206 Dinoni
529 2181 577 2206 ac
607 2165 847 2221 Polyarato,
870 2164 942 2219 qui
965 2164 1105 2205 Persei
1138 2164 1323 2220 partium
1355 2173 1488 2215 erant,

69 2236 151 2261 non
181 2222 359 2277 benigne
389 2223 513 2264 modo
546 2237 788 2279 responsum
821 2221 991 2277 regibus
1020 2230 1097 2272 est,
1120 2221 1191 2262 sed
1228 2221 1365 2277 palam
1396 2236 1491 2277 pro-

70 2278 328 2330 nunciatum,
352 2280 450 2319 bello
465 2279 595 2331 finem
615 2293 656 2319 se
677 2279 908 2319 auctoritate
927 2293 1001 2318 sua
1030 2279 1268 2330 inposituros
1289 2292 1382 2319 esse.
1414 2279 1491 2318 ita-

70 2349 145 2389 que
164 2336 240 2387 ipsi
267 2351 415 2392 quoque
438 2352 553 2393 reges
574 2350 699 2391 aequos
720 2336 950 2376 adhiberent
972 2336 1124 2376 animos
1147 2336 1202 2376 acl
1227 2349 1367 2388 pacem
1389 2335 1489 2376 acci-

68 2392 268 2444 piendam.

130 2451 290 2491 XXX.
321 2450 356 2475 ⁶³
369 2453 467 2493 Jam
498 2451 605 2493 veris
644 2451 896 2508 principium
929 2459 1033 2502 erat,
1069 2449 1250 2506 novique
1285 2450 1413 2491 duces
1447 2448 1489 2490 in

657 2532 674 2550 Χ
689 2536 714 2560 et
732 2529 795 2560 del.
812 2529 903 2560 Crev.

116 2597 156 2626 59
181 2597 290 2628 Nervos
316 2599 517 2640 succiderunt]
551 2599 760 2641 intelligimus
805 2608 876 2628 cum
914 2596 1070 2629 Gronovio
1104 2604 1237 2637 poterant
1273 2602 1303 2628 et
1339 2605 1492 2627 succurre-

74 2649 183 2669 nervos
198 2641 360 2682 poplitum,
377 2648 412 2671 ut
425 2653 518 2683 supra
535 2642 602 2683 jam
618 2642 759 2685 exposui-
803 2643 883 2672 bant.

74 2691 142 2711 mus
155 2682 175 2711 l.
193 2683 368 2715 XXXVII.
385 2695 412 2715 c.
429 2686 483 2716 42.
848 2685 889 2715 62
913 2684 968 2714 Sed
990 2685 1063 2713 recti
1088 2683 1185 2724 nocte]
1217 2682 1278 2713 Sed
1301 2679 1495 2712 Macedones

118 2724 159 2753 60
182 2725 249 2754 Alto
277 2728 427 2768 proferri]
466 2728 666 2759 Praetervehi.
711 2727 762 2758 Sic
806 2732 896 2758 nocte
919 2726 1027 2768 paucis
1048 2725 1159 2756 lembis
1179 2727 1263 2760 vecti,
1280 2724 1343 2754 sive
1366 2723 1493 2769 fortasse

76 2768 98 2798 l.
113 2767 277 2798 XXVIII.
299 2779 326 2800 e.
349 2771 401 2800 30.
435 2770 530 2801 Unius
550 2772 678 2810 proelata
707 2772 762 2800 im-
806 2772 904 2805 evecti,
929 2769 1079 2799 fallebant
1102 2768 1270 2809 Popillium
1292 2771 1323 2796 et
1345 2765 1495 2796 Eumenis

71 2816 140 2849 petr!
158 2811 255 2840 lateris
269 2811 390 2842 alterius
403 2823 492 2843 remos
506 2815 635 2844 detersit.
807 2823 913 2848 naves,
937 2811 1043 2852 sieque
1069 2812 1154 2841 nullo
1177 2811 1318 2840 obstante
1340 2807 1495 2839 onerarias

120 2853 154 2881 6]
201 2852 310 2887 Quibus
349 2861 472 2892 poterat,
514 2857 670 2895 Popillius,
709 2863 762 2886 ant
806 2856 933 2887 hostiles
948 2855 1186 2895 impugnabant.

78 2895 215 2926 Eumenis
272 2907 364 2931 naves,
417 2900 618 2939 succurrebat]
680 2899 761 2940 Lege
851 2899 891 2929 63
914 2898 983 2928 Jam
1008 2898 1081 2927 veris
1109 2896 1287 2935 principium.
1316 2893 1393 2934 erat]
1430 2892 1495 2924 Ini-

886 2946 957 2981 1.ss
