1826 3149
330 94 406 132 ¹246
878 94 1186 131 EPITOMAE

329 203 391 241 nis
412 204 569 254 plebis:
611 205 858 256 imperioque
887 204 922 242 ei
950 204 1157 257 abrogato,
1189 209 1421 254 conruptum
1452 202 1529 255 Ap.
1565 203 1731 242 Claudii

329 261 540 300 exercitum
572 262 613 300 in
638 267 872 312 potestatem
902 274 1009 299 suam
1040 261 1206 310 redegit,
1229 266 1266 300 et
1295 260 1435 299 bellum
1464 259 1551 298 urbi
1580 260 1732 307 intulit,

330 318 515 358 arcessito
538 318 583 358 C.
602 318 745 356 Mario
765 332 813 356 ex
834 315 978 369 Africa
999 331 1081 357 cum
1104 317 1199 356 aliis
1218 316 1415 356 exsulibus
1429 334 1441 355 :
1473 317 1515 355 in
1536 329 1611 368 quo
1630 315 1732 354 bello

330 374 588 427 duofratres,
605 375 711 413 alter
725 388 774 412 ex
793 373 970 425 Pompeii
985 374 1167 422 exercitu,
1185 375 1290 413 alter
1303 388 1351 413 ea:
1369 374 1517 421 Cinna,
1536 374 1731 425 ignoran-

331 435 398 470 tes'
419 436 723 470 concurrerunt.-
770 436 821 478 et,
859 444 972 483 quum
1003 431 1125 470 victor
1154 431 1348 482 spoliaret
1376 429 1556 477 occisum,
1588 429 1732 482 agnito

321 485 470 537 fratre,
494 488 650 540 ingenti
669 488 956 529 lamentatione
973 488 1095 535 edita,
1117 501 1211 540 rogo
1235 489 1273 527 ei
1288 493 1496 534 exstructo,
1514 486 1593 536 ipse
1607 499 1732 537 supra

332 557 464 596 rogum
484 559 524 583 se
553 544 783 597 transfodit,
806 550 843 584 et
873 545 1008 584 eodem
1029 545 1114 596 igni
1133 550 1350 584 consumtus
1369 550 1437 583 est.
1493 542 1526 565 ¹⁶
1538 543 1597 582 Et
1617 556 1739 594 quum,

330 601 500 651 obprimi
514 602 618 641 inter
634 601 756 640 initia
768 602 996 652 potuissent,
1019 601 1087 641 Cn.
1109 601 1293 652 Pompeii
1295 599 1468 654 fraude,
1484 600 1565 653 qui,
1580 605 1734 638 utram-

333 671 406 709 que
433 664 593 709 partem
608 658 807 712 fruendo,
841 658 943 698 vires
976 659 1117 699 Cinnce
1147 659 1271 704 dedit,
1303 671 1372 697 nec
1402 657 1481 697 nisi
1504 655 1733 711 proj‘lc'gatis

331 715 580 763 optimatium
601 715 715 767 rebus
735 716 929 755 auxilium
950 715 1056 763 tulit,
1074 721 1111 755 et
1131 716 1302 755 consulis
1321 715 1489 766 segnitie
1508 713 1734 764 confirmati

335 771 466 810 Cinna
483 778 520 811 et
540 772 698 811 Marius
718 778 885 824 quatuor
901 772 1146 820 eaeercitibus,
1164 771 1197 798 ¹⁷
1209 787 1257 811 ex
1278 771 1414 824 quibus
1435 772 1510 810 dno
1534 769 1585 817 Q.
1601 770 1733 809 Serto-

333 828 397 866 rio
418 834 454 867 et
478 829 655 868 Carboni
674 830 764 868 clati
782 835 886 876 sunt,
909 829 1037 868 urbem
1058 829 1397 868 circumsederunt.
1461 827 1613 868 Ostiam
1633 827 1733 866 colo·

334 885 442 925 niam
463 886 627 927 Marius
647 887 903 940 expugnavit,
926 892 962 927 et
982 886 1189 926 crudeliter
1208 886 1396 938 diripuit.

913 1056 1154 1109 LXXX.

392 1182 549 1222 Italicis
566 1183 726 1235 populis
741 1196 766 1221 a
781 1189 921 1222 senatu
941 1182 1084 1221 civitas
1104 1182 1202 1220 data
1224 1186 1294 1221 est.
1352 1181 1557 1228 Samnites,
1580 1182 1650 1234 qui
1668 1181 1738 1221 soli

335 1253 449 1278 arma
466 1240 704 1288 retinebant,
726 1239 866 1279 Cinna:¹
881 1245 917 1278 et
941 1238 1082 1278 Mario
1103 1252 1144 1277 se
1155 1236 1448 1290 conjunxerunt.
1472 1238 1590 1277 abiis
1610 1239 1736 1278 Plau-

337 1296 412 1335 tins
431 1310 514 1334 cum
535 1297 710 1336 evercitu
730 1309 849 1335 ca‘sus
869 1302 939 1335 est.
1000 1295 1128 1335 Cinna
1149 1300 1185 1334 et
1209 1294 1372 1334 Marius
1391 1308 1474 1333 cum
1498 1294 1680 1335 Carbone
1699 1300 1738 1334 et

337 1352 515 1391 Sertorio
543 1352 770 1394 Janicnlum
792 1357 1089 1403 occupaverunt,
1112 1357 1147 1390 et
1160 1351 1310 1404 fitgati
1326 1352 1377 1390 ab
1401 1351 1563 1391 Octavio
1581 1352 1740 1391 consule

335 1415 587 1448 recesserunt.
648 1409 810 1448 Marius
833 1408 1009 1454 Antium,
1033 1413 1070 1447 et
1093 1408 1289 1455 Ariciam,
1312 1414 1350 1447 et
1379 1408 1605 1448 Lanuvium
1634 1409 1738 1448 colo-

333 1466 422 1505 nias
443 1466 678 1506 devastavit.
741 1465 869 1513 Quum
891 1465 1003 1504 nulla
1024 1478 1110 1516 spes
1130 1471 1227 1504 esset
1248 1464 1505 1516 optimatibus
1524 1465 1739 1505 resistendi

332 1528 498 1574 propter
527 1523 738 1576 segnitiem
759 1528 798 1562 et
822 1522 1036 1574 perfidiam
1059 1527 1095 1561 et
1116 1522 1253 1560 ducum
1285 1527 1322 1561 et
1351 1521 1533 1570 militum,
1555 1521 1625 1574 qui
1645 1535 1738 1561 con-

333 1580 438 1630 rnpti
458 1586 529 1619 aut
541 1593 731 1632 pugnare
750 1579 950 1626 nolebant,
973 1584 1043 1617 aut
1064 1578 1119 1617 ad
1148 1579 1326 1618 diversas
1344 1584 1480 1630 parles
1501 1577 1736 1627 transibant,

338 1637 469 1675 Cinna
486 1642 522 1676 et
539 1636 705 1675 Marius
719 1636 762 1675 in
775 1635 905 1674 urbem
929 1635 1078 1686 recepti
1095 1640 1184 1674 sunt
1199 1652 1211 1673 .·
1243 1635 1326 1687 qui,
1343 1635 1446 1674 velut
1465 1641 1637 1687 captam,
1652 1649 1739 1675 eam

334 1692 503 1732 caedibus
533 1698 568 1731 et
599 1692 756 1744 rapinis
784 1697 1006 1737 vastarunt,
1043 1691 1117 1731 Cn.
1152 1692 1317 1730 Octavio
1346 1692 1499 1731 consule
1533 1692 1668 1740 occiso,
1700 1697 1741 1731 et

335 1749 509 1788 omnibns
526 1750 704 1788 adver-sce
718 1748 850 1800 partis
862 1748 1058 1788 nobilibus
1074 1748 1303 1796 trucidatis,
1321 1748 1427 1787 inter
1447 1762 1542 1800 quos
1562 1748 1627 1788 M.
1650 1748 1743 1788 An-

335 1806 447 1845 tonio
467 1805 776 1858 eloquentissimo
791 1805 887 1851 viro,
911 1804 943 1827 ¹⁸
956 1805 1008 1843 L.
1030 1810 1068 1843 et
1091 1804 1136 1844 C.
1162 1805 1330 1850 Caesare,
1352 1818 1515 1857 quornm
1537 1805 1674 1857 capita
1695 1806 1740 1844 in

334 1863 476 1902 rostris
494 1863 626 1913 posita
644 1868 748 1902 sunt.
812 1861 977 1902 Crassus
992 1860 1110 1910 filius
1130 1861 1179 1900 ab
1200 1860 1393 1914 equitibus
1422 1861 1613 1901 Fimbriae
1640 1861 1739 1901 occi-

335 1933 412 1958 sus.
435 1924 558 1970 pater
589 1920 769 1967 Crassus,
791 1932 840 1957 ne
875 1917 971 1971 quid
1001 1918 1209 1971 indignum
1240 1917 1384 1957 virtute
1412 1931 1484 1957 sua
1514 1923 1737 1970 pateretur,

331 1976 475 2027 gladio
495 1989 535 2015 se
554 1975 774 2028 transfixit.
833 1976 891 2014 Et
912 1975 1017 2014 citra
1038 1973 1121 2013 ulla
1142 1974 1303 2014 comitia
1323 1975 1498 2014 consules
1517 1975 1556 2013 in
1577 1989 1740 2028 sequen-

336 2039 413 2071 tem
435 2045 581 2071 annnm
603 2045 645 2071 se
663 2032 767 2085 ipsos
781 2031 1115 2072 renunciaverunt
1128 2048 1140 2070 :
1172 2031 1381 2083 eodemque
1400 2031 1477 2078 die,
1496 2045 1572 2084 quo
1592 2033 1739 2086 magis-

334 2094 484 2127 tratum
514 2088 697 2135 inierant,
720 2088 884 2128 stIarius
912 2088 1003 2128 Sex.
1029 2087 1225 2127 Licinium
1249 2093 1467 2127 senatorem
1488 2089 1537 2127 de
1554 2102 1651 2128 saxo
1671 2090 1739 2129 de-

321 2145 403 2198 jici
409 2144 535 2197 jussit
548 2167 562 2190 ,·
596 2145 792 2198 editisque
811 2144 945 2184 multis
973 2144 1194 2193 sceleribus,
1216 2144 1356 2183 Idibus
1374 2144 1589 2186 Januariis
1610 2146 1738 2186 deces-

334 2202 414 2242 sit:
451 2203 531 2250 vir,
551 2200 661 2254 cujus
689 2201 723 2242 si
743 2201 1014 2241 examinentur
1042 2215 1125 2240 cum
1155 2200 1368 2241 virtutibus
1397 2201 1527 2265 vitm,-
1538 2202 1646 2241 haud
1663 2202 1739 2253 fa-

334 2259 410 2298 cele
428 2259 481 2298 szt
507 2259 625 2306 dictu,
650 2264 777 2298 utrum
808 2258 909 2297 bello
930 2258 1086 2306 melior,
1109 2272 1161 2297 an
1184 2271 1289 2310 pace
1309 2257 1575 2309 perniciosior
1592 2256 1739 2309 fuerit.

335 2316 449 2379 adeo,
471 2328 588 2368 quam
614 2315 891 2366 rempublicam
920 2320 1102 2354 armatus
1119 2313 1298 2362 servavit,
1321 2327 1410 2352 eam
1431 2315 1567 2366 primo
1586 2321 1738 2370 togatus

337 2372 442 2411 omni
456 2369 791 2425 generefiaudis,
806 2377 1010 2424 postremo
1030 2371 1150 2412 armis
1169 2370 1369 2411 hostiliter
1388 2372 1540 2410 evertit.

339 2527 421 2556 Sesto
453 2526 555 2556 Publio
577 2528 691 2556 tribuno
711 2527 808 2565 plebis.
860 2527 933 2557 Non
952 2532 1015 2557 tam
1060 2527 1155 2557 MSS.
1186 2525 1344 2561 Gronovii,
1375 2530 1409 2554 ut
1438 2525 1585 2557 referatur
1609 2528 1736 2559 verbum

341 2574 460 2599 constat
483 2568 580 2603 nobis,
603 2569 755 2608 quomodo
777 2569 941 2609 legendum
964 2569 1015 2605 sit,
1060 2569 1099 2599 ad
1125 2569 1155 2598 id
1179 2568 1261 2608 quod
1284 2567 1432 2608 sequitur,
1455 2570 1616 2609 confirmati
1641 2570 1737 2601 Cinna

339 2622 433 2652 quam
463 2610 659 2651 Sigonianam
685 2611 848 2642 lectionem
874 2612 1015 2641 vitiosam
1059 2618 1086 2641 et
1101 2611 1227 2640 Marius.
1272 2611 1375 2650 Vulgo
1389 2613 1533 2648 potuisset.

339 2664 418 2684 esse.
447 2653 609 2694 Appianus
624 2653 793 2683 enimlibro
808 2653 905 2694 primo
922 2653 1015 2683 Civil.
1103 2653 1140 2682 17
1174 2652 1304 2686 Quorum
1326 2651 1397 2692 duo]
1434 2654 1615 2695 Complures
1642 2656 1738 2686 MSS.

341 2696 428 2726 testis
450 2702 496 2726 est
518 2706 663 2737 majorem
685 2700 804 2736 partem
827 2696 1015 2726 tribunorum
1060 2700 1090 2725 et
1107 2695 1295 2735 Campanus,
1311 2706 1343 2724 ex
1357 2697 1457 2734 quibus
1471 2698 1539 2727 duo.

340 2738 439 2779 plebis
455 2749 524 2768 cum
543 2738 673 2768 Octavio
689 2738 829 2768 sensisse.
1107 2738 1144 2767 18
1170 2737 1206 2767 L.
1223 2743 1249 2766 et
1268 2738 1301 2766 C.
1321 2738 1447 2778 Caesare]
1473 2739 1555 2780 Lege
1571 2749 1639 2769 cum
1657 2740 1735 2770 Gro-

386 2782 424 2811 16
448 2781 484 2811 ΕΙ
500 2793 587 2820 quum
603 2782 723 2819 opprimi
746 2782 822 2809 inter
836 2781 920 2809 initia
935 2791 968 2817 yn
964 2786 1016 2808 tn-
1063 2780 1162 2816 novio,
1180 2780 1217 2810 L.
1233 2786 1259 2809 et
1277 2780 1311 2810 C.
1330 2780 1499 2814 Cccsartbus.

340 2824 438 2865 fiscau]
484 2824 533 2854 §ic
564 2823 704 2854 dedimus
735 2829 857 2854 auctore
891 2833 952 2852 uno
980 2833 1017 2852 ex
