<?xml version="1.0" encoding="UTF-8"?>
<!DOCTYPE html PUBLIC "-//W3C//DTD XHTML 1.0 Transitional//EN"
    "http://www.w3.org/TR/xhtml1/DTD/xhtml1-transitional.dtd">
<html xmlns="http://www.w3.org/1999/xhtml" xml:lang="en" lang="en">
 <head>
  <title>
</title>
<meta http-equiv="Content-Type" content="text/html;charset=utf-8" />
  <meta name='ocr-system' content='tesseract 3.04.00' />
  <meta name='ocr-capabilities' content='ocr_page ocr_carea ocr_par ocr_line ocrx_word'/>
</head>
<body>
  <div class='ocr_page' id='page_1' title='image "./historiarumaburb04livyuoft/historiarumaburb04livyuoft_0137.png"; bbox 0 0 1831 3194; ppageno 0'>
   <div class='ocr_carea' id='block_1_1' title="bbox 68 109 1668 1922">
    <p class='ocr_par' dir='ltr' id='par_1_1' title="bbox 68 109 1668 1922">
     <span class='ocr_line' id='line_1_1' title="bbox 505 109 1476 156; baseline 0.002 -9"><span class='ocrx_word' id='word_1_1' title='bbox 505 110 622 147; x_wconf 89' lang='lat' dir='ltr'><strong>LIB.</strong></span> <span class='ocrx_word' id='word_1_2' title='bbox 652 109 798 147; x_wconf 87' lang='lat' dir='ltr'>XLIV.</span> <span class='ocrx_word' id='word_1_3' title='bbox 839 111 913 147; x_wconf 80' lang='lat' dir='ltr'>CA</span> <span class='ocrx_word' id='word_1_4' title='bbox 933 111 970 147; x_wconf 82' lang='lat' dir='ltr'>P.</span> <span class='ocrx_word' id='word_1_5' title='bbox 1002 110 1048 146; x_wconf 92' lang='lat' dir='ltr'>X.</span> <span class='ocrx_word' id='word_1_6' title='bbox 1403 116 1476 156; x_wconf 73' lang='lat'>129</span> 
     </span>
     <span class='ocr_line' id='line_1_2' title="bbox 70 215 1667 274; baseline -0.002 -16"><span class='ocrx_word' id='word_1_7' title='bbox 70 215 281 261; x_wconf 85' lang='lat' dir='ltr'>desultore</span> <span class='ocrx_word' id='word_1_8' title='bbox 302 218 438 269; x_wconf 79' lang='lat' dir='ltr'>misso,</span> <span class='ocrx_word' id='word_1_9' title='bbox 459 218 528 259; x_wconf 82' lang='lat' dir='ltr'>vix</span> <span class='ocrx_word' id='word_1_10' title='bbox 555 218 678 260; x_wconf 79' lang='lat' dir='ltr'>unius</span> <span class='ocrx_word' id='word_1_11' title='bbox 708 218 819 260; x_wconf 81' lang='lat' dir='ltr'>1101·ae</span> <span class='ocrx_word' id='word_1_12' title='bbox 850 227 1015 274; x_wconf 78' lang='lat' dir='ltr'>tenipus</span> <span class='ocrx_word' id='word_1_13' title='bbox 1046 227 1272 273; x_wconf 81' lang='lat' dir='ltr'>utrumque</span> <span class='ocrx_word' id='word_1_14' title='bbox 1294 218 1475 259; x_wconf 78' lang='lat' dir='ltr'>curricu-</span> <span class='ocrx_word' id='word_1_15' title='bbox 1489 225 1667 260; x_wconf 83' lang='lat' dir='ltr'><strong>U.C.583.</strong></span> 
     </span>
     <span class='ocr_line' id='line_1_3' title="bbox 71 272 1668 333; baseline 0 -18"><span class='ocrx_word' id='word_1_16' title='bbox 71 274 157 316; x_wconf 90' lang='lat' dir='ltr'>lum</span> <span class='ocrx_word' id='word_1_17' title='bbox 183 276 428 333; x_wconf 78' lang='lat' dir='ltr'><strong>complebat.</strong></span> <span class='ocrx_word' id='word_1_18' title='bbox 490 277 607 317; x_wconf 89' lang='lat' dir='ltr'>Inter</span> <span class='ocrx_word' id='word_1_19' title='bbox 627 283 764 317; x_wconf 83' lang='lat' dir='ltr'>cetera</span> <span class='ocrx_word' id='word_1_20' title='bbox 784 276 976 330; x_wconf 70' lang='lat' dir='ltr'>sexageni</span> <span class='ocrx_word' id='word_1_21' title='bbox 996 276 1126 316; x_wconf 87' lang='lat' dir='ltr'>ferme</span> <span class='ocrx_word' id='word_1_22' title='bbox 1143 276 1334 331; x_wconf 79' lang='lat' dir='ltr'>juvenes,</span> <span class='ocrx_word' id='word_1_23' title='bbox 1353 274 1476 315; x_wconf 82' lang='lat' dir='ltr'>inter-</span> <span class='ocrx_word' id='word_1_24' title='bbox 1490 273 1530 304; x_wconf 71' lang='grc' dir='ltr'>Α·</span> <span class='ocrx_word' id='word_1_25' title='bbox 1543 272 1668 303; x_wconf 46' lang='grc'>(3169·</span> 
     </span>
     <span class='ocr_line' id='line_1_4' title="bbox 68 331 1475 389; baseline 0.001 -16"><span class='ocrx_word' id='word_1_26' title='bbox 68 333 168 374; x_wconf 88' lang='lat' dir='ltr'>dum</span> <span class='ocrx_word' id='word_1_27' title='bbox 211 334 365 389; x_wconf 87' lang='lat' dir='ltr'>plures,</span> <span class='ocrx_word' id='word_1_28' title='bbox 406 332 756 388; x_wconf 74' lang='lat' dir='ltr'>⁵²adparitoribus</span> <span class='ocrx_word' id='word_1_29' title='bbox 776 337 790 354; x_wconf 55' lang='grc' dir='ltr'>Ε</span> <span class='ocrx_word' id='word_1_30' title='bbox 829 332 918 373; x_wconf 90' lang='lat' dir='ltr'>ludi</span> <span class='ocrx_word' id='word_1_31' title='bbox 959 331 1105 374; x_wconf 86' lang='lat' dir='ltr'>armati</span> <span class='ocrx_word' id='word_1_32' title='bbox 1157 331 1475 374; x_wconf 78' lang='lat' dir='ltr'>inducebantur.</span> 
     </span>
     <span class='ocr_line' id='line_1_5' title="bbox 69 387 1479 445; baseline 0 -15"><span class='ocrx_word' id='word_1_33' title='bbox 69 389 220 431; x_wconf 90' lang='lat' dir='ltr'>horum</span> <span class='ocrx_word' id='word_1_34' title='bbox 241 389 425 431; x_wconf 83' lang='lat' dir='ltr'>inductio</span> <span class='ocrx_word' id='word_1_35' title='bbox 450 388 484 413; x_wconf 85' lang='lat'>⁵³</span> <span class='ocrx_word' id='word_1_36' title='bbox 504 390 545 430; x_wconf 90' lang='lat' dir='ltr'>in</span> <span class='ocrx_word' id='word_1_37' title='bbox 566 397 684 445; x_wconf 84' lang='lat' dir='ltr'>parte</span> <span class='ocrx_word' id='word_1_38' title='bbox 706 387 969 430; x_wconf 77' lang='lat' dir='ltr'>simulacrum</span> <span class='ocrx_word' id='word_1_39' title='bbox 996 388 1252 430; x_wconf 83' lang='lat' dir='ltr'>decurrentis</span> <span class='ocrx_word' id='word_1_40' title='bbox 1273 388 1479 430; x_wconf 83' lang='lat' dir='ltr'>exercitus</span> 
     </span>
     <span class='ocr_line' id='line_1_6' title="bbox 70 445 1478 502; baseline -0.001 -15"><span class='ocrx_word' id='word_1_41' title='bbox 70 455 188 494; x_wconf 85' lang='lat' dir='ltr'>erat;</span> <span class='ocrx_word' id='word_1_42' title='bbox 220 462 270 488; x_wconf 86' lang='lat' dir='ltr'>ex</span> <span class='ocrx_word' id='word_1_43' title='bbox 292 454 409 502; x_wconf 86' lang='lat' dir='ltr'>parte</span> <span class='ocrx_word' id='word_1_44' title='bbox 438 446 739 501; x_wconf 50' lang='lat' dir='ltr'>&amp;elegantioris</span> <span class='ocrx_word' id='word_1_45' title='bbox 769 446 967 495; x_wconf 78' lang='lat' dir='ltr'>exercitii,</span> <span class='ocrx_word' id='word_1_46' title='bbox 989 462 1115 501; x_wconf 84' lang='lat' dir='ltr'>quam</span> <span class='ocrx_word' id='word_1_47' title='bbox 1146 445 1335 487; x_wconf 87' lang='lat' dir='ltr'>militaris</span> <span class='ocrx_word' id='word_1_48' title='bbox 1362 445 1478 496; x_wconf 84' lang='lat' dir='ltr'>artis,</span> 
     </span>
     <span class='ocr_line' id='line_1_7' title="bbox 70 502 1481 559; baseline 0.001 -16"><span class='ocrx_word' id='word_1_49' title='bbox 70 503 322 559; x_wconf 81' lang='lat' dir='ltr'>propiorque</span> <span class='ocrx_word' id='word_1_50' title='bbox 361 503 654 557; x_wconf 74' lang='lat' dir='ltr'>gladiatorium</span> <span class='ocrx_word' id='word_1_51' title='bbox 690 518 899 544; x_wconf 84' lang='lat' dir='ltr'>armorum</span> <span class='ocrx_word' id='word_1_52' title='bbox 940 519 1074 544; x_wconf 88' lang='lat' dir='ltr'>usum.</span> <span class='ocrx_word' id='word_1_53' title='bbox 1150 503 1184 527; x_wconf 84' lang='lat'>⁵⁵</span> <span class='ocrx_word' id='word_1_54' title='bbox 1199 504 1340 553; x_wconf 84' lang='lat' dir='ltr'>Quum</span> <span class='ocrx_word' id='word_1_55' title='bbox 1379 502 1481 544; x_wconf 86' lang='lat' dir='ltr'>alios</span> 
     </span>
     <span class='ocr_line' id='line_1_8' title="bbox 70 558 1481 616; baseline 0 -16"><span class='ocrx_word' id='word_1_56' title='bbox 70 561 270 601; x_wconf 87' lang='lat' dir='ltr'>decursus</span> <span class='ocrx_word' id='word_1_57' title='bbox 305 558 528 602; x_wconf 76' lang='lat' dir='ltr'>edidissent</span> <span class='ocrx_word' id='word_1_58' title='bbox 560 568 714 610; x_wconf 90' lang='lat' dir='ltr'>motus,</span> <span class='ocrx_word' id='word_1_59' title='bbox 747 560 954 616; x_wconf 87' lang='lat' dir='ltr'>quadrato</span> <span class='ocrx_word' id='word_1_60' title='bbox 985 559 1147 615; x_wconf 75' lang='lat' dir='ltr'>agmine</span> <span class='ocrx_word' id='word_1_61' title='bbox 1186 560 1313 610; x_wconf 81' lang='lat' dir='ltr'>facto,</span> <span class='ocrx_word' id='word_1_62' title='bbox 1353 559 1481 601; x_wconf 83' lang='lat' dir='ltr'>scutis</span> 
     </span>
     <span class='ocr_line' id='line_1_9' title="bbox 71 616 1482 672; baseline 0 -15"><span class='ocrx_word' id='word_1_63' title='bbox 71 632 196 672; x_wconf 88' lang='lat' dir='ltr'>super</span> <span class='ocrx_word' id='word_1_64' title='bbox 224 617 362 672; x_wconf 85' lang='lat' dir='ltr'>capita</span> <span class='ocrx_word' id='word_1_65' title='bbox 389 617 585 667; x_wconf 87' lang='lat' dir='ltr'>densatis,</span> <span class='ocrx_word' id='word_1_66' title='bbox 609 616 815 658; x_wconf 84' lang='lat' dir='ltr'>stantibus</span> <span class='ocrx_word' id='word_1_67' title='bbox 844 616 1003 672; x_wconf 86' lang='lat' dir='ltr'>primis,</span> <span class='ocrx_word' id='word_1_68' title='bbox 1026 616 1215 657; x_wconf 84' lang='lat' dir='ltr'>secundis</span> <span class='ocrx_word' id='word_1_69' title='bbox 1246 616 1482 657; x_wconf 83' lang='lat' dir='ltr'>submissio-</span> 
     </span>
     <span class='ocr_line' id='line_1_10' title="bbox 71 673 1482 730; baseline 0.001 -17"><span class='ocrx_word' id='word_1_70' title='bbox 71 673 202 724; x_wconf 87' lang='lat' dir='ltr'>ribus,</span> <span class='ocrx_word' id='word_1_71' title='bbox 224 673 356 715; x_wconf 89' lang='lat' dir='ltr'>tertiis</span> <span class='ocrx_word' id='word_1_72' title='bbox 388 674 519 730; x_wconf 83' lang='lat' dir='ltr'>magis</span> <span class='ocrx_word' id='word_1_73' title='bbox 554 682 595 715; x_wconf 90' lang='lat' dir='ltr'>et</span> <span class='ocrx_word' id='word_1_74' title='bbox 631 673 806 729; x_wconf 68' lang='lat' dir='ltr'>quartiS,</span> <span class='ocrx_word' id='word_1_75' title='bbox 828 673 1046 729; x_wconf 81' lang='lat' dir='ltr'>postremis</span> <span class='ocrx_word' id='word_1_76' title='bbox 1079 674 1201 714; x_wconf 82' lang='lat' dir='ltr'>etiam</span> <span class='ocrx_word' id='word_1_77' title='bbox 1230 688 1341 729; x_wconf 83' lang='lat' dir='ltr'>genu</span> <span class='ocrx_word' id='word_1_78' title='bbox 1368 673 1482 724; x_wconf 82' lang='lat' dir='ltr'>nisis,</span> 
     </span>
     <span class='ocr_line' id='line_1_11' title="bbox 69 729 1484 786; baseline 0 -16"><span class='ocrx_word' id='word_1_79' title='bbox 69 729 324 786; x_wconf 81' lang='lat' dir='ltr'>fastigatam,</span> <span class='ocrx_word' id='word_1_80' title='bbox 355 731 462 772; x_wconf 87' lang='lat' dir='ltr'>sicut</span> <span class='ocrx_word' id='word_1_81' title='bbox 493 738 603 772; x_wconf 86' lang='lat' dir='ltr'>tecta</span> <span class='ocrx_word' id='word_1_82' title='bbox 632 730 902 771; x_wconf 73' lang='lat' dir='ltr'>aedificiorum</span> <span class='ocrx_word' id='word_1_83' title='bbox 934 739 1045 780; x_wconf 88' lang='lat' dir='ltr'>sunt,</span> <span class='ocrx_word' id='word_1_84' title='bbox 1077 730 1330 771; x_wconf 78' lang='lat' dir='ltr'>testudinem</span> <span class='ocrx_word' id='word_1_85' title='bbox 1362 730 1484 770; x_wconf 85' lang='lat' dir='ltr'>facic-</span> 
     </span>
     <span class='ocr_line' id='line_1_12' title="bbox 71 787 1485 843; baseline 0 -15"><span class='ocrx_word' id='word_1_86' title='bbox 71 787 186 828; x_wconf 77' lang='lat' dir='ltr'>bant.</span> <span class='ocrx_word' id='word_1_87' title='bbox 246 787 361 828; x_wconf 89' lang='lat' dir='ltr'>Hinc</span> <span class='ocrx_word' id='word_1_88' title='bbox 400 788 708 843; x_wconf 76' lang='lat' dir='ltr'>quinquaginta</span> <span class='ocrx_word' id='word_1_89' title='bbox 746 787 874 828; x_wconf 87' lang='lat' dir='ltr'>ferme</span> <span class='ocrx_word' id='word_1_90' title='bbox 913 787 1070 843; x_wconf 88' lang='lat' dir='ltr'>pedum</span> <span class='ocrx_word' id='word_1_91' title='bbox 1111 787 1245 843; x_wconf 88' lang='lat' dir='ltr'>spatio</span> <span class='ocrx_word' id='word_1_92' title='bbox 1284 787 1485 829; x_wconf 83' lang='lat' dir='ltr'>distantes</span> 
     </span>
     <span class='ocr_line' id='line_1_13' title="bbox 71 843 1482 900; baseline 0.001 -16"><span class='ocrx_word' id='word_1_93' title='bbox 71 844 158 884; x_wconf 91' lang='lat' dir='ltr'>duo</span> <span class='ocrx_word' id='word_1_94' title='bbox 187 845 335 885; x_wconf 84' lang='lat' dir='ltr'>armati</span> <span class='ocrx_word' id='word_1_95' title='bbox 365 844 680 900; x_wconf 81' lang='lat' dir='ltr'>procurrebant,</span> <span class='ocrx_word' id='word_1_96' title='bbox 701 843 1023 899; x_wconf 83' lang='lat' dir='ltr'>comminatique</span> <span class='ocrx_word' id='word_1_97' title='bbox 1054 844 1161 885; x_wconf 88' lang='lat' dir='ltr'>inter</span> <span class='ocrx_word' id='word_1_98' title='bbox 1188 860 1245 895; x_wconf 88' lang='lat' dir='ltr'>sc,</span> <span class='ocrx_word' id='word_1_99' title='bbox 1266 844 1320 885; x_wconf 89' lang='lat' dir='ltr'>ab</span> <span class='ocrx_word' id='word_1_100' title='bbox 1340 845 1424 885; x_wconf 85' lang='lat' dir='ltr'>ima</span> <span class='ocrx_word' id='word_1_101' title='bbox 1444 844 1482 885; x_wconf 89' lang='lat' dir='ltr'>in</span> 
     </span>
     <span class='ocr_line' id='line_1_14' title="bbox 72 900 1485 957; baseline 0 -16"><span class='ocrx_word' id='word_1_102' title='bbox 72 916 276 942; x_wconf 88' lang='lat' dir='ltr'>summam</span> <span class='ocrx_word' id='word_1_103' title='bbox 315 902 568 943; x_wconf 86' lang='lat' dir='ltr'>testudinem</span> <span class='ocrx_word' id='word_1_104' title='bbox 608 916 683 957; x_wconf 90' lang='lat' dir='ltr'>per</span> <span class='ocrx_word' id='word_1_105' title='bbox 717 901 888 942; x_wconf 86' lang='lat' dir='ltr'>densata</span> <span class='ocrx_word' id='word_1_106' title='bbox 928 909 1046 942; x_wconf 84' lang='lat' dir='ltr'>scuta</span> <span class='ocrx_word' id='word_1_107' title='bbox 1078 915 1210 957; x_wconf 90' lang='lat' dir='ltr'>quum</span> <span class='ocrx_word' id='word_1_108' title='bbox 1246 900 1485 952; x_wconf 83' lang='lat' dir='ltr'>evasissent,</span> 
     </span>
     <span class='ocr_line' id='line_1_15' title="bbox 71 957 1487 1014; baseline 0.001 -16"><span class='ocrx_word' id='word_1_109' title='bbox 71 972 183 998; x_wconf 89' lang='lat' dir='ltr'>nunc</span> <span class='ocrx_word' id='word_1_110' title='bbox 204 958 322 999; x_wconf 87' lang='lat' dir='ltr'>velut</span> <span class='ocrx_word' id='word_1_111' title='bbox 352 966 665 1014; x_wconf 83' lang='lat' dir='ltr'>propugnantes</span> <span class='ocrx_word' id='word_1_112' title='bbox 692 972 766 1013; x_wconf 87' lang='lat' dir='ltr'>per</span> <span class='ocrx_word' id='word_1_113' title='bbox 786 972 878 998; x_wconf 86' lang='lat' dir='ltr'>oras</span> <span class='ocrx_word' id='word_1_114' title='bbox 899 966 1096 999; x_wconf 85' lang='lat' dir='ltr'>extremae</span> <span class='ocrx_word' id='word_1_115' title='bbox 1118 957 1353 1007; x_wconf 82' lang='lat' dir='ltr'>testudinis,</span> <span class='ocrx_word' id='word_1_116' title='bbox 1375 973 1487 1000; x_wconf 87' lang='lat' dir='ltr'>nunc</span> 
     </span>
     <span class='ocr_line' id='line_1_16' title="bbox 71 1013 1488 1070; baseline 0 -15"><span class='ocrx_word' id='word_1_117' title='bbox 71 1014 116 1055; x_wconf 89' lang='lat' dir='ltr'>in</span> <span class='ocrx_word' id='word_1_118' title='bbox 135 1014 274 1056; x_wconf 86' lang='lat' dir='ltr'>media</span> <span class='ocrx_word' id='word_1_119' title='bbox 294 1015 401 1056; x_wconf 87' lang='lat' dir='ltr'>inter</span> <span class='ocrx_word' id='word_1_120' title='bbox 421 1031 463 1056; x_wconf 90' lang='lat' dir='ltr'>sc</span> <span class='ocrx_word' id='word_1_121' title='bbox 484 1023 787 1063; x_wconf 80' lang='lat' dir='ltr'>concurrenteS,</span> <span class='ocrx_word' id='word_1_122' title='bbox 809 1013 923 1054; x_wconf 78' lang='lat' dir='ltr'>haud</span> <span class='ocrx_word' id='word_1_123' title='bbox 945 1029 1061 1055; x_wconf 88' lang='lat' dir='ltr'>secus</span> <span class='ocrx_word' id='word_1_124' title='bbox 1088 1029 1214 1070; x_wconf 82' lang='lat' dir='ltr'>quam</span> <span class='ocrx_word' id='word_1_125' title='bbox 1243 1014 1380 1055; x_wconf 79' lang='lat' dir='ltr'>stabili</span> <span class='ocrx_word' id='word_1_126' title='bbox 1402 1015 1488 1056; x_wconf 91' lang='lat' dir='ltr'>solo</span> 
     </span>
     <span class='ocr_line' id='line_1_17' title="bbox 72 1070 1487 1126; baseline 0.001 -15"><span class='ocrx_word' id='word_1_127' title='bbox 72 1071 372 1126; x_wconf 87' lang='lat' dir='ltr'>persultabant.</span> <span class='ocrx_word' id='word_1_128' title='bbox 435 1072 551 1112; x_wconf 82' lang='lat' dir='ltr'>Huic</span> <span class='ocrx_word' id='word_1_129' title='bbox 571 1070 773 1112; x_wconf 87' lang='lat' dir='ltr'>testudini</span> <span class='ocrx_word' id='word_1_130' title='bbox 796 1070 1004 1111; x_wconf 80' lang='lat' dir='ltr'>simillima</span> <span class='ocrx_word' id='word_1_131' title='bbox 1024 1071 1133 1126; x_wconf 87' lang='lat' dir='ltr'>parti</span> <span class='ocrx_word' id='word_1_132' title='bbox 1163 1071 1274 1111; x_wconf 89' lang='lat' dir='ltr'>muri</span> <span class='ocrx_word' id='word_1_133' title='bbox 1304 1070 1487 1122; x_wconf 83' lang='lat' dir='ltr'>admota,</span> 
     </span>
     <span class='ocr_line' id='line_1_18' title="bbox 104 1126 1488 1184; baseline 0 -16"><span class='ocrx_word' id='word_1_134' title='bbox 104 1143 205 1168; x_wconf 90' lang='lat' dir='ltr'>uum</span> <span class='ocrx_word' id='word_1_135' title='bbox 235 1128 384 1169; x_wconf 85' lang='lat' dir='ltr'>armati</span> <span class='ocrx_word' id='word_1_136' title='bbox 414 1135 695 1184; x_wconf 87' lang='lat' dir='ltr'>superstantes</span> <span class='ocrx_word' id='word_1_137' title='bbox 726 1126 946 1178; x_wconf 81' lang='lat' dir='ltr'>subissent,</span> <span class='ocrx_word' id='word_1_138' title='bbox 968 1127 1353 1183; x_wconf 85' lang='lat' dir='ltr'>propugnatoribus</span> <span class='ocrx_word' id='word_1_139' title='bbox 1380 1128 1488 1168; x_wconf 88' lang='lat' dir='ltr'>muri</span> 
     </span>
     <span class='ocr_line' id='line_1_19' title="bbox 71 1143 1488 1241; baseline 0.001 -16"><span class='ocrx_word' id='word_1_140' title='bbox 71 1143 241 1240; x_wconf 49' lang='lat' dir='ltr'>{lastigie</span> <span class='ocrx_word' id='word_1_141' title='bbox 265 1184 498 1226; x_wconf 85' lang='lat' dir='ltr'>altitudinis</span> <span class='ocrx_word' id='word_1_142' title='bbox 522 1184 824 1241; x_wconf 76' lang='lat' dir='ltr'>aequabantur:</span> <span class='ocrx_word' id='word_1_143' title='bbox 863 1183 1132 1240; x_wconf 86' lang='lat' dir='ltr'>depulsisque</span> <span class='ocrx_word' id='word_1_144' title='bbox 1166 1184 1232 1235; x_wconf 82' lang='lat' dir='ltr'>iis,</span> <span class='ocrx_word' id='word_1_145' title='bbox 1264 1184 1308 1224; x_wconf 89' lang='lat' dir='ltr'>in</span> <span class='ocrx_word' id='word_1_146' title='bbox 1340 1184 1488 1226; x_wconf 85' lang='lat' dir='ltr'>urbem</span> 
     </span>
     <span class='ocr_line' id='line_1_20' title="bbox 77 1240 1489 1298; baseline 0 -16"><span class='ocrx_word' id='word_1_147' title='bbox 77 1240 113 1265; x_wconf 81' lang='lat'>⁵⁶</span> <span class='ocrx_word' id='word_1_148' title='bbox 127 1241 309 1283; x_wconf 89' lang='lat' dir='ltr'>duorum</span> <span class='ocrx_word' id='word_1_149' title='bbox 351 1242 564 1298; x_wconf 85' lang='lat' dir='ltr'>signorum</span> <span class='ocrx_word' id='word_1_150' title='bbox 606 1241 757 1283; x_wconf 88' lang='lat' dir='ltr'>milites</span> <span class='ocrx_word' id='word_1_151' title='bbox 797 1240 1152 1282; x_wconf 84' lang='lat' dir='ltr'>transcenderunt.</span> <span class='ocrx_word' id='word_1_152' title='bbox 1226 1241 1280 1282; x_wconf 88' lang='lat' dir='ltr'>Id</span> <span class='ocrx_word' id='word_1_153' title='bbox 1323 1249 1489 1283; x_wconf 85' lang='lat' dir='ltr'>tantum</span> 
     </span>
     <span class='ocr_line' id='line_1_21' title="bbox 75 1297 1488 1355; baseline 0 -16"><span class='ocrx_word' id='word_1_154' title='bbox 75 1298 276 1340; x_wconf 88' lang='lat' dir='ltr'>dissimile</span> <span class='ocrx_word' id='word_1_155' title='bbox 304 1298 403 1349; x_wconf 86' lang='lat' dir='ltr'>fuit,</span> <span class='ocrx_word' id='word_1_156' title='bbox 433 1299 565 1355; x_wconf 91' lang='lat' dir='ltr'>quod,</span> <span class='ocrx_word' id='word_1_157' title='bbox 586 1306 628 1340; x_wconf 90' lang='lat' dir='ltr'>et</span> <span class='ocrx_word' id='word_1_158' title='bbox 657 1298 699 1339; x_wconf 94' lang='lat' dir='ltr'>in</span> <span class='ocrx_word' id='word_1_159' title='bbox 730 1298 867 1338; x_wconf 90' lang='lat' dir='ltr'>fronte</span> <span class='ocrx_word' id='word_1_160' title='bbox 898 1308 1097 1349; x_wconf 84' lang='lat' dir='ltr'>extrema,</span> <span class='ocrx_word' id='word_1_161' title='bbox 1119 1307 1161 1339; x_wconf 88' lang='lat' dir='ltr'>et</span> <span class='ocrx_word' id='word_1_162' title='bbox 1190 1313 1242 1338; x_wconf 86' lang='lat' dir='ltr'>ex</span> <span class='ocrx_word' id='word_1_163' title='bbox 1273 1297 1488 1349; x_wconf 83' lang='lat' dir='ltr'>lateribus,</span> 
     </span>
     <span class='ocr_line' id='line_1_22' title="bbox 72 1354 1488 1411; baseline 0 -16"><span class='ocrx_word' id='word_1_164' title='bbox 72 1354 149 1395; x_wconf 89' lang='lat' dir='ltr'>soli</span> <span class='ocrx_word' id='word_1_165' title='bbox 181 1371 265 1397; x_wconf 90' lang='lat' dir='ltr'>non</span> <span class='ocrx_word' id='word_1_166' title='bbox 303 1355 513 1397; x_wconf 86' lang='lat' dir='ltr'>habebant</span> <span class='ocrx_word' id='word_1_167' title='bbox 556 1371 680 1411; x_wconf 88' lang='lat' dir='ltr'>super</span> <span class='ocrx_word' id='word_1_168' title='bbox 720 1354 858 1410; x_wconf 83' lang='lat' dir='ltr'>capita</span> <span class='ocrx_word' id='word_1_169' title='bbox 896 1355 1004 1396; x_wconf 82' lang='lat' dir='ltr'>elata</span> <span class='ocrx_word' id='word_1_170' title='bbox 1043 1363 1161 1397; x_wconf 83' lang='lat' dir='ltr'>scuta</span> <span class='ocrx_word' id='word_1_171' title='bbox 1195 1369 1246 1395; x_wconf 89' lang='lat' dir='ltr'>ne</span> <span class='ocrx_word' id='word_1_172' title='bbox 1281 1355 1488 1396; x_wconf 82' lang='lat' dir='ltr'>nudarent</span> 
     </span>
     <span class='ocr_line' id='line_1_23' title="bbox 73 1411 1488 1469; baseline 0 -18"><span class='ocrx_word' id='word_1_173' title='bbox 73 1426 276 1468; x_wconf 80' lang='lat' dir='ltr'>corpora3</span> <span class='ocrx_word' id='word_1_174' title='bbox 317 1412 431 1454; x_wconf 86' lang='lat' dir='ltr'>⁵7sed</span> <span class='ocrx_word' id='word_1_175' title='bbox 469 1421 671 1469; x_wconf 74' lang='lat' dir='ltr'>praetecta</span> <span class='ocrx_word' id='word_1_176' title='bbox 703 1412 983 1467; x_wconf 85' lang='lat' dir='ltr'>pugnantium</span> <span class='ocrx_word' id='word_1_177' title='bbox 1019 1426 1143 1452; x_wconf 90' lang='lat' dir='ltr'>more.</span> <span class='ocrx_word' id='word_1_178' title='bbox 1180 1412 1242 1452; x_wconf 80' lang='lat' dir='ltr'>ita</span> <span class='ocrx_word' id='word_1_179' title='bbox 1274 1427 1348 1451; x_wconf 85' lang='lat' dir='ltr'>nec</span> <span class='ocrx_word' id='word_1_180' title='bbox 1377 1411 1488 1466; x_wconf 85' lang='lat' dir='ltr'>ipsos</span> 
     </span>
     <span class='ocr_line' id='line_1_24' title="bbox 74 1467 1487 1523; baseline 0.001 -15"><span class='ocrx_word' id='word_1_181' title='bbox 74 1468 157 1509; x_wconf 87' lang='lat' dir='ltr'>tela</span> <span class='ocrx_word' id='word_1_182' title='bbox 177 1484 228 1510; x_wconf 89' lang='lat' dir='ltr'>ex</span> <span class='ocrx_word' id='word_1_183' title='bbox 249 1485 370 1511; x_wconf 87' lang='lat' dir='ltr'>muro</span> <span class='ocrx_word' id='word_1_184' title='bbox 396 1469 520 1510; x_wconf 88' lang='lat' dir='ltr'>missa</span> <span class='ocrx_word' id='word_1_185' title='bbox 544 1470 769 1510; x_wconf 86' lang='lat' dir='ltr'>subeuntes</span> <span class='ocrx_word' id='word_1_186' title='bbox 799 1468 1010 1517; x_wconf 74' lang='lat' dir='ltr'>laeserunt,</span> <span class='ocrx_word' id='word_1_187' title='bbox 1032 1476 1073 1509; x_wconf 85' lang='lat' dir='ltr'>et</span> <span class='ocrx_word' id='word_1_188' title='bbox 1105 1467 1305 1509; x_wconf 82' lang='lat' dir='ltr'>testudini</span> <span class='ocrx_word' id='word_1_189' title='bbox 1335 1467 1487 1523; x_wconf 78' lang='lat' dir='ltr'>injecta</span> 
     </span>
     <span class='ocr_line' id='line_1_25' title="bbox 74 1524 1486 1580; baseline 0 -15"><span class='ocrx_word' id='word_1_190' title='bbox 74 1524 220 1566; x_wconf 87' lang='lat' dir='ltr'>imbris</span> <span class='ocrx_word' id='word_1_191' title='bbox 253 1527 295 1567; x_wconf 88' lang='lat' dir='ltr'>in</span> <span class='ocrx_word' id='word_1_192' title='bbox 324 1526 495 1567; x_wconf 87' lang='lat' dir='ltr'>modum</span> <span class='ocrx_word' id='word_1_193' title='bbox 528 1525 689 1566; x_wconf 88' lang='lat' dir='ltr'>lubrico</span> <span class='ocrx_word' id='word_1_194' title='bbox 721 1524 890 1580; x_wconf 80' lang='lat' dir='ltr'>fastigio</span> <span class='ocrx_word' id='word_1_195' title='bbox 922 1525 1092 1564; x_wconf 81' lang='lat' dir='ltr'>innoxia</span> <span class='ocrx_word' id='word_1_196' title='bbox 1125 1524 1178 1564; x_wconf 82' lang='lat' dir='ltr'>ad</span> <span class='ocrx_word' id='word_1_197' title='bbox 1211 1524 1341 1564; x_wconf 89' lang='lat' dir='ltr'>imum</span> <span class='ocrx_word' id='word_1_198' title='bbox 1376 1525 1486 1565; x_wconf 83' lang='lat' dir='ltr'>labe-</span> 
     </span>
     <span class='ocr_line' id='line_1_26' title="bbox 74 1580 1487 1637; baseline -0.001 -15"><span class='ocrx_word' id='word_1_199' title='bbox 74 1582 242 1623; x_wconf 84' lang='lat' dir='ltr'>bantur.</span> <span class='ocrx_word' id='word_1_200' title='bbox 302 1584 361 1624; x_wconf 88' lang='lat' dir='ltr'>Et</span> <span class='ocrx_word' id='word_1_201' title='bbox 391 1582 549 1632; x_wconf 87' lang='lat' dir='ltr'>consul,</span> <span class='ocrx_word' id='word_1_202' title='bbox 571 1590 693 1637; x_wconf 83' lang='lat' dir='ltr'>capto</span> <span class='ocrx_word' id='word_1_203' title='bbox 717 1581 804 1636; x_wconf 85' lang='lat' dir='ltr'>jam</span> <span class='ocrx_word' id='word_1_204' title='bbox 837 1580 1057 1631; x_wconf 88' lang='lat' dir='ltr'>Heracleo,</span> <span class='ocrx_word' id='word_1_205' title='bbox 1083 1589 1217 1621; x_wconf 81' lang='lat' dir='ltr'>castra</span> <span class='ocrx_word' id='word_1_206' title='bbox 1247 1596 1294 1621; x_wconf 85' lang='lat' dir='ltr'>co</span> <span class='ocrx_word' id='word_1_207' title='bbox 1323 1596 1487 1637; x_wconf 91' lang='lat' dir='ltr'>promo-</span> 
     </span>
     <span class='ocr_line' id='line_1_27' title="bbox 75 1637 1486 1695; baseline 0 -17"><span class='ocrx_word' id='word_1_208' title='bbox 75 1639 162 1686; x_wconf 89' lang='lat' dir='ltr'>vit;</span> <span class='ocrx_word' id='word_1_209' title='bbox 196 1647 409 1695; x_wconf 85' lang='lat' dir='ltr'>tamquam</span> <span class='ocrx_word' id='word_1_210' title='bbox 430 1640 578 1689; x_wconf 88' lang='lat' dir='ltr'>Dium,</span> <span class='ocrx_word' id='word_1_211' title='bbox 600 1647 741 1693; x_wconf 86' lang='lat' dir='ltr'>atque,</span> <span class='ocrx_word' id='word_1_212' title='bbox 764 1637 859 1677; x_wconf 90' lang='lat' dir='ltr'>inde</span> <span class='ocrx_word' id='word_1_213' title='bbox 881 1637 1073 1678; x_wconf 91' lang='lat' dir='ltr'>submoto</span> <span class='ocrx_word' id='word_1_214' title='bbox 1098 1653 1209 1693; x_wconf 84' lang='lat' dir='ltr'>rege,</span> <span class='ocrx_word' id='word_1_215' title='bbox 1231 1638 1274 1678; x_wconf 89' lang='lat' dir='ltr'>in</span> <span class='ocrx_word' id='word_1_216' title='bbox 1306 1638 1486 1678; x_wconf 83' lang='lat' dir='ltr'>Pieriam</span> 
     </span>
     <span class='ocr_line' id='line_1_28' title="bbox 73 1694 1487 1752; baseline -0.001 -16"><span class='ocrx_word' id='word_1_217' title='bbox 73 1695 199 1736; x_wconf 82' lang='lat' dir='ltr'>etiam</span> <span class='ocrx_word' id='word_1_218' title='bbox 238 1711 544 1752; x_wconf 83' lang='lat' dir='ltr'>progressurus.</span> <span class='ocrx_word' id='word_1_219' title='bbox 608 1694 704 1745; x_wconf 86' lang='lat' dir='ltr'>Sed,</span> <span class='ocrx_word' id='word_1_220' title='bbox 745 1694 918 1734; x_wconf 87' lang='lat' dir='ltr'>hiberna</span> <span class='ocrx_word' id='word_1_221' title='bbox 962 1695 1050 1750; x_wconf 81' lang='lat' dir='ltr'>jam</span> <span class='ocrx_word' id='word_1_222' title='bbox 1104 1709 1358 1750; x_wconf 80' lang='lat' dir='ltr'>praeparans,</span> <span class='ocrx_word' id='word_1_223' title='bbox 1398 1695 1487 1735; x_wconf 83' lang='lat' dir='ltr'>vias</span> 
     </span>
     <span class='ocr_line' id='line_1_29' title="bbox 74 1750 1487 1807; baseline -0.001 -15"><span class='ocrx_word' id='word_1_224' title='bbox 74 1752 373 1794; x_wconf 85' lang='lat' dir='ltr'>commeatibus</span> <span class='ocrx_word' id='word_1_225' title='bbox 394 1751 671 1793; x_wconf 82' lang='lat' dir='ltr'>subvehendis</span> <span class='ocrx_word' id='word_1_226' title='bbox 693 1767 744 1792; x_wconf 78' lang='lat' dir='ltr'>ex</span> <span class='ocrx_word' id='word_1_227' title='bbox 765 1750 982 1792; x_wconf 85' lang='lat' dir='ltr'>Thessalia</span> <span class='ocrx_word' id='word_1_228' title='bbox 1002 1752 1156 1792; x_wconf 86' lang='lat' dir='ltr'>muniri</span> <span class='ocrx_word' id='word_1_229' title='bbox 1171 1751 1309 1807; x_wconf 82' lang='lat' dir='ltr'>jubet,</span> <span class='ocrx_word' id='word_1_230' title='bbox 1327 1760 1367 1792; x_wconf 91' lang='lat' dir='ltr'>et</span> <span class='ocrx_word' id='word_1_231' title='bbox 1389 1751 1487 1807; x_wconf 85' lang='lat' dir='ltr'>eligi</span> 
     </span>
     <span class='ocr_line' id='line_1_30' title="bbox 74 1807 1488 1866; baseline -0.001 -17"><span class='ocrx_word' id='word_1_232' title='bbox 74 1808 233 1850; x_wconf 89' lang='lat' dir='ltr'>horreis</span> <span class='ocrx_word' id='word_1_233' title='bbox 252 1818 490 1866; x_wconf 82' lang='lat' dir='ltr'>opportuna</span> <span class='ocrx_word' id='word_1_234' title='bbox 510 1809 599 1850; x_wconf 90' lang='lat' dir='ltr'>loca</span> <span class='ocrx_word' id='word_1_235' title='bbox 620 1816 813 1864; x_wconf 86' lang='lat' dir='ltr'>tectaque</span> <span class='ocrx_word' id='word_1_236' title='bbox 834 1807 1048 1859; x_wconf 85' lang='lat' dir='ltr'>aedificari,</span> <span class='ocrx_word' id='word_1_237' title='bbox 1070 1807 1143 1849; x_wconf 90' lang='lat' dir='ltr'>ubi</span> <span class='ocrx_word' id='word_1_238' title='bbox 1171 1807 1369 1849; x_wconf 83' lang='lat' dir='ltr'>diversari</span> <span class='ocrx_word' id='word_1_239' title='bbox 1394 1823 1488 1864; x_wconf 85' lang='lat' dir='ltr'>por-</span> 
     </span>
     <span class='ocr_line' id='line_1_31' title="bbox 77 1873 689 1922; baseline -0.002 -16"><span class='ocrx_word' id='word_1_240' title='bbox 77 1873 213 1907; x_wconf 88' lang='lat' dir='ltr'>tantes</span> <span class='ocrx_word' id='word_1_241' title='bbox 234 1874 488 1908; x_wconf 82' lang='lat' dir='ltr'>commeatus</span> <span class='ocrx_word' id='word_1_242' title='bbox 512 1874 689 1922; x_wconf 86' lang='lat' dir='ltr'>possent.</span> 
     </span>
    </p>
   </div>
   <div class='ocr_carea' id='block_1_2' title="bbox 134 1921 1691 2104">
    <p class='ocr_par' dir='ltr' id='par_1_2' title="bbox 134 1921 1691 2104">
     <span class='ocr_line' id='line_1_32' title="bbox 134 1921 1691 1979; baseline -0.001 -15"><span class='ocrx_word' id='word_1_243' title='bbox 134 1923 194 1964; x_wconf 87' lang='lat' dir='ltr'>X.</span> <span class='ocrx_word' id='word_1_244' title='bbox 228 1924 420 1973; x_wconf 86' lang='lat' dir='ltr'>Perseus,</span> <span class='ocrx_word' id='word_1_245' title='bbox 443 1923 612 1964; x_wconf 88' lang='lat' dir='ltr'>tandem</span> <span class='ocrx_word' id='word_1_246' title='bbox 642 1921 675 1946; x_wconf 80' lang='lat'>⁵⁸</span> <span class='ocrx_word' id='word_1_247' title='bbox 691 1937 715 1962; x_wconf 84' lang='lat' dir='ltr'>a</span> <span class='ocrx_word' id='word_1_248' title='bbox 735 1937 887 1978; x_wconf 86' lang='lat' dir='ltr'>pavore</span> <span class='ocrx_word' id='word_1_249' title='bbox 908 1937 970 1972; x_wconf 90' lang='lat' dir='ltr'>eo,</span> <span class='ocrx_word' id='word_1_250' title='bbox 993 1937 1077 1977; x_wconf 92' lang='lat' dir='ltr'>quo</span> <span class='ocrx_word' id='word_1_251' title='bbox 1098 1921 1312 1964; x_wconf 85' lang='lat' dir='ltr'>adtonitus</span> <span class='ocrx_word' id='word_1_252' title='bbox 1334 1922 1486 1973; x_wconf 87' lang='lat' dir='ltr'>fuerat,</span> <span class='ocrx_word' id='word_1_253' title='bbox 1500 1930 1602 1962; x_wconf 81' lang='lat' dir='ltr'>Pudet</span> <span class='ocrx_word' id='word_1_254' title='bbox 1618 1932 1691 1979; x_wconf 56' lang='lat' dir='ltr'>Pey-</span> 
     </span>
     <span class='ocr_line' id='line_1_33' title="bbox 1500 1985 1688 2017; baseline -0.011 -12"><span class='ocrx_word' id='word_1_255' title='bbox 1500 1985 1553 2005; x_wconf 73' lang='grc'>883,</span> <span class='ocrx_word' id='word_1_256' title='bbox 1565 1985 1688 2017; x_wconf 67' lang='lat' dir='ltr'>pavoris</span> 
     </span>
     <span class='ocr_line' id='line_1_34' title="bbox 1501 2028 1558 2050; baseline 0.035 -2"><span class='ocrx_word' id='word_1_257' title='bbox 1501 2028 1558 2050; x_wconf 77' lang='lat' dir='ltr'><strong>SUI·</strong></span> 
     </span>
     <span class='ocr_line' id='line_1_35' title="bbox 988 2065 1490 2104; baseline 0 -10"><span class='ocrx_word' id='word_1_258' title='bbox 988 2066 1136 2095; x_wconf 77' lang='lat' dir='ltr'>interdum</span> <span class='ocrx_word' id='word_1_259' title='bbox 1162 2065 1261 2104; x_wconf 81' lang='lat' dir='ltr'>plnres</span> <span class='ocrx_word' id='word_1_260' title='bbox 1296 2065 1490 2104; x_wconf 74' lang='lat' dir='ltr'>apparatiori-</span> 
     </span>
    </p>
   </div>
   <div class='ocr_carea' id='block_1_3' title="bbox 580 1995 986 2035">
    <p class='ocr_par' dir='ltr' id='par_1_3' title="bbox 580 1995 986 2035">
     <span class='ocr_line' id='line_1_36' title="bbox 580 1995 986 2035; baseline 0.002 -10"><span class='ocrx_word' id='word_1_261' title='bbox 580 1999 596 2016; x_wconf 63' lang='grc' dir='ltr'>θ</span> <span class='ocrx_word' id='word_1_262' title='bbox 611 1996 646 2025; x_wconf 81' lang='lat' dir='ltr'>ab</span> <span class='ocrx_word' id='word_1_263' title='bbox 659 1996 872 2035; x_wconf 75' lang='lat' dir='ltr'>apparitoribus</span> <span class='ocrx_word' id='word_1_264' title='bbox 887 1995 986 2026; x_wconf 85' lang='lat' dir='ltr'>Gron.</span> 
     </span>
    </p>
   </div>
   <div class='ocr_carea' id='block_1_4' title="bbox 76 2065 760 2236">
    <p class='ocr_par' dir='ltr' id='par_1_4' title="bbox 76 2065 760 2236">
     <span class='ocr_line' id='line_1_37' title="bbox 77 2065 759 2106; baseline -0.001 -10"><span class='ocrx_word' id='word_1_265' title='bbox 77 2065 147 2102; x_wconf 85' lang='lat' dir='ltr'>bus,</span> <span class='ocrx_word' id='word_1_266' title='bbox 171 2076 198 2097; x_wconf 90' lang='lat' dir='ltr'>c.</span> <span class='ocrx_word' id='word_1_267' title='bbox 218 2066 269 2096; x_wconf 88' lang='lat'>50.</span> <span class='ocrx_word' id='word_1_268' title='bbox 293 2066 375 2096; x_wconf 90' lang='lat' dir='ltr'>hunc</span> <span class='ocrx_word' id='word_1_269' title='bbox 399 2065 477 2097; x_wconf 87' lang='lat' dir='ltr'>Livii</span> <span class='ocrx_word' id='word_1_270' title='bbox 500 2065 602 2096; x_wconf 82' lang='lat' dir='ltr'>locum</span> <span class='ocrx_word' id='word_1_271' title='bbox 621 2065 759 2106; x_wconf 83' lang='lat' dir='ltr'>allegan-</span> 
     </span>
     <span class='ocr_line' id='line_1_38' title="bbox 79 2108 760 2150; baseline -0.001 -11"><span class='ocrx_word' id='word_1_272' title='bbox 79 2114 136 2144; x_wconf 82' lang='lat' dir='ltr'>teS,</span> <span class='ocrx_word' id='word_1_273' title='bbox 175 2108 303 2143; x_wconf 86' lang='lat' dir='ltr'>habent,</span> <span class='ocrx_word' id='word_1_274' title='bbox 348 2108 425 2139; x_wconf 83' lang='lat' dir='ltr'>Nam</span> <span class='ocrx_word' id='word_1_275' title='bbox 465 2109 548 2140; x_wconf 78' lang='lat' dir='ltr'>semel</span> <span class='ocrx_word' id='word_1_276' title='bbox 589 2110 760 2150; x_wconf 74' lang='lat' dir='ltr'>quadrigis:</span> 
     </span>
     <span class='ocr_line' id='line_1_39' title="bbox 76 2151 759 2192; baseline -0.003 -10"><span class='ocrx_word' id='word_1_277' title='bbox 76 2151 141 2182; x_wconf 87' lang='lat' dir='ltr'>sive</span> <span class='ocrx_word' id='word_1_278' title='bbox 168 2163 206 2182; x_wconf 84' lang='lat' dir='ltr'>ex</span> <span class='ocrx_word' id='word_1_279' title='bbox 232 2151 408 2192; x_wconf 78' lang='lat' dir='ltr'>conjectura</span> <span class='ocrx_word' id='word_1_280' title='bbox 432 2152 617 2192; x_wconf 81' lang='lat' dir='ltr'>corrigerent</span> <span class='ocrx_word' id='word_1_281' title='bbox 645 2152 759 2187; x_wconf 87' lang='lat' dir='ltr'>locum,</span> 
     </span>
     <span class='ocr_line' id='line_1_40' title="bbox 78 2193 759 2236; baseline 0 -12"><span class='ocrx_word' id='word_1_282' title='bbox 78 2194 141 2225; x_wconf 83' lang='lat' dir='ltr'>sive</span> <span class='ocrx_word' id='word_1_283' title='bbox 156 2194 188 2225; x_wconf 89' lang='lat' dir='ltr'>in</span> <span class='ocrx_word' id='word_1_284' title='bbox 203 2194 266 2224; x_wconf 86' lang='lat' dir='ltr'>suis</span> <span class='ocrx_word' id='word_1_285' title='bbox 282 2194 361 2225; x_wconf 90' lang='lat' dir='ltr'>Livii</span> <span class='ocrx_word' id='word_1_286' title='bbox 376 2194 603 2236; x_wconf 85' lang='lat' dir='ltr'>exemplaribus</span> <span class='ocrx_word' id='word_1_287' title='bbox 618 2193 659 2224; x_wconf 81' lang='lat' dir='ltr'>sic</span> <span class='ocrx_word' id='word_1_288' title='bbox 675 2194 759 2234; x_wconf 78' lang='lat' dir='ltr'>lege-</span> 
     </span>
    </p>
   </div>
   <div class='ocr_carea' id='block_1_5' title="bbox 802 2063 1491 2266">
    <p class='ocr_par' dir='ltr' id='par_1_5' title="bbox 802 2063 955 2138">
     <span class='ocr_line' id='line_1_41' title="bbox 802 2063 942 2105; baseline -0.014 -10"><span class='ocrx_word' id='word_1_289' title='bbox 802 2063 942 2105; x_wconf 85' lang='lat' dir='ltr'>jectura:</span> 
     </span>
     <span class='ocr_line' id='line_1_42' title="bbox 804 2109 955 2138; baseline 0 -1"><span class='ocrx_word' id='word_1_290' title='bbox 804 2109 856 2138; x_wconf 81' lang='lat' dir='ltr'>bus</span> <span class='ocrx_word' id='word_1_291' title='bbox 870 2109 955 2138; x_wconf 77' lang='lat' dir='ltr'>ludis.</span> 
     </span>
    </p>

    <p class='ocr_par' dir='ltr' id='par_1_6' title="bbox 803 2149 1491 2266">
     <span class='ocr_line' id='line_1_43' title="bbox 847 2149 1490 2191; baseline 0 -11"><span class='ocrx_word' id='word_1_292' title='bbox 847 2152 887 2181; x_wconf 88' lang='lat'>53</span> <span class='ocrx_word' id='word_1_293' title='bbox 912 2151 949 2180; x_wconf 83' lang='grc' dir='ltr'>Ιη</span> <span class='ocrx_word' id='word_1_294' title='bbox 971 2156 1055 2189; x_wconf 76' lang='lat' dir='ltr'>parte</span> <span class='ocrx_word' id='word_1_295' title='bbox 1077 2172 1086 2180; x_wconf 85' lang='grc'><em>,</em></span> <span class='ocrx_word' id='word_1_296' title='bbox 1109 2172 1117 2180; x_wconf 92' lang='grc'>.</span> <span class='ocrx_word' id='word_1_297' title='bbox 1133 2161 1162 2179; x_wconf 71' lang='lat'>(²1</span> <span class='ocrx_word' id='word_1_298' title='bbox 1191 2151 1290 2191; x_wconf 73' lang='lat' dir='ltr'>parte]</span> <span class='ocrx_word' id='word_1_299' title='bbox 1336 2150 1414 2180; x_wconf 76' lang='lat' dir='ltr'>Haec</span> <span class='ocrx_word' id='word_1_300' title='bbox 1446 2149 1490 2180; x_wconf 88' lang='lat' dir='ltr'>sic</span> 
     </span>
     <span class='ocr_line' id='line_1_44' title="bbox 803 2192 1491 2233; baseline 0 -11"><span class='ocrx_word' id='word_1_301' title='bbox 803 2192 888 2224; x_wconf 79' lang='lat' dir='ltr'>dicta</span> <span class='ocrx_word' id='word_1_302' title='bbox 914 2198 996 2229; x_wconf 82' lang='lat' dir='ltr'>sunt,</span> <span class='ocrx_word' id='word_1_303' title='bbox 1012 2192 1166 2233; x_wconf 88' lang='lat' dir='ltr'>quomodo</span> <span class='ocrx_word' id='word_1_304' title='bbox 1191 2193 1217 2223; x_wconf 88' lang='lat' dir='ltr'>si</span> <span class='ocrx_word' id='word_1_305' title='bbox 1240 2193 1402 2224; x_wconf 81' lang='lat' dir='ltr'>iteraretur</span> <span class='ocrx_word' id='word_1_306' title='bbox 1420 2204 1491 2233; x_wconf 82' lang='lat' dir='ltr'>par-</span> 
     </span>
     <span class='ocr_line' id='line_1_45' title="bbox 804 2237 866 2266; baseline 0.016 -1"><span class='ocrx_word' id='word_1_307' title='bbox 804 2237 866 2266; x_wconf 83' lang='lat' dir='ltr'>tim.</span> 
     </span>
    </p>
   </div>
   <div class='ocr_carea' id='block_1_6' title="bbox 77 2237 772 2909">
    <p class='ocr_par' dir='ltr' id='par_1_7' title="bbox 77 2237 769 2737">
     <span class='ocr_line' id='line_1_46' title="bbox 77 2237 761 2278; baseline -0.003 -10"><span class='ocrx_word' id='word_1_308' title='bbox 77 2242 156 2268; x_wconf 80' lang='lat' dir='ltr'>rent.</span> <span class='ocrx_word' id='word_1_309' title='bbox 201 2237 264 2274; x_wconf 86' lang='lat' dir='ltr'>Qui</span> <span class='ocrx_word' id='word_1_310' title='bbox 287 2237 347 2267; x_wconf 83' lang='lat' dir='ltr'>sint</span> <span class='ocrx_word' id='word_1_311' title='bbox 376 2237 556 2271; x_wconf 85' lang='lat' dir='ltr'>desultores,</span> <span class='ocrx_word' id='word_1_312' title='bbox 579 2237 669 2267; x_wconf 87' lang='lat' dir='ltr'>docet</span> <span class='ocrx_word' id='word_1_313' title='bbox 695 2247 761 2278; x_wconf 79' lang='lat' dir='ltr'>ipse</span> 
     </span>
     <span class='ocr_line' id='line_1_47' title="bbox 81 2280 762 2321; baseline -0.001 -10"><span class='ocrx_word' id='word_1_314' title='bbox 81 2280 166 2311; x_wconf 83' lang='lat' dir='ltr'>aliud</span> <span class='ocrx_word' id='word_1_315' title='bbox 189 2280 308 2321; x_wconf 79' lang='lat' dir='ltr'>agendo</span> <span class='ocrx_word' id='word_1_316' title='bbox 327 2280 442 2315; x_wconf 83' lang='lat' dir='ltr'>Livius,</span> <span class='ocrx_word' id='word_1_317' title='bbox 465 2280 486 2310; x_wconf 88' lang='lat' dir='ltr'>l.</span> <span class='ocrx_word' id='word_1_318' title='bbox 509 2280 638 2310; x_wconf 89' lang='lat' dir='ltr'>XXIII.</span> <span class='ocrx_word' id='word_1_319' title='bbox 661 2290 687 2310; x_wconf 89' lang='lat' dir='ltr'>c.</span> <span class='ocrx_word' id='word_1_320' title='bbox 709 2280 762 2310; x_wconf 79' lang='lat'>29.</span> 
     </span>
     <span class='ocr_line' id='line_1_48' title="bbox 82 2323 762 2363; baseline -0.004 -10"><span class='ocrx_word' id='word_1_321' title='bbox 82 2323 219 2353; x_wconf 69' lang='lat' dir='ltr'>Numida:</span> <span class='ocrx_word' id='word_1_322' title='bbox 241 2345 249 2353; x_wconf 92' lang='lat'>.</span> <span class='ocrx_word' id='word_1_323' title='bbox 274 2346 282 2354; x_wconf 92' lang='lat'><strong><em>.</em></strong></span> <span class='ocrx_word' id='word_1_324' title='bbox 305 2324 405 2363; x_wconf 77' lang='lat' dir='ltr'>quibus</span> <span class='ocrx_word' id='word_1_325' title='bbox 437 2324 613 2353; x_wconf 76' lang='lat' dir='ltr'>desultorum</span> <span class='ocrx_word' id='word_1_326' title='bbox 645 2324 677 2352; x_wconf 85' lang='lat' dir='ltr'>in</span> <span class='ocrx_word' id='word_1_327' title='bbox 704 2334 762 2351; x_wconf 82' lang='lat' dir='ltr'>mo-</span> 
     </span>
     <span class='ocr_line' id='line_1_49' title="bbox 80 2366 763 2406; baseline -0.001 -11"><span class='ocrx_word' id='word_1_328' title='bbox 80 2367 151 2396; x_wconf 79' lang='lat' dir='ltr'>dum</span> <span class='ocrx_word' id='word_1_329' title='bbox 179 2366 255 2396; x_wconf 76' lang='lat' dir='ltr'>binos</span> <span class='ocrx_word' id='word_1_330' title='bbox 284 2367 463 2396; x_wconf 79' lang='lat' dir='ltr'>trahentibus</span> <span class='ocrx_word' id='word_1_331' title='bbox 500 2377 582 2406; x_wconf 71' lang='lat' dir='ltr'>equos</span> <span class='ocrx_word' id='word_1_332' title='bbox 617 2367 695 2395; x_wconf 71' lang='lat' dir='ltr'>iuter</span> <span class='ocrx_word' id='word_1_333' title='bbox 730 2377 763 2394; x_wconf 88' lang='grc' dir='ltr'>α-</span> 
     </span>
     <span class='ocr_line' id='line_1_50' title="bbox 79 2410 765 2450; baseline 0 -12"><span class='ocrx_word' id='word_1_334' title='bbox 79 2410 232 2439; x_wconf 78' lang='lat' dir='ltr'>cerrimam</span> <span class='ocrx_word' id='word_1_335' title='bbox 272 2420 342 2448; x_wconf 72' lang='lat' dir='ltr'>scrpe</span> <span class='ocrx_word' id='word_1_336' title='bbox 379 2420 510 2450; x_wconf 76' lang='lat' dir='ltr'>pugnam</span> <span class='ocrx_word' id='word_1_337' title='bbox 551 2411 584 2438; x_wconf 73' lang='lat' dir='ltr'>in</span> <span class='ocrx_word' id='word_1_338' title='bbox 625 2414 765 2438; x_wconf 77' lang='lat' dir='ltr'>recentem</span> 
     </span>
     <span class='ocr_line' id='line_1_51' title="bbox 80 2451 767 2492; baseline -0.001 -11"><span class='ocrx_word' id='word_1_339' title='bbox 80 2462 185 2491; x_wconf 80' lang='lat' dir='ltr'>equum</span> <span class='ocrx_word' id='word_1_340' title='bbox 229 2462 262 2482; x_wconf 66' lang='lat' dir='ltr'>ex</span> <span class='ocrx_word' id='word_1_341' title='bbox 294 2451 374 2492; x_wconf 82' lang='lat' dir='ltr'>fesso</span> <span class='ocrx_word' id='word_1_342' title='bbox 417 2453 538 2482; x_wconf 75' lang='lat' dir='ltr'>armatis</span> <span class='ocrx_word' id='word_1_343' title='bbox 574 2451 767 2481; x_wconf 70' lang='lat' dir='ltr'>transsiiltare</span> 
     </span>
     <span class='ocr_line' id='line_1_52' title="bbox 80 2493 767 2535; baseline 0 -12"><span class='ocrx_word' id='word_1_344' title='bbox 80 2504 138 2524; x_wconf 80' lang='lat' dir='ltr'>mos</span> <span class='ocrx_word' id='word_1_345' title='bbox 172 2500 246 2525; x_wconf 78' lang='lat' dir='ltr'>erat.</span> <span class='ocrx_word' id='word_1_346' title='bbox 291 2494 438 2535; x_wconf 87' lang='lat' dir='ltr'>Denique</span> <span class='ocrx_word' id='word_1_347' title='bbox 473 2494 532 2525; x_wconf 90' lang='lat' dir='ltr'>hoc</span> <span class='ocrx_word' id='word_1_348' title='bbox 562 2494 671 2525; x_wconf 85' lang='lat' dir='ltr'>eodem</span> <span class='ocrx_word' id='word_1_349' title='bbox 699 2493 767 2524; x_wconf 83' lang='lat' dir='ltr'>loco</span> 
     </span>
     <span class='ocr_line' id='line_1_53' title="bbox 84 2535 768 2579; baseline 0 -13"><span class='ocrx_word' id='word_1_350' title='bbox 84 2535 258 2568; x_wconf 78' lang='lat' dir='ltr'>Gronovius</span> <span class='ocrx_word' id='word_1_351' title='bbox 285 2536 420 2579; x_wconf 87' lang='lat' dir='ltr'>reposuit</span> <span class='ocrx_word' id='word_1_352' title='bbox 444 2547 482 2568; x_wconf 83' lang='lat' dir='ltr'>ex</span> <span class='ocrx_word' id='word_1_353' title='bbox 509 2536 644 2578; x_wconf 86' lang='lat' dir='ltr'>antiquis</span> <span class='ocrx_word' id='word_1_354' title='bbox 677 2536 768 2567; x_wconf 84' lang='lat' dir='ltr'>editis</span> 
     </span>
     <span class='ocr_line' id='line_1_54' title="bbox 82 2581 767 2621; baseline 0.004 -14"><span class='ocrx_word' id='word_1_355' title='bbox 82 2585 238 2620; x_wconf 75' lang='lat' dir='ltr'>utrumque</span> <span class='ocrx_word' id='word_1_356' title='bbox 279 2581 474 2616; x_wconf 69' lang='lat' dir='ltr'>curriculum,</span> <span class='ocrx_word' id='word_1_357' title='bbox 516 2590 611 2621; x_wconf 87' lang='lat' dir='ltr'>quum</span> <span class='ocrx_word' id='word_1_358' title='bbox 659 2589 767 2610; x_wconf 88' lang='lat' dir='ltr'>recen-</span> 
     </span>
     <span class='ocr_line' id='line_1_55' title="bbox 82 2619 767 2662; baseline 0.001 -12"><span class='ocrx_word' id='word_1_359' title='bbox 82 2619 174 2651; x_wconf 88' lang='lat' dir='ltr'>tiores</span> <span class='ocrx_word' id='word_1_360' title='bbox 196 2622 341 2653; x_wconf 85' lang='lat' dir='ltr'>mendose</span> <span class='ocrx_word' id='word_1_361' title='bbox 371 2622 507 2653; x_wconf 82' lang='lat' dir='ltr'>habeant</span> <span class='ocrx_word' id='word_1_362' title='bbox 528 2629 684 2662; x_wconf 77' lang='lat' dir='ltr'>utrumque</span> <span class='ocrx_word' id='word_1_363' title='bbox 710 2624 767 2652; x_wconf 83' lang='lat' dir='ltr'>cir-</span> 
     </span>
     <span class='ocr_line' id='line_1_56' title="bbox 83 2664 769 2696; baseline 0.004 -3"><span class='ocrx_word' id='word_1_364' title='bbox 83 2664 196 2694; x_wconf 79' lang='lat' dir='ltr'>culum.</span> <span class='ocrx_word' id='word_1_365' title='bbox 240 2666 434 2696; x_wconf 77' lang='lat' dir='ltr'>Curriculum</span> <span class='ocrx_word' id='word_1_366' title='bbox 448 2665 500 2696; x_wconf 84' lang='lat' dir='ltr'>hic</span> <span class='ocrx_word' id='word_1_367' title='bbox 522 2665 605 2696; x_wconf 84' lang='lat' dir='ltr'>idem</span> <span class='ocrx_word' id='word_1_368' title='bbox 627 2665 711 2696; x_wconf 83' lang='lat' dir='ltr'>valet</span> <span class='ocrx_word' id='word_1_369' title='bbox 732 2675 769 2696; x_wconf 85' lang='lat' dir='ltr'>ac</span> 
     </span>
     <span class='ocr_line' id='line_1_57' title="bbox 83 2716 198 2737; baseline 0.017 -2"><span class='ocrx_word' id='word_1_370' title='bbox 83 2716 198 2737; x_wconf 80' lang='lat' dir='ltr'>cursus.</span> 
     </span>
    </p>

    <p class='ocr_par' dir='ltr' id='par_1_8' title="bbox 86 2749 772 2909">
     <span class='ocr_line' id='line_1_58' title="bbox 128 2749 770 2791; baseline 0.003 -13"><span class='ocrx_word' id='word_1_371' title='bbox 128 2749 171 2779; x_wconf 82' lang='lat'>52</span> <span class='ocrx_word' id='word_1_372' title='bbox 194 2749 413 2787; x_wconf 73' lang='lat' dir='ltr'>Appoeritoribns</span> <span class='ocrx_word' id='word_1_373' title='bbox 433 2750 511 2791; x_wconf 81' lang='lat' dir='ltr'>ludi]</span> <span class='ocrx_word' id='word_1_374' title='bbox 536 2750 587 2781; x_wconf 85' lang='lat' dir='ltr'>Sic</span> <span class='ocrx_word' id='word_1_375' title='bbox 609 2750 770 2791; x_wconf 79' lang='lat' dir='ltr'>legebatur</span> 
     </span>
     <span class='ocr_line' id='line_1_59' title="bbox 86 2790 771 2829; baseline 0.003 -8"><span class='ocrx_word' id='word_1_376' title='bbox 86 2790 118 2821; x_wconf 91' lang='lat' dir='ltr'>in</span> <span class='ocrx_word' id='word_1_377' title='bbox 154 2790 308 2821; x_wconf 86' lang='lat' dir='ltr'>veteribus</span> <span class='ocrx_word' id='word_1_378' title='bbox 344 2792 445 2829; x_wconf 86' lang='lat' dir='ltr'>editis,</span> <span class='ocrx_word' id='word_1_379' title='bbox 482 2798 561 2824; x_wconf 87' lang='lat' dir='ltr'>teste</span> <span class='ocrx_word' id='word_1_380' title='bbox 603 2793 771 2824; x_wconf 87' lang='lat' dir='ltr'>Gronovio.</span> 
     </span>
     <span class='ocr_line' id='line_1_60' title="bbox 89 2832 771 2875; baseline 0.001 -11"><span class='ocrx_word' id='word_1_381' title='bbox 89 2832 211 2875; x_wconf 88' lang='lat' dir='ltr'>Nuperi</span> <span class='ocrx_word' id='word_1_382' title='bbox 240 2833 420 2874; x_wconf 77' lang='lat' dir='ltr'>adjecerunt</span> <span class='ocrx_word' id='word_1_383' title='bbox 445 2837 479 2865; x_wconf 79' lang='lat' dir='ltr'>ab</span> <span class='ocrx_word' id='word_1_384' title='bbox 504 2842 575 2866; x_wconf 83' lang='lat' dir='ltr'>ante</span> <span class='ocrx_word' id='word_1_385' title='bbox 597 2837 771 2875; x_wconf 71' lang='lat' dir='ltr'>apparitor-i-</span> 
     </span>
     <span class='ocr_line' id='line_1_61' title="bbox 86 2876 772 2909; baseline 0.004 -4"><span class='ocrx_word' id='word_1_386' title='bbox 86 2878 147 2906; x_wconf 75' lang='lat' dir='ltr'>bus.</span> <span class='ocrx_word' id='word_1_387' title='bbox 201 2876 339 2906; x_wconf 82' lang='lat' dir='ltr'>Multum</span> <span class='ocrx_word' id='word_1_388' title='bbox 367 2877 525 2908; x_wconf 84' lang='lat' dir='ltr'>blanditur</span> <span class='ocrx_word' id='word_1_389' title='bbox 552 2879 668 2909; x_wconf 85' lang='lat' dir='ltr'>Mureti</span> <span class='ocrx_word' id='word_1_390' title='bbox 700 2888 772 2908; x_wconf 86' lang='lat' dir='ltr'>con-</span> 
     </span>
    </p>
   </div>
   <div class='ocr_carea' id='block_1_7' title="bbox 146 2932 321 2958">
    <p class='ocr_par' dir='ltr' id='par_1_9' title="bbox 146 2932 321 2958">
     <span class='ocr_line' id='line_1_62' title="bbox 146 2932 321 2958; baseline 0 0"><span class='ocrx_word' id='word_1_391' title='bbox 146 2932 239 2958; x_wconf 87' lang='lat' dir='ltr'>voL.</span> <span class='ocrx_word' id='word_1_392' title='bbox 265 2933 321 2958; x_wconf 86' lang='lat' dir='ltr'>IV.</span> 
     </span>
    </p>
   </div>
   <div class='ocr_carea' id='block_1_8' title="bbox 807 2279 1493 2533">
    <p class='ocr_par' dir='ltr' id='par_1_10' title="bbox 807 2279 1492 2395">
     <span class='ocr_line' id='line_1_63' title="bbox 848 2279 1490 2319; baseline -0.003 -10"><span class='ocrx_word' id='word_1_393' title='bbox 848 2279 889 2309; x_wconf 81' lang='lat'>54</span> <span class='ocrx_word' id='word_1_394' title='bbox 914 2279 1108 2319; x_wconf 65' lang='lat' dir='ltr'>Elegantioris</span> <span class='ocrx_word' id='word_1_395' title='bbox 1137 2279 1275 2313; x_wconf 70' lang='lat' dir='ltr'>ezer-citii,</span> <span class='ocrx_word' id='word_1_396' title='bbox 1297 2289 1383 2318; x_wconf 75' lang='lat' dir='ltr'>quam</span> <span class='ocrx_word' id='word_1_397' title='bbox 1413 2279 1490 2308; x_wconf 71' lang='lat' dir='ltr'>mili-</span> 
     </span>
     <span class='ocr_line' id='line_1_64' title="bbox 807 2321 1492 2363; baseline 0 -12"><span class='ocrx_word' id='word_1_398' title='bbox 807 2323 878 2351; x_wconf 76' lang='lat' dir='ltr'>taris</span> <span class='ocrx_word' id='word_1_399' title='bbox 911 2321 1000 2362; x_wconf 82' lang='lat' dir='ltr'>artis]</span> <span class='ocrx_word' id='word_1_400' title='bbox 1039 2322 1191 2363; x_wconf 77' lang='lat' dir='ltr'>Expunge</span> <span class='ocrx_word' id='word_1_401' title='bbox 1227 2331 1298 2351; x_wconf 88' lang='lat' dir='ltr'>cum</span> <span class='ocrx_word' id='word_1_402' title='bbox 1336 2321 1492 2352; x_wconf 89' lang='lat' dir='ltr'>Gronovio</span> 
     </span>
     <span class='ocr_line' id='line_1_65' title="bbox 807 2371 1011 2395; baseline -0.005 0"><span class='ocrx_word' id='word_1_403' title='bbox 807 2375 914 2395; x_wconf 88' lang='lat' dir='ltr'>vocem</span> <span class='ocrx_word' id='word_1_404' title='bbox 929 2371 1011 2394; x_wconf 68' lang='lat' dir='ltr'>arus.</span> 
     </span>
    </p>

    <p class='ocr_par' dir='ltr' id='par_1_11' title="bbox 809 2407 1493 2533">
     <span class='ocr_line' id='line_1_66' title="bbox 851 2407 1492 2442; baseline -0.002 -5"><span class='ocrx_word' id='word_1_405' title='bbox 851 2409 892 2438; x_wconf 88' lang='grc'>55</span> <span class='ocrx_word' id='word_1_406' title='bbox 929 2407 1027 2442; x_wconf 78' lang='lat' dir='ltr'>Quum</span> <span class='ocrx_word' id='word_1_407' title='bbox 1063 2408 1134 2437; x_wconf 84' lang='lat' dir='ltr'>alios</span> <span class='ocrx_word' id='word_1_408' title='bbox 1168 2408 1307 2437; x_wconf 75' lang='lat' dir='ltr'>decursus</span> <span class='ocrx_word' id='word_1_409' title='bbox 1341 2407 1492 2436; x_wconf 75' lang='lat' dir='ltr'>edidissem</span> 
     </span>
     <span class='ocr_line' id='line_1_67' title="bbox 809 2449 1493 2491; baseline -0.003 -11"><span class='ocrx_word' id='word_1_410' title='bbox 809 2450 916 2490; x_wconf 76' lang='lat' dir='ltr'>motus]</span> <span class='ocrx_word' id='word_1_411' title='bbox 962 2449 1058 2481; x_wconf 84' lang='lat' dir='ltr'>Malit</span> <span class='ocrx_word' id='word_1_412' title='bbox 1094 2449 1242 2491; x_wconf 88' lang='lat' dir='ltr'>Dujatius</span> <span class='ocrx_word' id='word_1_413' title='bbox 1281 2451 1425 2480; x_wconf 77' lang='lat' dir='ltr'>decursu:</span> <span class='ocrx_word' id='word_1_414' title='bbox 1462 2453 1493 2479; x_wconf 86' lang='lat' dir='ltr'>et</span> 
     </span>
     <span class='ocr_line' id='line_1_68' title="bbox 809 2492 1068 2533; baseline 0 -10"><span class='ocrx_word' id='word_1_415' title='bbox 809 2492 918 2523; x_wconf 88' lang='lat' dir='ltr'>merito</span> <span class='ocrx_word' id='word_1_416' title='bbox 930 2492 1068 2533; x_wconf 86' lang='lat' dir='ltr'>quidem.</span> 
     </span>
    </p>
   </div>
   <div class='ocr_carea' id='block_1_9' title="bbox 853 2531 1493 2577">
    <p class='ocr_par' dir='ltr' id='par_1_12' title="bbox 853 2531 1493 2577">
     <span class='ocr_line' id='line_1_69' title="bbox 853 2531 1493 2577; baseline -0.005 -11"><span class='ocrx_word' id='word_1_417' title='bbox 853 2536 894 2566; x_wconf 88' lang='grc'>56</span> <span class='ocrx_word' id='word_1_418' title='bbox 918 2535 1053 2565; x_wconf 72' lang='lat' dir='ltr'>Duorum</span> <span class='ocrx_word' id='word_1_419' title='bbox 1074 2531 1239 2577; x_wconf 64' lang='lat' dir='ltr'>signoruni]</span> <span class='ocrx_word' id='word_1_420' title='bbox 1263 2534 1405 2565; x_wconf 86' lang='lat' dir='ltr'>Duorum</span> <span class='ocrx_word' id='word_1_421' title='bbox 1428 2543 1493 2563; x_wconf 83' lang='lat' dir='ltr'>ma-</span> 
     </span>
    </p>
   </div>
   <div class='ocr_carea' id='block_1_10' title="bbox 810 2576 1499 2875">
    <p class='ocr_par' dir='ltr' id='par_1_13' title="bbox 810 2576 1493 2652">
     <span class='ocr_line' id='line_1_70' title="bbox 810 2576 1493 2620; baseline -0.004 -12"><span class='ocrx_word' id='word_1_422' title='bbox 810 2577 997 2620; x_wconf 87' lang='lat' dir='ltr'>nipulorum.</span> <span class='ocrx_word' id='word_1_423' title='bbox 1025 2577 1098 2609; x_wconf 86' lang='lat' dir='ltr'>Vid.</span> <span class='ocrx_word' id='word_1_424' title='bbox 1115 2584 1178 2609; x_wconf 85' lang='lat' dir='ltr'>not.</span> <span class='ocrx_word' id='word_1_425' title='bbox 1193 2579 1222 2608; x_wconf 86' lang='lat'>2.</span> <span class='ocrx_word' id='word_1_426' title='bbox 1239 2577 1279 2608; x_wconf 85' lang='lat' dir='ltr'>ad</span> <span class='ocrx_word' id='word_1_427' title='bbox 1294 2577 1315 2608; x_wconf 91' lang='lat' dir='ltr'>l.</span> <span class='ocrx_word' id='word_1_428' title='bbox 1332 2576 1493 2608; x_wconf 83' lang='lat' dir='ltr'>XXXIII.</span> 
     </span>
     <span class='ocr_line' id='line_1_71' title="bbox 812 2623 886 2652; baseline 0.014 -1"><span class='ocrx_word' id='word_1_429' title='bbox 812 2630 838 2651; x_wconf 91' lang='lat' dir='ltr'>c.</span> <span class='ocrx_word' id='word_1_430' title='bbox 856 2623 886 2652; x_wconf 93' lang='lat'>1.</span> 
     </span>
    </p>

    <p class='ocr_par' dir='ltr' id='par_1_14' title="bbox 811 2659 1495 2745">
     <span class='ocr_line' id='line_1_72' title="bbox 854 2659 1495 2704; baseline -0.006 -11"><span class='ocrx_word' id='word_1_431' title='bbox 854 2665 894 2694; x_wconf 85' lang='lat'>57</span> <span class='ocrx_word' id='word_1_432' title='bbox 920 2663 974 2693; x_wconf 82' lang='lat' dir='ltr'>Sed</span> <span class='ocrx_word' id='word_1_433' title='bbox 1000 2663 1156 2703; x_wconf 64' lang='lat' dir='ltr'>protecta]</span> <span class='ocrx_word' id='word_1_434' title='bbox 1201 2662 1339 2704; x_wconf 84' lang='lat' dir='ltr'>Reponit</span> <span class='ocrx_word' id='word_1_435' title='bbox 1372 2659 1495 2701; x_wconf 85' lang='lat' dir='ltr'>Lipsius</span> 
     </span>
     <span class='ocr_line' id='line_1_73' title="bbox 811 2704 1425 2745; baseline -0.003 -9"><span class='ocrx_word' id='word_1_436' title='bbox 811 2713 967 2745; x_wconf 77' lang='lat' dir='ltr'>proetenta.</span> <span class='ocrx_word' id='word_1_437' title='bbox 1013 2706 1159 2736; x_wconf 84' lang='lat' dir='ltr'>Refertur</span> <span class='ocrx_word' id='word_1_438' title='bbox 1181 2706 1262 2735; x_wconf 89' lang='lat' dir='ltr'>enim</span> <span class='ocrx_word' id='word_1_439' title='bbox 1279 2704 1317 2734; x_wconf 85' lang='lat' dir='ltr'>ad</span> <span class='ocrx_word' id='word_1_440' title='bbox 1332 2710 1425 2734; x_wconf 79' lang='lat' dir='ltr'>scuta.</span> 
     </span>
    </p>

    <p class='ocr_par' dir='ltr' id='par_1_15' title="bbox 815 2744 1499 2875">
     <span class='ocr_line' id='line_1_74' title="bbox 856 2744 1499 2787; baseline -0.006 -8"><span class='ocrx_word' id='word_1_441' title='bbox 856 2750 897 2779; x_wconf 82' lang='lat'>58</span> <span class='ocrx_word' id='word_1_442' title='bbox 921 2750 947 2778; x_wconf 89' lang='lat' dir='ltr'><strong><em>A</em></strong></span> <span class='ocrx_word' id='word_1_443' title='bbox 969 2760 1071 2787; x_wconf 71' lang='lat' dir='ltr'>pavore</span> <span class='ocrx_word' id='word_1_444' title='bbox 1093 2770 1102 2778; x_wconf 91' lang='lat'>.</span> <span class='ocrx_word' id='word_1_445' title='bbox 1124 2771 1131 2779; x_wconf 88' lang='lat'><strong><em>.</em></strong></span> <span class='ocrx_word' id='word_1_446' title='bbox 1147 2748 1373 2786; x_wconf 74' lang='lat' dir='ltr'>receptoaninm,</span> <span class='ocrx_word' id='word_1_447' title='bbox 1394 2744 1499 2784; x_wconf 76' lang='lat' dir='ltr'>malle]</span> 
     </span>
     <span class='ocr_line' id='line_1_75' title="bbox 815 2787 1496 2832; baseline -0.006 -11"><span class='ocrx_word' id='word_1_448' title='bbox 815 2791 941 2832; x_wconf 84' lang='lat' dir='ltr'>Adjecit</span> <span class='ocrx_word' id='word_1_449' title='bbox 958 2791 1100 2831; x_wconf 83' lang='lat' dir='ltr'>Sigonius</span> <span class='ocrx_word' id='word_1_450' title='bbox 1114 2791 1255 2821; x_wconf 82' lang='lat' dir='ltr'>voculam</span> <span class='ocrx_word' id='word_1_451' title='bbox 1270 2802 1299 2824; x_wconf 82' lang='lat' dir='ltr'>u,</span> <span class='ocrx_word' id='word_1_452' title='bbox 1313 2794 1344 2818; x_wconf 84' lang='lat' dir='ltr'>et</span> <span class='ocrx_word' id='word_1_453' title='bbox 1359 2788 1418 2829; x_wconf 81' lang='lat' dir='ltr'>legi</span> <span class='ocrx_word' id='word_1_454' title='bbox 1432 2787 1496 2828; x_wconf 83' lang='lat' dir='ltr'>jus-</span> 
     </span>
     <span class='ocr_line' id='line_1_76' title="bbox 816 2834 1147 2875; baseline -0.009 -10"><span class='ocrx_word' id='word_1_455' title='bbox 816 2834 854 2865; x_wconf 84' lang='lat' dir='ltr'>sit</span> <span class='ocrx_word' id='word_1_456' title='bbox 870 2835 955 2864; x_wconf 80' lang='lat' dir='ltr'>malle</span> <span class='ocrx_word' id='word_1_457' title='bbox 970 2845 1024 2875; x_wconf 86' lang='lat' dir='ltr'>pro</span> <span class='ocrx_word' id='word_1_458' title='bbox 1038 2834 1147 2863; x_wconf 75' lang='lat' dir='ltr'>mallet.</span> 
     </span>
    </p>
   </div>
   <div class='ocr_carea' id='block_1_11' title="bbox 892 2933 916 2957">
    <p class='ocr_par' dir='ltr' id='par_1_16' title="bbox 892 2933 916 2957">
     <span class='ocr_line' id='line_1_77' title="bbox 892 2933 916 2957; baseline 0 0"><span class='ocrx_word' id='word_1_459' title='bbox 892 2933 916 2957; x_wconf 87' lang='grc' dir='ltr'>Κ</span> 
     </span>
    </p>
   </div>
  </div>
 </body>
</html>
