1826 3149
329 95 407 128 200
858 90 999 130 T1T1
1040 91 1207 129 L1V11

120 209 297 242 U.C.5185.
330 200 549 254 regionum,
580 200 650 242 ubi
680 201 853 242 concilia
874 202 1037 254 fierent,
1062 201 1213 254 prz‘mae
1245 200 1424 254 regionis
1451 199 1741 253 Amphipolim,

117 253 160 283 A·
174 253 210 284 C·
228 253 299 284 167.
330 259 512 298 secundae
549 258 870 307 Thessalonicen,
907 259 1041 298 tertioe
1071 260 1243 307 Pellam,
1281 264 1438 312 quartae
1475 257 1742 311 Pelagoniam

314 315 439 368 ficit.
499 315 564 355 Eo
593 317 766 355 concilia
792 314 823 338 4⁵
836 329 917 355 succ
947 314 1132 369 cnjnsque
1162 316 1340 370 regionis
1371 316 1512 363 indici,
1529 315 1744 367 pecuniam

330 372 522 426 conferri,
547 372 605 412 ibi
629 373 889 426 magistratus
909 374 1044 412 creari
1058 371 1199 425 jussit.
1260 371 1557 413 Pronunciavit
1579 370 1742 422 deinde,

331 427 364 452 ‘³⁶
377 435 501 482 neque
530 429 778 478 connubium,
801 444 926 483 neque
955 431 1222 470 commercium
1253 445 1439 484 agrorum
1465 429 1745 482 aedqficiornm-

332 500 405 540 qne
422 488 528 526 inter
542 501 583 527 se
595 488 761 539 placere
775 488 958 540 cuiqnam
979 488 1212 540 extr-aflues
1231 488 1410 541 regionis
1424 501 1506 528 sua?
1525 501 1618 527 esse.
1651 486 1746 526 Me-

331 545 434 583 talla
456 558 608 597 qnoque
637 545 732 583 auri
761 551 882 598 atque
916 546 1079 598 argenti
1099 559 1176 583 non
1205 546 1411 585 eoeercerz':
1425 545 1546 598 serri
1577 550 1615 584 et
1649 543 1745 584 ceris

327 601 525 653 permitti.
566 600 744 656 vectigal
784 602 1072 643 exercentibus
1111 601 1331 643 dimidium
1372 602 1462 657 ejus
1500 599 1742 656 inpositum,

332 657 446 712 quod
477 657 767 713 pependissent
798 658 897 714 regi.
960 660 1018 700 Et
1041 658 1122 700 sale
1152 659 1315 699 invecto
1345 659 1408 699 uti
1429 657 1575 699 vetuit.
1637 657 1745 697 Dar-

332 713 448 754 danis
478 714 762 769 repetentibus
785 715 1010 766 Paeoniam,
1032 715 1147 771 quod
1177 724 1217 757 et
1248 731 1322 756 sua
1353 715 1516 765 fuisset,
1541 722 1582 755 et
1614 713 1743 755 conti-

330 785 430 810 nens
450 779 556 812 esset
577 771 729 813 finibus
751 772 848 823 suis,
871 773 1048 813 omnibus
1068 775 1167 813 dare
1185 773 1410 813 libertatem
1435 770 1742 828 pronunciavit,

330 828 401 879 qui
413 827 482 867 sub
498 842 621 881 regno
634 830 779 869 Persei
781 830 976 883 fuissent.
1010 831 1111 871 Post
1132 845 1214 870 non
1234 830 1497 885 impetratam
1516 827 1742 878 Paeoniam,

330 883 363 910 47
376 883 470 925 salis
510 886 801 926 commercium
844 886 983 927 dedit:
1036 886 1171 927 tertiae
1218 886 1375 941 regioni
1419 885 1652 941 imperavit,
1694 893 1744 926 ut

333 941 483 982 Stobos
517 943 700 983 Paeoniae
733 942 998 993 deveherent,
1025 943 1292 998 pretiumque
1321 942 1478 984 statuit.
1539 941 1742 982 Navalem

330 998 544 1039 materiam
566 1007 606 1041 et
632 999 742 1055 ipsos
763 1000 936 1049 caedere,
959 1008 1000 1041 et
1021 999 1121 1040 alios
1150 1000 1238 1055 pati
1259 999 1405 1041 vetuit.
1467 998 1741 1054 Regionibus,

330 1070 428 1109 quae
461 1055 617 1097 adfines
651 1057 837 1097 barbaris
867 1065 1016 1106 essent,
1050 1056 1244 1112 (excepta
1273 1065 1413 1097 autem
1442 1056 1579 1106 tertia,
1601 1070 1743 1096 omnes

331 1114 467 1165 erant)
490 1112 691 1168 permisit,
713 1121 762 1154 ut
791 1113 986 1169 praesidia
1016 1122 1174 1155 armata
1204 1113 1244 1153 in
1275 1113 1428 1156 finibus
1457 1112 1651 1154 extremis
1671 1112 1744 1153 ha-

330 1168 488 1209 berent.

389 1225 549 1265 XXX.
583 1227 704 1277 Haec,
747 1228 1020 1282 pronunciata
1065 1227 1200 1283 primo
1240 1227 1306 1267 die
1346 1235 1588 1277 conventus,
1629 1226 1742 1267 varie

330 1281 572 1324 adfecerunt
595 1283 763 1324 animos.
826 1285 1019 1325 Libertas
1046 1292 1200 1339 praeter
1225 1299 1338 1339 spem
1360 1284 1458 1325 data
1478 1283 1656 1334 adrexit,
1678 1292 1744 1324 et⁸¹

331 1337 513 1379 levatum
550 1355 735 1380 annuum
775 1341 964 1395 vectigal.
1026 1341 1292 1395 Regionatim
1325 1340 1578 1381 commerciis
1616 1340 1742 1381 inter-

328 1395 466 1450 ruptis
486 1394 519 1419 ¹⁸
532 1395 590 1437 ita
615 1396 745 1436 videri
777 1397 968 1447 lacerata,
991 1405 1204 1452 tamquam
1240 1397 1432 1438 animalia
1460 1397 1502 1437 in
1532 1405 1663 1447 artus,
1686 1396 1744 1437 al-

331 1457 466 1492 terum
498 1452 668 1493 alterius
698 1452 945 1509 indigentes,
973 1454 1195 1495 distracta:
1228 1454 1345 1505 adeo,
1367 1462 1526 1510 quanta
1546 1453 1744 1494 Macedo-

330 1507 399 1548 nia
419 1516 539 1559 esset,
561 1525 687 1565 quam
709 1509 741 1533 ⁴9
754 1510 905 1551 divisui
935 1510 1081 1560 facilis,
1102 1511 1136 1534 5⁰
1148 1519 1189 1552 et
1214 1527 1239 1551 a
1269 1527 1309 1551 se
1339 1511 1429 1567 ipsa
1449 1526 1628 1566 quaeque
1649 1525 1744 1551 con-

119 1571 226 1618 Partes⁸
239 1571 311 1601 Ma·
331 1573 461 1606 temta
503 1580 599 1621 pars
645 1575 765 1617 esset,
808 1568 1060 1608 Macedones
1100 1583 1269 1624 quoque
1317 1567 1576 1624 ignorabant.
1639 1568 1743 1607 Pars

116 1613 253 1686 cedoxslmlf
330 1622 466 1677 prima
507 1622 684 1664 Bisaltas
722 1623 863 1673 habet,
899 1624 1143 1665 fortissimos
1183 1625 1306 1676 viros,
1342 1624 1393 1677 (⁵1
1408 1633 1521 1665 trans
1562 1626 1741 1665 Nessum

119 1667 182 1698 qua
219 1667 260 1687 θ’
331 1694 492 1720 amnem
532 1678 719 1721 incolunt
759 1688 799 1721 et
836 1680 942 1721 circa
979 1682 1261 1736 Strymonem)
1294 1690 1335 1723 et
1374 1682 1527 1722 multas
1567 1682 1741 1737 frugum

330 1735 619 1790 proprietateS,
661 1744 703 1777 et
746 1737 926 1787 metalla,
968 1746 1008 1778 et
1049 1738 1405 1793 opportunitatem
1446 1737 1738 1794 Amphipolis:

331 1806 428 1845 quae
452 1793 615 1848 objecta
644 1793 803 1835 claudit
833 1809 972 1835 omnes
1002 1795 1054 1835 ab
1083 1794 1240 1835 oriente
1270 1795 1354 1836 sole
1383 1795 1425 1836 in
1447 1794 1739 1835 Macedoniam

331 1848 480 1890 aditus.
545 1850 736 1891 Secunda
763 1866 860 1906 pars
890 1851 1173 1892 celeberrimas
1194 1852 1332 1901 urbes,
1357 1851 1677 1893 Thessalonicen
1699 1859 1741 1892 et

333 1905 637 1956 Cassandriam,
667 1907 819 1955 habet3
852 1908 905 1948 ad
937 1908 1015 1948 hoc
1048 1909 1258 1959 Pallenen,
1280 1909 1458 1950 fertilem
1491 1923 1538 1949 ac
1567 1908 1742 1963 frugife-

331 1976 418 2002 ram
449 1970 625 2004 terram:
663 1963 890 2006 maritimas
920 1980 1089 2021 quoque
1119 1965 1454 2022 opportunitates
1483 1965 1520 2006 ei
1549 1965 1741 2021 praebent

915 2078 930 2095 ¹¹
943 2081 967 2105 e!
984 2074 1045 2105 del.
1062 2075 1158 2106 Gron.

374 2164 505 2212 45¹&oe
543 2168 681 2206 cujusque
720 2169 860 2210 regionis]
906 2169 1014 2200 Potius
1057 2169 1180 2202 omnino
1208 2171 1338 2207 lacerati,
1365 2180 1476 2213 nempe
1501 2169 1558 2213 ipsi
1588 2168 1742 2202 Macedo-

331 2217 394 2242 sua,
421 2208 520 2248 lnquit
545 2209 730 2241 Gronovius.
774 2211 849 2242 Vid.
876 2222 969 2254 supra
991 2213 1011 2243 1.
1057 2223 1121 2243 nes.

333 2249 398 2279 ΙΙΙ.
415 2260 442 2281 c.
458 2251 510 2281 ⁶22.
525 2256 556 2282 et
570 2252 590 2282 1.
606 2253 711 2283 XXV.
728 2263 753 2283 c.
772 2255 822 2284 17.
1099 2257 1140 2286 49
1165 2256 1282 2287 Divisui
1295 2256 1417 2299 facilis]
1453 2255 1593 2286 Fortasse
1620 2254 1741 2297 scripsit

375 2293 416 2322 46
441 2293 540 2333 Neque
581 2297 764 2331 connubium,
805 2308 894 2337 neque
937 2310 1011 2328 com-
1057 2298 1162 2329 Livius
1177 2300 1281 2329 diuisa,
1326 2299 1386 2330 Sed
1409 2304 1513 2329 tamen
1537 2304 1600 2329 tam
1620 2298 1741 2330 videtur

331 2336 484 2382 merciam]
517 2337 590 2367 Jam
612 2337 684 2368 olim
708 2338 814 2369 similis
836 2339 885 2370 lex
910 2351 928 2371 a
951 2341 1015 2371 Ro-
1059 2340 1120 2371 dici
1151 2352 1239 2383 posse
1266 2342 1348 2383 regio
1373 2342 1480 2372 divisui
1499 2340 1617 2383 facili&
1645 2351 1738 2382 quam

333 2387 433 2407 manis
456 2378 538 2410 dieta
553 2380 672 2410 Latinis
694 2387 725 2411 et
747 2381 900 2419 Hernicis,
918 2384 1016 2415 VIII.
1058 2385 1138 2414 cibus
1155 2384 1324 2425 facillimus
1344 2387 1383 2415 ad
1405 2386 1645 2424 concoquendum,
1664 2394 1740 2425 quo-

336 2419 386 2448 14.
402 2420 461 2450 1Χ.
479 2422 529 2452 43.
1059 2426 1150 2457 modo
1172 2427 1292 2458 locutus
1315 2433 1361 2458 est
1376 2426 1492 2462 Cicero,
1508 2426 1529 2457 l.
1546 2427 1592 2458 ΙΙ.
1614 2426 1654 2457 de
1669 2427 1737 2459 Fin.

367 2462 416 2508 .4.7
441 2463 516 2493 Salis
554 2467 753 2495 commercium
789 2467 884 2507 dedit]
941 2469 1015 2499 Per·
1058 2479 1086 2499 c.
1102 2470 1154 2499 20.

331 2509 416 2535 misit
448 2505 606 2536 Dardanis
634 2507 731 2538 salem
759 2518 797 2538 ex
824 2510 1015 2541 Macedonia
1101 2513 1142 2542 50
1166 2512 1205 2542 Et
1235 2524 1253 2542 a
1282 2523 1310 2543 se
1339 2513 1400 2551 ipsa
1430 2522 1547 2552 quoeque
1579 2518 1740 2551 contempta

334 2547 479 2578 mercari:
504 2559 597 2595 quem
612 2555 646 2579 ut
665 2549 786 2580 facilius
801 2551 944 2583 Dardani
959 2553 1013 2585 ha·
1057 2555 1140 2594 pars]
1166 2554 1312 2585 Dubitari
1334 2564 1396 2585 non
1417 2560 1528 2595 potest,
1544 2555 1619 2596 quin
1635 2554 1740 2586 Livius

334 2589 405 2636 bere
427 2594 568 2631 possent,'
583 2593 743 2634 imperavit
768 2593 864 2624 tertiae
887 2596 1015 2636 regioni,
1059 2596 1221 2638 scripserit,
1249 2603 1277 2627 et
1312 2608 1339 2628 se
1374 2599 1435 2636 ipsa
1464 2608 1582 2638 qnaeque
1607 2604 1740 2629 contenta

334 2631 388 2662 ubl
413 2632 555 2664 nimirum
577 2634 713 2665 maxima
735 2635 806 2667 salis
828 2637 917 2678 copia
939 2645 1015 2675 erat,
1058 2650 1126 2678 pars
1140 2645 1222 2669 esset.-
1246 2639 1278 2669 id
1301 2646 1356 2675 est,
1373 2650 1466 2680 quam
1489 2640 1546 2671 sibi
1569 2641 1638 2683 ipsa
1651 2651 1737 2682 quae-

335 2679 369 2705 ut
398 2676 507 2707 Stobos
537 2676 731 2712 deveherent,
759 2678 842 2718 quod
870 2680 1017 2721 oppidum
1059 2692 1119 2722 que
1134 2691 1206 2723 pass
1219 2682 1381 2713 sufficeret.

333 2716 418 2748 haud
442 2719 546 2760 procul
561 2719 666 2751 aberat
680 2730 699 2751 a
714 2720 932 2752 Dardanorum
946 2723 1014 2753 fini·
1100 2725 1137 2754 51
1165 2724 1257 2755 Trans
1288 2725 1406 2756 Nessum
1444 2738 1555 2757 amnem
1590 2726 1739 2767 incolunt]

333 2759 402 2790 bus.
1058 2767 1127 2797 Imo
1149 2767 1224 2797 citra
1252 2767 1384 2804 Nessum,
1407 2768 1431 2799 si
1456 2769 1606 2810 reliquam
1628 2769 1738 2799 Mace-

378 2803 418 2832 48
444 2803 491 2833 Ita
513 2806 606 2836 videri
627 2805 770 2847 lacerata]
796 2806 883 2837 Nihil
906 2814 951 2838 est
974 2808 1013 2838 ad
1058 2808 1182 2840 doniam
1209 2810 1364 2852 respicias,
1388 2817 1419 2842 et
1442 2812 1575 2844 Romam
1602 2821 1737 2854 quoque,

334 2845 416 2884 quod
445 2846 547 2878 referri
574 2848 668 2890 possit
697 2848 731 2880 τὶ
750 2850 887 2881 lacerata.
932 2851 1015 2893 Lege
1058 2852 1110 2882 ubi
1125 2851 1230 2883 Livius
1246 2853 1408 2885 scribebat.
