1816 3159
82 254 258 285 Gronovius

307 102 405 152 xliv
805 99 1256 149 PRAEFATIO.

368 241 495 290 Haec
522 240 782 303 singularis
810 246 886 286 est
908 239 1147 287 Gronovii
1171 240 1295 295 laus,
1323 238 1463 302 quod
1482 238 1644 301 ipsum
1670 238 1749 285 Li-

82 307 144 328 non
160 302 224 327 tam
240 297 285 328 in·
333 320 340 328 .
351 319 359 328 .

80 347 199 381 terpres
219 340 270 370 Li-

82 393 122 411 vn
128 406 135 418 ,
152 393 245 423 quam

78 431 245 457 restitutor.

77 2275 183 2316 Stylus
199 2275 277 2305 Gro-

76 2317 157 2347 novii
174 2318 266 2358 paulo

76 2360 235 2393 horridior.

77 2814 233 2844 Dormit-n

73 2856 236 2887 interdum.

301 335 361 368 vn
387 325 679 367 contextum
705 318 891 380 optime
911 317 1199 380 repurgarit.
1272 315 1503 363 Ceterum
1522 316 1645 363 locis
1671 332 1748 363 sa-

296 399 371 446 nis
395 397 615 462 quidem,
641 395 731 443 sed
762 393 911 457 paulo
938 393 1295 440 difficilioribus
1331 392 1549 456 aliquam
1574 392 1747 454 expla-

294 476 549 524 nationem
566 473 646 535 adj
656 489 837 535 ungere
855 489 867 530 3
906 470 1239 534 antiquitates,
1259 477 1382 535 puta
1396 471 1549 533 leges,
1568 486 1745 525 mores,

295 553 521 601 instituta
544 556 767 598 veterum
796 564 970 613 parum
996 547 1144 610 vulgo
1170 547 1384 610 cognita,
1411 547 1634 602 breviter,
1662 545 1747 593 ubi

296 632 499 678 daretur
523 627 742 684 occasio,
769 626 1051 689 explicare,
1091 625 1323 688 supplere
1349 642 1407 672 ea
1431 643 1542 689 quae
1574 624 1746 672 Livius

295 708 356 755 ab
375 706 484 754 aliis
501 706 687 753 tradita
709 705 959 752 interdum
979 703 1148 752 omisit
1165 724 1175 759 ;
1213 703 1430 766 paucula
1448 704 1511 750 de
1527 702 1747 764 Geogra-

294 783 456 846 pllicis
495 784 725 839 inserere,
768 782 965 847 aliaque
1005 782 1291 843 hujusmodi
1346 781 1592 844 neglexit:
1644 780 1748 827 sive

293 861 428 924 quod
449 861 501 907 id
521 878 550 908 a
568 860 815 924 prioribus
836 859 1037 907 abunde
1062 858 1333 921 praestitum
1355 860 1577 907 crederet
1595 877 1607 917 ς
1647 858 1747 906 sive

298 954 466 985 curam
490 954 616 994 eam,
635 946 872 1000 tanquam
892 938 1025 984 fama
1041 953 1131 984 sua
1151 953 1326 999 parum
1347 936 1565 999 dignam,
1584 954 1749 1001 asper-

296 1023 443 1062 natus
462 1022 554 1064 est.
628 1015 748 1063 Non
773 1015 892 1079 quin
910 1015 1029 1062 talia
1052 1015 1206 1062 multa
1224 1015 1274 1062 in
1298 1015 1404 1076 ejus
1421 1015 1552 1063 notis
1578 1032 1749 1063 occur-

295 1101 405 1140 rant
423 1112 432 1140 :
470 1093 558 1141 sed
574 1092 803 1140 nimirum
821 1109 982 1155 neque
1000 1092 1166 1140 omnia
1185 1098 1472 1154 persecutus
1488 1099 1577 1148 est,
1595 1099 1644 1139 et
1664 1092 1745 1140 nbi

296 1170 483 1233 aliquid
510 1170 800 1231 hujusmodi
826 1170 1038 1231 attingit,
1065 1169 1183 1217 illuc
1208 1186 1311 1217 non
1347 1169 1561 1217 accessit
1585 1169 1748 1217 consi·

295 1249 377 1304 lio,
405 1264 569 1295 verum
609 1265 730 1295 casu
757 1247 954 1294 delatus
989 1252 1081 1303 est,
1107 1247 1224 1293 dum
1253 1263 1418 1293 veram
1454 1246 1596 1293 alicui
1635 1247 1746 1294 loco

294 1325 470 1373 asserit
497 1325 776 1383 lectionem,
804 1331 888 1372 aut
912 1325 1291 1372 emendationes
1317 1341 1430 1372 suas
1448 1326 1642 1371 firmare
1667 1340 1747 1372 co-

293 1410 453 1459 natur,
479 1403 618 1466 quod
655 1403 760 1450 sine
797 1403 1016 1465 pleniore
1053 1402 1202 1449 totius
1227 1402 1414 1464 negotii
1449 1402 1747 1450 tractatione

297 1480 398 1527 fieri
423 1497 522 1528 non
542 1487 753 1544 poterat.
826 1479 1085 1542 Alioquin,
1104 1479 1351 1544 quidquid
1372 1480 1435 1527 ad
1454 1486 1745 1528 contextum

295 1556 457 1620 ipsum
474 1575 575 1606 non
593 1558 823 1622 pertinet,
839 1558 1085 1621 praeterire
1103 1559 1276 1606 solitus
1296 1565 1385 1606 est.
1456 1558 1575 1606 Uno
1594 1559 1745 1606 verbo

293 1635 553 1683 restitutor
576 1635 722 1691 Livii,
743 1651 893 1699 quam
918 1635 1160 1699 interpres
1179 1636 1349 1682 audire
1367 1635 1552 1683 maluit.
1591 1636 1743 1689 Quod

294 1712 334 1760 si
356 1712 601 1777 integrum
628 1713 848 1761 laborem
874 1714 1124 1778 suscipere
1147 1731 1249 1761 non
1274 1720 1505 1776 gravatus
1531 1719 1679 1770 esset,
1697 1720 1745 1760 et

294 1789 460 1836 onmia
485 1806 594 1854 quae
620 1806 744 1854 opus
772 1798 886 1839 sunt
921 1791 1214 1852 adjumenta
1238 1791 1475 1838 voluisset
1511 1790 1746 1854 suppedi-

293 1872 399 1914 tare
437 1869 664 1916 studioso
703 1868 828 1916 Livii
865 1869 1054 1925 lectori,
1080 1870 1294 1917 necdum
1332 1869 1476 1932 plane
1510 1869 1561 1916 in
1595 1868 1744 1916 rebus

295 1944 556 2006 Romanis,
572 1953 619 1994 ct
637 1946 943 2009 antiquitatis
970 1946 1256 2008 cognitione
1288 1945 1402 1993 trito
1429 1952 1480 1993 et
1504 1945 1743 2003 subacto3

292 2024 518 2085 profecto
555 2023 655 2080 ille,
686 2041 785 2088 qua
822 2031 870 2070 et
894 2023 1133 2071 doctrina}
1168 2023 1409 2079 ubertate,
1436 2029 1484 2070 et
1507 2022 1743 2069 felicitate

291 2100 473 2163 ingenii
498 2101 604 2157 fuit,
634 2115 885 2164 perpauca
920 2099 1210 2164 postfuturis
1245 2099 1596 2164 interpretibus
1626 2099 1743 2147 faci-

290 2179 424 2226 enda
446 2178 743 2243 reliquisset.

359 2258 659 2320 Quanquam
685 2274 743 2304 ea
770 2256 879 2319 ipsa
904 2272 1014 2318 quae
1031 2254 1186 2311 dedit,
1208 2271 1312 2302 non
1334 2255 1404 2302 ita
1420 2254 1485 2301 ad
1505 2253 1740 2301 amussim

294 2337 513 2399 perfecta
553 2352 663 2382 esse
701 2332 1067 2388 contendimus,
1106 2339 1160 2379 ut
1192 2331 1310 2379 nihil
1351 2330 1488 2389 addi,
1532 2330 1740 2390 detrahi,

292 2414 533 2460 mutarive
568 2420 737 2476 queat.
810 2411 944 2459 Nam
969 2417 1145 2474 praeter
1179 2409 1296 2472 styli
1331 2407 1629 2467 scabritiem,
1653 2406 1739 2471 qui

290 2490 539 2538 interdum
566 2489 905 2537 locutionibus
931 2496 979 2535 et
1003 2488 1276 2544 vocabulis,
1303 2485 1494 2533 Latinis
1517 2485 1739 2549 quidem,

291 2569 375 2617 sed
405 2584 466 2615 ex
491 2566 666 2614 intimo
692 2566 868 2613 artium
897 2565 1097 2612 minime
1124 2563 1394 2626 vulgarium
1423 2578 1625 2609 recessu
1653 2562 1741 2608 de-

290 2644 551 2709 promptis,
573 2650 654 2690 aut
678 2649 921 2689 vetustate
941 2641 1193 2700 obsoletis,
1215 2647 1302 2687 aut
1326 2640 1541 2704 denique
1559 2657 1588 2686 a
1604 2655 1740 2687 com-

292 2723 429 2770 muni
455 2730 503 2769 et
528 2720 754 2785 populari
778 2736 870 2766 usu
896 2719 1116 2779 remotis,
1142 2725 1300 2766 scatet
1322 2726 1457 2766 totus
1483 2726 1531 2765 et
1557 2718 1738 2773 horret,

294 2810 366 2848 est
394 2806 440 2847 et
461 2799 666 2862 (litando
688 2797 758 2845 vir
775 2795 1094 2844 doctissimus
1114 2795 1478 2844 dormitaverit:
1516 2802 1569 2842 ut
1588 2811 1740 2858 quum
