1805 3174
545 88 1009 138 PRAEFA'FM).
1434 98 1512 143 lxv

61 220 364 284 distinguere
385 241 538 288 opera
563 227 783 291 plerique
800 239 982 288 ament,
999 249 1119 279 saue
1139 236 1413 282 cavendum
1435 246 1510 284 cst

57 314 119 346 ne
142 308 224 347 aut
254 318 424 364 parum
464 303 654 354 Latinis
679 310 933 358 vocabulis
971 310 1407 376 locutionibusque
1435 315 1507 360 in-

56 377 317 439 quinemus
337 382 630 443 orationem,
646 392 729 431 aut
748 403 946 433 sensum
965 389 1071 448 ejus
1089 389 1305 436 auctoris
1324 407 1386 436 ex
1407 407 1507 452 quo

55 452 240 516 aliquid
265 458 471 504 mutuati
494 476 665 507 sumus
687 478 1080 526 corrumpamus.
1151 467 1315 520 Quum
1338 476 1504 516 autem

55 529 135 577 vix
163 535 392 596 cuiquam
431 542 623 585 tantum
662 539 746 586 otii
780 542 1012 603 supersit,
1041 552 1096 590 ut
1133 546 1299 609 omnia
1336 563 1423 609 per
1451 563 1505 593 se

53 623 181 654 unus
219 609 514 674 investigare
550 623 712 678 queat,
739 634 954 680 quonam
995 623 1147 667 modo
1186 623 1290 669 haec
1318 624 1504 672 incom-

51 686 206 732 moda
240 687 378 736 vitari
406 700 653 753 poterunt,
680 694 773 743 nisi
809 697 904 745 sint
929 699 1012 761 qui
1036 700 1261 763 religiose
1296 719 1504 765 perpen-

49 761 202 812 dendi
227 766 623 835 uniuscujusque
661 775 893 831 auctoris,
922 785 968 824 et
993 779 1298 840 explanandi
1326 780 1365 827 si
1391 798 1501 844 quae

47 838 259 890 obscura
284 853 413 902 sunt,
440 865 551 910 quae
583 866 756 912 parum
783 861 900 900 nota
931 854 1228 914 illustrandi,
1257 875 1423 906 curam
1449 859 1500 907 in

46 932 100 963 se
124 917 396 983 recipiant?

108 993 344 1062 Denique
368 1001 416 1049 in
443 1004 796 1068 depromendis
822 1026 884 1056 ex
907 1011 1079 1058 veteris
1107 1013 1322 1061 historiae
1349 1033 1494 1079 penu,

41 1074 179 1135 quod
221 1092 341 1125 sane
382 1080 766 1144 frequentissimi
809 1103 925 1134 usus
966 1095 1055 1142 est,
1075 1090 1234 1138 omnis
1276 1093 1494 1156 exempli

41 1149 372 1210 documentis,
401 1173 577 1216 errare,
605 1161 718 1221 labi,
744 1162 808 1209 ob
845 1162 987 1210 unius
1025 1182 1158 1228 saepe
1185 1168 1384 1224 verbuli,
1411 1176 1495 1216 aut

40 1228 256 1276 nominis
305 1232 530 1295 alicujus,
573 1246 657 1287 aut
702 1241 884 1288 vetusti
925 1242 1074 1289 moris
1114 1243 1489 1305 ignorationem,

38 1320 185 1366 quam
237 1312 393 1372 turpe,
436 1320 538 1360 tam
574 1316 795 1378 proclive
847 1324 938 1375 est,
975 1319 1067 1367 nisi
1110 1329 1244 1383 regat
1287 1324 1492 1385 vestigia

36 1382 175 1442 periti
198 1383 473 1450 interpretis
500 1408 690 1442 manus.

101 1458 203 1508 Sed
232 1472 294 1522 et,
320 1468 543 1527 quamvis
568 1471 775 1519 multum
803 1475 973 1534 jaceat
998 1476 1123 1522 infra
1147 1477 1347 1526 laudem
1375 1480 1484 1540 ejus
1500 1499 1660 1552 interprq.

32 1538 117 1601 qui
141 1542 336 1604 proprio
365 1543 531 1593 Marte
558 1547 742 1612 aliquid
781 1551 955 1599 condit
980 1553 1249 1616 egregium,
1274 1572 1483 1619 operosa
1495 1547 1693 1623 ζῗῖξῦῗῖζᾞῑ.

30 1614 308 1681 interpretis
335 1621 606 1686 diligentia,
634 1644 726 1674 sua
749 1635 916 1676 tamen
942 1630 1072 1678 hunc
1097 1649 1298 1696 quoque
1322 1634 1482 1697 gloria
1495 1631 1672 1702 qmuaanffisma

31 1700 213 1752 manet,
239 1713 332 1745 nec
359 1700 421 1746 ad
450 1703 756 1763 provinciam
783 1706 911 1754 hanc
937 1715 1073 1755 recte
1110 1714 1479 1772 procurandam

31 1771 346 1822 solummodo
373 1776 540 1826 labore
564 1786 612 1826 et
637 1780 892 1840 industria,
920 1786 1006 1832 sed
1035 1787 1308 1850 perspicaci
1331 1789 1477 1838 inter-

0 1829 151 1895 §dum
174 1853 391 1913 ingenio,
419 1855 690 1921 limatoque
718 1861 915 1921 judicio
940 1879 1067 1925 opus
1093 1881 1202 1912 esse
1238 1870 1477 1916 confiten-

29 1925 148 1974 dum
171 1935 263 1976 est.
335 1930 554 1990 Etenim,
575 1942 632 1982 ut
650 1937 813 1986 varios
839 1949 1071 1988 excutere
1094 1943 1298 1991 codices
1325 1953 1373 1992 et
1392 1962 1478 1994 eos

24 2001 152 2050 inter
173 2022 227 2053 se
248 2009 486 2071 conferre,
511 2012 770 2062 laboriosae
806 2018 1055 2079 patientiae
1079 2029 1182 2076 est;
1230 2027 1285 2069 ut
1320 2024 1478 2071 multa

24 2078 219 2142 legisse,
247 2089 625 2147 perseverantiae
646 2098 694 2139 et
713 2093 1040 2156 assiduitatis,
1081 2099 1236 2146 multa
1262 2101 1476 2150 fideliter

23 2156 190 2206 animo
230 2163 551 2223 continuisse,
595 2170 858 2230 cujusdam
900 2175 1146 2222 memoriae
1192 2177 1470 2227 felicitatis:

21 2234 106 2292 ita,
133 2238 218 2302 qui
245 2243 459 2291 auctoris
494 2251 712 2294 mentem
735 2247 785 2295 in
811 2266 988 2312 magna
1013 2269 1145 2316 saepe
1179 2254 1472 2304 difficultate

22 2323 281 2365 assecutus
307 2318 385 2375 sit,
406 2321 491 2384 qui
514 2322 651 2385 ipsos
676 2325 938 2375 scribentis
964 2346 1140 2378 sensus
1165 2331 1399 2394 induerit,
1420 2343 1469 2382 ut

21 2406 86 2438 ex
111 2408 171 2441 eo
196 2411 343 2458 quem
368 2397 452 2446 ille
475 2399 762 2450 intuebatur
785 2422 957 2469 scop0‚
980 2424 1041 2455 ex
1066 2409 1124 2456 iis
1148 2427 1258 2474 quae
1282 2427 1468 2473 praece-

20 2468 147 2517 dunt
181 2482 569 2540 sequunturque,
596 2495 659 2526 ex
694 2487 799 2528 tota
832 2483 1224 2545 ratiocinatione,
1262 2488 1467 2550 colligat

18 2545 140 2608 quid
177 2547 273 2596 dici
310 2551 554 2609 debuerit,
580 2556 665 2619 qui
700 2573 762 2604 ex
800 2574 979 2622 magno
1014 2563 1255 2611 variarum
1292 2566 1464 2612 lectio-

15 2638 137 2670 num
163 2641 339 2675 acervo
364 2647 472 2679 eam
497 2649 605 2695 quae
632 2635 694 2681 ad
722 2652 939 2698 praesens
963 2640 1240 2689 institutum
1269 2657 1465 2689 accom-

17 2700 360 2751 modatissima
393 2715 483 2763 est,
510 2712 782 2772 prudenter
817 2714 1033 2777 elegerit,
1058 2718 1142 2779 qui
1165 2719 1375 2781 denique
1398 2735 1462 2765 ex

16 2774 300 2828 deformatae
320 2798 679 2849 nonnunquam
696 2791 950 2853 scripturae
968 2794 1183 2855 vestigiis
1203 2795 1362 2842 latens
1385 2813 1462 2843 ve-

75 2865 168 2895 v01..
194 2869 249 2898 iv,
665 2868 688 2891 ὴὲ
707 2879 732 2905 n
