<?xml version="1.0" encoding="UTF-8"?>
<!DOCTYPE html PUBLIC "-//W3C//DTD XHTML 1.0 Transitional//EN"
    "http://www.w3.org/TR/xhtml1/DTD/xhtml1-transitional.dtd">
<html xmlns="http://www.w3.org/1999/xhtml" xml:lang="en" lang="en">
 <head>
  <title>
</title>
<meta http-equiv="Content-Type" content="text/html;charset=utf-8" />
  <meta name='ocr-system' content='tesseract 3.04.00' />
  <meta name='ocr-capabilities' content='ocr_page ocr_carea ocr_par ocr_line ocrx_word'/>
</head>
<body>
  <div class='ocr_page' id='page_1' title='image "./historiarumaburb04livyuoft/historiarumaburb04livyuoft_0519.png"; bbox 0 0 1805 3174; ppageno 0'>
   <div class='ocr_carea' id='block_1_1' title="bbox 565 76 1517 125">
    <p class='ocr_par' dir='ltr' id='par_1_1' title="bbox 565 76 1517 125">
     <span class='ocr_line' id='line_1_1' title="bbox 565 76 1517 125; baseline 0.002 -2"><span class='ocrx_word' id='word_1_1' title='bbox 565 77 601 123; x_wconf 84' lang='lat' dir='ltr'>l’</span> <span class='ocrx_word' id='word_1_2' title='bbox 622 77 666 124; x_wconf 69' lang='lat' dir='ltr'>lt</span> <span class='ocrx_word' id='word_1_3' title='bbox 685 77 744 123; x_wconf 60' lang='grc' dir='ltr'>ΛΕ</span> <span class='ocrx_word' id='word_1_4' title='bbox 756 78 795 124; x_wconf 75' lang='grc' dir='ltr'>κ’</span> <span class='ocrx_word' id='word_1_5' title='bbox 809 78 851 124; x_wconf 84' lang='grc' dir='ltr'>Α</span> <span class='ocrx_word' id='word_1_6' title='bbox 866 76 941 123; x_wconf 81' lang='grc' dir='ltr'>ΤΙ</span> <span class='ocrx_word' id='word_1_7' title='bbox 958 79 1019 123; x_wconf 87' lang='grc'>().</span> <span class='ocrx_word' id='word_1_8' title='bbox 1415 78 1517 125; x_wconf 82' lang='lat' dir='ltr'>lxxi</span> 
     </span>
    </p>
   </div>
   <div class='ocr_carea' id='block_1_2' title="bbox 62 208 1730 1598">
    <p class='ocr_par' dir='ltr' id='par_1_2' title="bbox 62 208 1730 1519">
     <span class='ocr_line' id='line_1_2' title="bbox 69 208 1717 279; baseline 0.002 -17"><span class='ocrx_word' id='word_1_9' title='bbox 69 216 136 262; x_wconf 85' lang='lat' dir='ltr'>ita</span> <span class='ocrx_word' id='word_1_10' title='bbox 160 217 475 272; x_wconf 82' lang='lat' dir='ltr'>servandum,</span> <span class='ocrx_word' id='word_1_11' title='bbox 504 217 596 264; x_wconf 83' lang='lat' dir='ltr'>nisi</span> <span class='ocrx_word' id='word_1_12' title='bbox 623 234 680 263; x_wconf 83' lang='lat' dir='ltr'>ea</span> <span class='ocrx_word' id='word_1_13' title='bbox 706 234 845 264; x_wconf 81' lang='lat' dir='ltr'>niens</span> <span class='ocrx_word' id='word_1_14' title='bbox 871 216 1145 279; x_wconf 71' lang='lat' dir='ltr'>interpretis</span> <span class='ocrx_word' id='word_1_15' title='bbox 1173 208 1328 274; x_wconf 66' lang='lat' dir='ltr'>fuerit,</span> <span class='ocrx_word' id='word_1_16' title='bbox 1355 224 1404 263; x_wconf 90' lang='lat' dir='ltr'>ut</span> <span class='ocrx_word' id='word_1_17' title='bbox 1431 234 1512 264; x_wconf 66' lang='lat' dir='ltr'>eon</span> <span class='ocrx_word' id='word_1_18' title='bbox 1530 239 1596 266; x_wconf 57' lang='lat' dir='ltr'>Nm</span> <span class='ocrx_word' id='word_1_19' title='bbox 1613 241 1717 277; x_wconf 39' lang='lat' dir='ltr'>riq-‚u-</span> 
     </span>
     <span class='ocr_line' id='line_1_3' title="bbox 69 283 1715 362; baseline 0.002 -22"><span class='ocrx_word' id='word_1_20' title='bbox 69 310 173 340; x_wconf 85' lang='lat' dir='ltr'>rum</span> <span class='ocrx_word' id='word_1_21' title='bbox 200 294 281 357; x_wconf 88' lang='lat' dir='ltr'>qui</span> <span class='ocrx_word' id='word_1_22' title='bbox 311 301 483 357; x_wconf 83' lang='lat' dir='ltr'>postea</span> <span class='ocrx_word' id='word_1_23' title='bbox 506 310 683 341; x_wconf 84' lang='lat' dir='ltr'>novam</span> <span class='ocrx_word' id='word_1_24' title='bbox 711 294 933 355; x_wconf 84' lang='lat' dir='ltr'>ejusdem</span> <span class='ocrx_word' id='word_1_25' title='bbox 967 292 1222 355; x_wconf 85' lang='lat' dir='ltr'>scriptoris</span> <span class='ocrx_word' id='word_1_26' title='bbox 1247 283 1715 362; x_wconf 46' lang='lat' dir='ltr'>editionmn{fififfsjffssffiff</span> 
     </span>
     <span class='ocr_line' id='line_1_4' title="bbox 70 368 1730 446; baseline 0 -29"><span class='ocrx_word' id='word_1_27' title='bbox 70 372 359 419; x_wconf 84' lang='lat' dir='ltr'>adornaturi</span> <span class='ocrx_word' id='word_1_28' title='bbox 385 378 516 426; x_wconf 88' lang='lat' dir='ltr'>sunt,</span> <span class='ocrx_word' id='word_1_29' title='bbox 536 371 778 418; x_wconf 85' lang='lat' dir='ltr'>allevetur</span> <span class='ocrx_word' id='word_1_30' title='bbox 796 371 948 418; x_wconf 87' lang='lat' dir='ltr'>labor.</span> <span class='ocrx_word' id='word_1_31' title='bbox 1022 369 1116 423; x_wconf 85' lang='lat' dir='ltr'>Qui</span> <span class='ocrx_word' id='word_1_32' title='bbox 1138 368 1268 416; x_wconf 83' lang='lat' dir='ltr'>enirn</span> <span class='ocrx_word' id='word_1_33' title='bbox 1290 369 1388 415; x_wconf 87' lang='lat' dir='ltr'>tale</span> <span class='ocrx_word' id='word_1_34' title='bbox 1416 368 1730 446; x_wconf 52' lang='lat' dir='ltr'>1U11-{}¹1¹„J,‘¹,¹r&#39;,¹s‘2¹</span> 
     </span>
     <span class='ocr_line' id='line_1_5' title="bbox 67 447 1610 512; baseline 0 -17"><span class='ocrx_word' id='word_1_35' title='bbox 67 465 161 495; x_wconf 82' lang='lat' dir='ltr'>nus</span> <span class='ocrx_word' id='word_1_36' title='bbox 183 449 461 512; x_wconf 81' lang='lat' dir='ltr'>suscepturi</span> <span class='ocrx_word' id='word_1_37' title='bbox 485 455 617 504; x_wconf 89' lang='lat' dir='ltr'>sunt,</span> <span class='ocrx_word' id='word_1_38' title='bbox 645 448 701 495; x_wconf 81' lang='lat' dir='ltr'>iis</span> <span class='ocrx_word' id='word_1_39' title='bbox 728 465 979 511; x_wconf 84' lang='lat' dir='ltr'>nunquam</span> <span class='ocrx_word' id='word_1_40' title='bbox 1011 447 1214 494; x_wconf 87' lang='lat' dir='ltr'>nimium</span> <span class='ocrx_word' id='word_1_41' title='bbox 1242 447 1445 509; x_wconf 82' lang='lat' dir='ltr'>cognita</span> <span class='ocrx_word' id='word_1_42' title='bbox 1468 456 1516 495; x_wconf 74' lang='lat' dir='ltr'>et</span> <span class='ocrx_word' id='word_1_43' title='bbox 1528 453 1610 480; x_wconf 51' lang='lat' dir='ltr'>“¹st-</span> 
     </span>
     <span class='ocr_line' id='line_1_6' title="bbox 68 525 1516 589; baseline 0.001 -18"><span class='ocrx_word' id='word_1_44' title='bbox 68 535 327 589; x_wconf 80' lang='lat' dir='ltr'>perspecta</span> <span class='ocrx_word' id='word_1_45' title='bbox 362 544 471 574; x_wconf 90' lang='lat' dir='ltr'>esse</span> <span class='ocrx_word' id='word_1_46' title='bbox 510 534 735 589; x_wconf 80' lang='lat' dir='ltr'><strong>possunt,</strong></span> <span class='ocrx_word' id='word_1_47' title='bbox 760 544 869 589; x_wconf 68' lang='lat' dir='ltr'>quae</span> <span class='ocrx_word' id='word_1_48' title='bbox 907 527 967 573; x_wconf 81' lang='lat' dir='ltr'>ad</span> <span class='ocrx_word' id='word_1_49' title='bbox 995 525 1114 573; x_wconf 91' lang='lat' dir='ltr'>illud</span> <span class='ocrx_word' id='word_1_50' title='bbox 1157 525 1430 588; x_wconf 80' lang='lat' dir='ltr'>pertinent:</span> <span class='ocrx_word' id='word_1_51' title='bbox 1469 535 1516 573; x_wconf 84' lang='lat' dir='ltr'>et</span> 
     </span>
     <span class='ocr_line' id='line_1_7' title="bbox 66 602 1514 668; baseline 0.001 -18"><span class='ocrx_word' id='word_1_52' title='bbox 66 603 475 668; x_wconf 87' lang='lat' dir='ltr'>quandoquidem</span> <span class='ocrx_word' id='word_1_53' title='bbox 495 605 666 651; x_wconf 86' lang='lat' dir='ltr'>duram</span> <span class='ocrx_word' id='word_1_54' title='bbox 689 605 816 651; x_wconf 87' lang='lat' dir='ltr'>hanc</span> <span class='ocrx_word' id='word_1_55' title='bbox 833 602 1140 667; x_wconf 79' lang='lat' dir='ltr'>provinciam</span> <span class='ocrx_word' id='word_1_56' title='bbox 1159 619 1351 665; x_wconf 79' lang='lat' dir='ltr'>cepere,</span> <span class='ocrx_word' id='word_1_57' title='bbox 1370 620 1514 651; x_wconf 90' lang='lat' dir='ltr'>cunc-</span> 
     </span>
     <span class='ocr_line' id='line_1_8' title="bbox 67 679 1517 744; baseline 0.002 -18"><span class='ocrx_word' id='word_1_58' title='bbox 67 687 128 727; x_wconf 83' lang='lat' dir='ltr'>tae</span> <span class='ocrx_word' id='word_1_59' title='bbox 153 679 261 737; x_wconf 89' lang='lat' dir='ltr'>illis,</span> <span class='ocrx_word' id='word_1_60' title='bbox 288 697 400 744; x_wconf 79' lang='lat' dir='ltr'>quae</span> <span class='ocrx_word' id='word_1_61' title='bbox 437 681 499 728; x_wconf 88' lang='lat' dir='ltr'>ad</span> <span class='ocrx_word' id='word_1_62' title='bbox 525 697 635 727; x_wconf 88' lang='lat' dir='ltr'>eam</span> <span class='ocrx_word' id='word_1_63' title='bbox 660 687 791 728; x_wconf 87' lang='lat' dir='ltr'>recte</span> <span class='ocrx_word' id='word_1_64' title='bbox 817 680 1261 728; x_wconf 81' lang='lat' dir='ltr'>administrandam</span> <span class='ocrx_word' id='word_1_65' title='bbox 1288 697 1517 729; x_wconf 85' lang='lat' dir='ltr'>necessa-</span> 
     </span>
     <span class='ocr_line' id='line_1_9' title="bbox 64 756 1515 821; baseline 0.001 -17"><span class='ocrx_word' id='word_1_66' title='bbox 64 758 146 806; x_wconf 79' lang='lat' dir='ltr'>riae</span> <span class='ocrx_word' id='word_1_67' title='bbox 170 763 299 814; x_wconf 88' lang='lat' dir='ltr'>sunt,</span> <span class='ocrx_word' id='word_1_68' title='bbox 327 757 566 805; x_wconf 84' lang='lat' dir='ltr'>molestiae</span> <span class='ocrx_word' id='word_1_69' title='bbox 587 758 903 805; x_wconf 71' lang='lat' dir='ltr'>devorandae.</span> <span class='ocrx_word' id='word_1_70' title='bbox 976 757 1088 806; x_wconf 86' lang='lat' dir='ltr'>Nos</span> <span class='ocrx_word' id='word_1_71' title='bbox 1112 756 1315 821; x_wconf 88' lang='lat' dir='ltr'>quidem</span> <span class='ocrx_word' id='word_1_72' title='bbox 1341 757 1515 805; x_wconf 86' lang='lat' dir='ltr'>mirum</span> 
     </span>
     <span class='ocr_line' id='line_1_10' title="bbox 66 833 1517 900; baseline -0.001 -17"><span class='ocrx_word' id='word_1_73' title='bbox 66 836 115 883; x_wconf 91' lang='lat' dir='ltr'>in</span> <span class='ocrx_word' id='word_1_74' title='bbox 142 837 345 883; x_wconf 85' lang='lat' dir='ltr'>modum</span> <span class='ocrx_word' id='word_1_75' title='bbox 370 835 456 883; x_wconf 88' lang='lat' dir='ltr'>illa</span> <span class='ocrx_word' id='word_1_76' title='bbox 490 836 745 892; x_wconf 87' lang='lat' dir='ltr'>Gronovii,</span> <span class='ocrx_word' id='word_1_77' title='bbox 773 843 821 883; x_wconf 90' lang='lat' dir='ltr'>et</span> <span class='ocrx_word' id='word_1_78' title='bbox 843 842 958 900; x_wconf 88' lang='lat' dir='ltr'>post</span> <span class='ocrx_word' id='word_1_79' title='bbox 992 850 1103 882; x_wconf 89' lang='lat' dir='ltr'>eum</span> <span class='ocrx_word' id='word_1_80' title='bbox 1133 833 1336 882; x_wconf 90' lang='lat' dir='ltr'>Hearnii</span> <span class='ocrx_word' id='word_1_81' title='bbox 1373 835 1517 882; x_wconf 86' lang='lat' dir='ltr'>sedu-</span> 
     </span>
     <span class='ocr_line' id='line_1_11' title="bbox 65 911 1516 974; baseline -0.001 -13"><span class='ocrx_word' id='word_1_82' title='bbox 65 914 202 961; x_wconf 80' lang='lat' dir='ltr'>litate</span> <span class='ocrx_word' id='word_1_83' title='bbox 226 914 429 974; x_wconf 89' lang='lat' dir='ltr'>adjutos</span> <span class='ocrx_word' id='word_1_84' title='bbox 455 930 563 960; x_wconf 82' lang='lat' dir='ltr'>esse</span> <span class='ocrx_word' id='word_1_85' title='bbox 588 913 754 960; x_wconf 81' lang='lat' dir='ltr'>libenti</span> <span class='ocrx_word' id='word_1_86' title='bbox 776 911 941 959; x_wconf 85' lang='lat' dir='ltr'>animo</span> <span class='ocrx_word' id='word_1_87' title='bbox 967 913 1271 974; x_wconf 87' lang='lat' dir='ltr'>profitemur.</span> <span class='ocrx_word' id='word_1_88' title='bbox 1342 912 1440 959; x_wconf 86' lang='lat' dir='ltr'>Sed</span> <span class='ocrx_word' id='word_1_89' title='bbox 1469 922 1516 960; x_wconf 86' lang='lat' dir='ltr'>et</span> 
     </span>
     <span class='ocr_line' id='line_1_12' title="bbox 64 990 1515 1055; baseline 0.001 -18"><span class='ocrx_word' id='word_1_90' title='bbox 64 997 168 1037; x_wconf 88' lang='lat' dir='ltr'>tum</span> <span class='ocrx_word' id='word_1_91' title='bbox 213 1008 416 1054; x_wconf 87' lang='lat' dir='ltr'>quoque</span> <span class='ocrx_word' id='word_1_92' title='bbox 454 991 768 1054; x_wconf 82' lang='lat' dir='ltr'>partitionem</span> <span class='ocrx_word' id='word_1_93' title='bbox 809 991 1080 1055; x_wconf 84' lang='lat' dir='ltr'>quamdam</span> <span class='ocrx_word' id='word_1_94' title='bbox 1128 990 1319 1037; x_wconf 89' lang='lat' dir='ltr'>institui</span> <span class='ocrx_word' id='word_1_95' title='bbox 1362 991 1515 1051; x_wconf 77' lang='lat' dir='ltr'>magis</span> 
     </span>
     <span class='ocr_line' id='line_1_13' title="bbox 65 1067 1516 1132; baseline 0.001 -18"><span class='ocrx_word' id='word_1_96' title='bbox 65 1068 295 1131; x_wconf 80' lang='lat' dir='ltr'>placeret,</span> <span class='ocrx_word' id='word_1_97' title='bbox 340 1074 394 1115; x_wconf 85' lang='lat' dir='ltr'>ut</span> <span class='ocrx_word' id='word_1_98' title='bbox 431 1086 543 1132; x_wconf 85' lang='lat' dir='ltr'>quae</span> <span class='ocrx_word' id='word_1_99' title='bbox 582 1068 855 1116; x_wconf 86' lang='lat' dir='ltr'>lectoribus</span> <span class='ocrx_word' id='word_1_100' title='bbox 903 1067 1132 1115; x_wconf 88' lang='lat' dir='ltr'>omnibus</span> <span class='ocrx_word' id='word_1_101' title='bbox 1175 1068 1310 1114; x_wconf 80' lang='lat' dir='ltr'>utilia</span> <span class='ocrx_word' id='word_1_102' title='bbox 1352 1069 1516 1116; x_wconf 80' lang='lat' dir='ltr'>futura</span> 
     </span>
     <span class='ocr_line' id='line_1_14' title="bbox 64 1145 1512 1209; baseline 0.001 -17"><span class='ocrx_word' id='word_1_103' title='bbox 64 1153 196 1201; x_wconf 83' lang='lat' dir='ltr'>sunt,</span> <span class='ocrx_word' id='word_1_104' title='bbox 239 1163 298 1193; x_wconf 91' lang='lat' dir='ltr'>ea</span> <span class='ocrx_word' id='word_1_105' title='bbox 336 1146 386 1193; x_wconf 90' lang='lat' dir='ltr'>in</span> <span class='ocrx_word' id='word_1_106' title='bbox 428 1154 661 1209; x_wconf 82' lang='lat' dir='ltr'>promptu</span> <span class='ocrx_word' id='word_1_107' title='bbox 699 1153 880 1201; x_wconf 81' lang='lat' dir='ltr'>essent,</span> <span class='ocrx_word' id='word_1_108' title='bbox 922 1152 1311 1208; x_wconf 75' lang='lat' dir='ltr'>contextumque</span> <span class='ocrx_word' id='word_1_109' title='bbox 1353 1145 1512 1208; x_wconf 87' lang='lat' dir='ltr'>ipsum</span> 
     </span>
     <span class='ocr_line' id='line_1_15' title="bbox 65 1222 1516 1287; baseline 0.001 -17"><span class='ocrx_word' id='word_1_110' title='bbox 65 1223 446 1282; x_wconf 79' lang='lat' dir='ltr'>comitarentur3</span> <span class='ocrx_word' id='word_1_111' title='bbox 482 1241 591 1286; x_wconf 85' lang='lat' dir='ltr'>quae</span> <span class='ocrx_word' id='word_1_112' title='bbox 618 1224 680 1270; x_wconf 89' lang='lat' dir='ltr'>ab</span> <span class='ocrx_word' id='word_1_113' title='bbox 703 1222 761 1271; x_wconf 89' lang='lat' dir='ltr'>iis</span> <span class='ocrx_word' id='word_1_114' title='bbox 786 1229 976 1270; x_wconf 88' lang='lat' dir='ltr'>tantum</span> <span class='ocrx_word' id='word_1_115' title='bbox 1009 1222 1410 1271; x_wconf 83' lang='lat' dir='ltr'>desiderarentur</span> <span class='ocrx_word' id='word_1_116' title='bbox 1433 1226 1516 1287; x_wconf 90' lang='lat' dir='ltr'>qui</span> 
     </span>
     <span class='ocr_line' id='line_1_16' title="bbox 62 1299 1515 1366; baseline 0.003 -20"><span class='ocrx_word' id='word_1_117' title='bbox 62 1300 112 1346; x_wconf 92' lang='lat' dir='ltr'>in</span> <span class='ocrx_word' id='word_1_118' title='bbox 142 1299 366 1348; x_wconf 85' lang='lat' dir='ltr'>intimam</span> <span class='ocrx_word' id='word_1_119' title='bbox 402 1300 620 1348; x_wconf 87' lang='lat' dir='ltr'>auctoris</span> <span class='ocrx_word' id='word_1_120' title='bbox 657 1299 994 1362; x_wconf 83' lang='lat' dir='ltr'>cognitionem</span> <span class='ocrx_word' id='word_1_121' title='bbox 1031 1300 1341 1349; x_wconf 87' lang='lat' dir='ltr'>descendere</span> <span class='ocrx_word' id='word_1_122' title='bbox 1377 1303 1515 1366; x_wconf 90' lang='lat' dir='ltr'>cupi-</span> 
     </span>
     <span class='ocr_line' id='line_1_17' title="bbox 63 1377 1515 1439; baseline 0.003 -15"><span class='ocrx_word' id='word_1_123' title='bbox 63 1388 164 1433; x_wconf 84' lang='lat' dir='ltr'>unt,</span> <span class='ocrx_word' id='word_1_124' title='bbox 204 1386 254 1425; x_wconf 90' lang='lat' dir='ltr'>et</span> <span class='ocrx_word' id='word_1_125' title='bbox 289 1378 455 1425; x_wconf 86' lang='lat' dir='ltr'>omnia</span> <span class='ocrx_word' id='word_1_126' title='bbox 493 1379 568 1424; x_wconf 91' lang='lat' dir='ltr'>vel</span> <span class='ocrx_word' id='word_1_127' title='bbox 605 1377 938 1425; x_wconf 88' lang='lat' dir='ltr'>minutissima</span> <span class='ocrx_word' id='word_1_128' title='bbox 974 1379 1270 1435; x_wconf 87' lang='lat' dir='ltr'>consectari,</span> <span class='ocrx_word' id='word_1_129' title='bbox 1307 1396 1365 1426; x_wconf 90' lang='lat' dir='ltr'>ea</span> <span class='ocrx_word' id='word_1_130' title='bbox 1401 1380 1515 1439; x_wconf 87' lang='lat' dir='ltr'>alio,</span> 
     </span>
     <span class='ocr_line' id='line_1_18' title="bbox 63 1455 1123 1519; baseline 0.001 -17"><span class='ocrx_word' id='word_1_131' title='bbox 63 1463 186 1519; x_wconf 83' lang='lat' dir='ltr'>puta</span> <span class='ocrx_word' id='word_1_132' title='bbox 211 1456 276 1502; x_wconf 85' lang='lat' dir='ltr'>ad</span> <span class='ocrx_word' id='word_1_133' title='bbox 301 1457 451 1503; x_wconf 86' lang='lat' dir='ltr'>finem</span> <span class='ocrx_word' id='word_1_134' title='bbox 478 1455 760 1511; x_wconf 89' lang='lat' dir='ltr'>voluminis,</span> <span class='ocrx_word' id='word_1_135' title='bbox 786 1455 1123 1516; x_wconf 85' lang='lat' dir='ltr'>rejicerentur.</span> 
     </span>
    </p>

    <p class='ocr_par' dir='ltr' id='par_1_3' title="bbox 131 1533 1730 1598">
     <span class='ocr_line' id='line_1_19' title="bbox 131 1533 1730 1598; baseline 0.002 -18"><span class='ocrx_word' id='word_1_136' title='bbox 131 1533 179 1580; x_wconf 90' lang='lat' dir='ltr'>N</span> <span class='ocrx_word' id='word_1_137' title='bbox 189 1551 284 1581; x_wconf 87' lang='lat' dir='ltr'>unc</span> <span class='ocrx_word' id='word_1_138' title='bbox 310 1551 428 1596; x_wconf 80' lang='lat' dir='ltr'>ergo</span> <span class='ocrx_word' id='word_1_139' title='bbox 454 1534 492 1581; x_wconf 91' lang='lat' dir='ltr'>si</span> <span class='ocrx_word' id='word_1_140' title='bbox 518 1533 626 1597; x_wconf 89' lang='lat' dir='ltr'>quis</span> <span class='ocrx_word' id='word_1_141' title='bbox 651 1551 713 1581; x_wconf 76' lang='lat' dir='ltr'>ex</span> <span class='ocrx_word' id='word_1_142' title='bbox 738 1534 882 1581; x_wconf 89' lang='lat' dir='ltr'>nobis</span> <span class='ocrx_word' id='word_1_143' title='bbox 920 1542 1123 1597; x_wconf 70' lang='lat' dir='ltr'>quaerat,</span> <span class='ocrx_word' id='word_1_144' title='bbox 1147 1535 1265 1598; x_wconf 89' lang='lat' dir='ltr'>quid</span> <span class='ocrx_word' id='word_1_145' title='bbox 1297 1536 1365 1582; x_wconf 87' lang='lat' dir='ltr'>ita</span> <span class='ocrx_word' id='word_1_146' title='bbox 1389 1535 1514 1583; x_wconf 85' lang='lat' dir='ltr'>Gro-</span> <span class='ocrx_word' id='word_1_147' title='bbox 1531 1542 1730 1571; x_wconf 68' lang='lat' dir='ltr'>0⁰¹·Gr0120·</span> 
     </span>
    </p>
   </div>
   <div class='ocr_carea' id='block_1_3' title="bbox 1531 1585 1733 1614">
    <p class='ocr_par' dir='ltr' id='par_1_4' title="bbox 1531 1585 1733 1614">
     <span class='ocr_line' id='line_1_20' title="bbox 1531 1585 1733 1614; baseline 0.005 -1"><span class='ocrx_word' id='word_1_148' title='bbox 1531 1585 1572 1614; x_wconf 87' lang='lat' dir='ltr'>vii</span> <span class='ocrx_word' id='word_1_149' title='bbox 1585 1590 1674 1614; x_wconf 83' lang='lat' dir='ltr'>notas</span> <span class='ocrx_word' id='word_1_150' title='bbox 1685 1585 1733 1614; x_wconf 90' lang='lat' dir='ltr'>in-</span> 
     </span>
    </p>
   </div>
   <div class='ocr_carea' id='block_1_4' title="bbox 62 1610 1721 2840">
    <p class='ocr_par' dir='ltr' id='par_1_5' title="bbox 62 1610 1721 2840">
     <span class='ocr_line' id='line_1_21' title="bbox 64 1610 1705 1676; baseline 0.002 -19"><span class='ocrx_word' id='word_1_151' title='bbox 64 1610 199 1658; x_wconf 84' lang='lat' dir='ltr'>novii</span> <span class='ocrx_word' id='word_1_152' title='bbox 224 1619 382 1668; x_wconf 86' lang='lat' dir='ltr'>notas,</span> <span class='ocrx_word' id='word_1_153' title='bbox 409 1629 532 1674; x_wconf 86' lang='lat' dir='ltr'>quas</span> <span class='ocrx_word' id='word_1_154' title='bbox 558 1612 681 1659; x_wconf 86' lang='lat' dir='ltr'>tanti</span> <span class='ocrx_word' id='word_1_155' title='bbox 720 1612 942 1668; x_wconf 85' lang='lat' dir='ltr'>facimus,</span> <span class='ocrx_word' id='word_1_156' title='bbox 971 1629 1070 1658; x_wconf 82' lang='lat' dir='ltr'>non</span> <span class='ocrx_word' id='word_1_157' title='bbox 1099 1613 1190 1660; x_wconf 84' lang='lat' dir='ltr'>bac</span> <span class='ocrx_word' id='word_1_158' title='bbox 1222 1613 1269 1660; x_wconf 90' lang='lat' dir='ltr'>iu</span> <span class='ocrx_word' id='word_1_159' title='bbox 1295 1613 1513 1661; x_wconf 89' lang='lat' dir='ltr'>editione</span> <span class='ocrx_word' id='word_1_160' title='bbox 1529 1632 1631 1676; x_wconf 49' lang='lat' dir='ltr'>{egra}</span> <span class='ocrx_word' id='word_1_161' title='bbox 1645 1629 1705 1675; x_wconf 33' lang='lat' dir='ltr'>‚hac</span> 
     </span>
     <span class='ocr_line' id='line_1_22' title="bbox 62 1672 1721 1752; baseline 0.002 -18"><span class='ocrx_word' id='word_1_162' title='bbox 62 1688 388 1735; x_wconf 78' lang='lat' dir='ltr'>exhibeamus</span> <span class='ocrx_word' id='word_1_163' title='bbox 425 1688 655 1751; x_wconf 80' lang='lat' dir='ltr'>integras,</span> <span class='ocrx_word' id='word_1_164' title='bbox 684 1688 898 1736; x_wconf 84' lang='lat' dir='ltr'>addituri</span> <span class='ocrx_word' id='word_1_165' title='bbox 935 1688 975 1735; x_wconf 84' lang='lat' dir='ltr'>si</span> <span class='ocrx_word' id='word_1_166' title='bbox 1006 1689 1123 1752; x_wconf 89' lang='lat' dir='ltr'>quid</span> <span class='ocrx_word' id='word_1_167' title='bbox 1153 1706 1276 1752; x_wconf 85' lang='lat' dir='ltr'>opus</span> <span class='ocrx_word' id='word_1_168' title='bbox 1313 1707 1422 1738; x_wconf 88' lang='lat' dir='ltr'>esse</span> <span class='ocrx_word' id='word_1_169' title='bbox 1449 1691 1513 1738; x_wconf 85' lang='lat' dir='ltr'>vi-</span> <span class='ocrx_word' id='word_1_170' title='bbox 1528 1672 1721 1750; x_wconf 50' lang='grc' dir='ltr'>ἕᾎιῗάγῗξῗῑῗὲ.</span> 
     </span>
     <span class='ocr_line' id='line_1_23' title="bbox 63 1762 1696 1829; baseline 0.001 -16"><span class='ocrx_word' id='word_1_171' title='bbox 63 1783 170 1814; x_wconf 85' lang='lat' dir='ltr'>sum</span> <span class='ocrx_word' id='word_1_172' title='bbox 200 1768 352 1824; x_wconf 74' lang='lat' dir='ltr'>foret3</span> <span class='ocrx_word' id='word_1_173' title='bbox 390 1767 803 1829; x_wconf 84' lang='lat' dir='ltr'>respondebimus</span> <span class='ocrx_word' id='word_1_174' title='bbox 834 1783 934 1821; x_wconf 89' lang='lat' dir='ltr'>eas,</span> <span class='ocrx_word' id='word_1_175' title='bbox 963 1766 1188 1829; x_wconf 88' lang='lat' dir='ltr'>quamvis</span> <span class='ocrx_word' id='word_1_176' title='bbox 1213 1775 1261 1814; x_wconf 89' lang='lat' dir='ltr'>et</span> <span class='ocrx_word' id='word_1_177' title='bbox 1283 1762 1696 1816; x_wconf 51' lang='lat' dir='ltr'>doctriuasenmmffi&#39;</span> 
     </span>
     <span class='ocr_line' id='line_1_24' title="bbox 63 1843 1516 1909; baseline 0.001 -18"><span class='ocrx_word' id='word_1_178' title='bbox 63 1844 407 1902; x_wconf 81' lang='lat' dir='ltr'>refertissimae,</span> <span class='ocrx_word' id='word_1_179' title='bbox 430 1852 479 1891; x_wconf 89' lang='lat' dir='ltr'>et</span> <span class='ocrx_word' id='word_1_180' title='bbox 503 1844 552 1891; x_wconf 90' lang='lat' dir='ltr'>in</span> <span class='ocrx_word' id='word_1_181' title='bbox 575 1844 875 1907; x_wconf 78' lang='lat' dir='ltr'>explicanda</span> <span class='ocrx_word' id='word_1_182' title='bbox 900 1843 1020 1890; x_wconf 86' lang='lat' dir='ltr'>Livii</span> <span class='ocrx_word' id='word_1_183' title='bbox 1044 1852 1209 1891; x_wconf 87' lang='lat' dir='ltr'>mente</span> <span class='ocrx_word' id='word_1_184' title='bbox 1227 1845 1516 1909; x_wconf 88' lang='lat' dir='ltr'>plerumque</span> 
     </span>
     <span class='ocr_line' id='line_1_25' title="bbox 63 1921 1517 1985; baseline 0 -15"><span class='ocrx_word' id='word_1_185' title='bbox 63 1921 466 1982; x_wconf 87' lang='lat' dir='ltr'>accuratissimae,</span> <span class='ocrx_word' id='word_1_186' title='bbox 487 1929 538 1970; x_wconf 89' lang='lat' dir='ltr'>et</span> <span class='ocrx_word' id='word_1_187' title='bbox 561 1923 768 1985; x_wconf 88' lang='lat' dir='ltr'>proinde</span> <span class='ocrx_word' id='word_1_188' title='bbox 794 1922 1064 1969; x_wconf 78' lang='lat' dir='ltr'>utilissimae</span> <span class='ocrx_word' id='word_1_189' title='bbox 1086 1922 1203 1978; x_wconf 86' lang='lat' dir='ltr'>sint,</span> <span class='ocrx_word' id='word_1_190' title='bbox 1225 1940 1326 1970; x_wconf 88' lang='lat' dir='ltr'>non</span> <span class='ocrx_word' id='word_1_191' title='bbox 1351 1930 1517 1970; x_wconf 86' lang='lat' dir='ltr'>tamen</span> 
     </span>
     <span class='ocr_line' id='line_1_26' title="bbox 63 1999 1517 2064; baseline -0.001 -16"><span class='ocrx_word' id='word_1_192' title='bbox 63 2017 124 2048; x_wconf 86' lang='lat' dir='ltr'>ex</span> <span class='ocrx_word' id='word_1_193' title='bbox 149 1999 206 2048; x_wconf 88' lang='lat' dir='ltr'>iis</span> <span class='ocrx_word' id='word_1_194' title='bbox 230 1999 424 2062; x_wconf 76' lang='lat' dir='ltr'>legibus</span> <span class='ocrx_word' id='word_1_195' title='bbox 448 2017 559 2048; x_wconf 89' lang='lat' dir='ltr'>esse</span> <span class='ocrx_word' id='word_1_196' title='bbox 579 2001 920 2056; x_wconf 87' lang='lat' dir='ltr'>concinnatas,</span> <span class='ocrx_word' id='word_1_197' title='bbox 942 2002 1002 2048; x_wconf 86' lang='lat' dir='ltr'>ad</span> <span class='ocrx_word' id='word_1_198' title='bbox 1031 2018 1156 2064; x_wconf 86' lang='lat' dir='ltr'>quas</span> <span class='ocrx_word' id='word_1_199' title='bbox 1181 2001 1311 2063; x_wconf 79' lang='lat' dir='ltr'>exigi</span> <span class='ocrx_word' id='word_1_200' title='bbox 1337 2001 1517 2047; x_wconf 83' lang='lat' dir='ltr'>debere</span> 
     </span>
     <span class='ocr_line' id='line_1_27' title="bbox 63 2076 1517 2141; baseline 0.001 -17"><span class='ocrx_word' id='word_1_201' title='bbox 63 2077 207 2125; x_wconf 90' lang='lat' dir='ltr'>nobis</span> <span class='ocrx_word' id='word_1_202' title='bbox 231 2076 425 2124; x_wconf 88' lang='lat' dir='ltr'>videtur</span> <span class='ocrx_word' id='word_1_203' title='bbox 458 2077 732 2140; x_wconf 83' lang='lat' dir='ltr'>interpretis</span> <span class='ocrx_word' id='word_1_204' title='bbox 758 2077 915 2125; x_wconf 83' lang='lat' dir='ltr'>labor.</span> <span class='ocrx_word' id='word_1_205' title='bbox 988 2077 1206 2134; x_wconf 86' lang='lat' dir='ltr'>Etenim,</span> <span class='ocrx_word' id='word_1_206' title='bbox 1234 2086 1411 2141; x_wconf 87' lang='lat' dir='ltr'>praeter</span> <span class='ocrx_word' id='word_1_207' title='bbox 1435 2078 1517 2125; x_wconf 88' lang='lat' dir='ltr'>illa</span> 
     </span>
     <span class='ocr_line' id='line_1_28' title="bbox 63 2154 1518 2218; baseline 0.001 -16"><span class='ocrx_word' id='word_1_208' title='bbox 63 2172 176 2218; x_wconf 81' lang='lat' dir='ltr'>quae</span> <span class='ocrx_word' id='word_1_209' title='bbox 202 2154 265 2201; x_wconf 92' lang='lat' dir='ltr'>de</span> <span class='ocrx_word' id='word_1_210' title='bbox 288 2154 439 2202; x_wconf 88' lang='lat' dir='ltr'>nimia</span> <span class='ocrx_word' id='word_1_211' title='bbox 475 2154 816 2217; x_wconf 86' lang='lat' dir='ltr'>exemplorum</span> <span class='ocrx_word' id='word_1_212' title='bbox 851 2154 1184 2211; x_wconf 86' lang='lat' dir='ltr'>multitudine,</span> <span class='ocrx_word' id='word_1_213' title='bbox 1214 2155 1278 2201; x_wconf 94' lang='lat' dir='ltr'>de</span> <span class='ocrx_word' id='word_1_214' title='bbox 1314 2171 1518 2216; x_wconf 80' lang='lat' dir='ltr'>conges-</span> 
     </span>
     <span class='ocr_line' id='line_1_29' title="bbox 63 2232 1518 2295; baseline 0 -15"><span class='ocrx_word' id='word_1_215' title='bbox 63 2234 124 2280; x_wconf 89' lang='lat' dir='ltr'>tis</span> <span class='ocrx_word' id='word_1_216' title='bbox 149 2233 255 2280; x_wconf 86' lang='lat' dir='ltr'>sine</span> <span class='ocrx_word' id='word_1_217' title='bbox 280 2233 432 2280; x_wconf 91' lang='lat' dir='ltr'>modo</span> <span class='ocrx_word' id='word_1_218' title='bbox 470 2232 870 2295; x_wconf 87' lang='lat' dir='ltr'>discrepantibus</span> <span class='ocrx_word' id='word_1_219' title='bbox 896 2238 1117 2279; x_wconf 84' lang='lat' dir='ltr'>veterum</span> <span class='ocrx_word' id='word_1_220' title='bbox 1155 2232 1388 2280; x_wconf 90' lang='lat' dir='ltr'>codicum</span> <span class='ocrx_word' id='word_1_221' title='bbox 1419 2233 1518 2280; x_wconf 90' lang='lat' dir='ltr'>lec-</span> 
     </span>
     <span class='ocr_line' id='line_1_30' title="bbox 63 2309 1517 2373; baseline 0 -17"><span class='ocrx_word' id='word_1_222' title='bbox 63 2310 279 2358; x_wconf 88' lang='lat' dir='ltr'>tionibus</span> <span class='ocrx_word' id='word_1_223' title='bbox 315 2327 464 2373; x_wconf 90' lang='lat' dir='ltr'>supra</span> <span class='ocrx_word' id='word_1_224' title='bbox 499 2310 900 2367; x_wconf 81' lang='lat' dir='ltr'>observavimus3</span> <span class='ocrx_word' id='word_1_225' title='bbox 944 2309 1157 2372; x_wconf 90' lang='lat' dir='ltr'>plurima</span> <span class='ocrx_word' id='word_1_226' title='bbox 1179 2310 1228 2357; x_wconf 91' lang='lat' dir='ltr'>in</span> <span class='ocrx_word' id='word_1_227' title='bbox 1253 2310 1310 2357; x_wconf 90' lang='lat' dir='ltr'>iis</span> <span class='ocrx_word' id='word_1_228' title='bbox 1337 2309 1517 2372; x_wconf 86' lang='lat' dir='ltr'>reperi-</span> 
     </span>
     <span class='ocr_line' id='line_1_31' title="bbox 64 2388 1517 2451; baseline 0 -17"><span class='ocrx_word' id='word_1_229' title='bbox 64 2394 212 2435; x_wconf 89' lang='lat' dir='ltr'>untur</span> <span class='ocrx_word' id='word_1_230' title='bbox 241 2388 494 2451; x_wconf 81' lang='lat' dir='ltr'>superflua</span> <span class='ocrx_word' id='word_1_231' title='bbox 528 2405 729 2450; x_wconf 88' lang='lat' dir='ltr'>prorsus</span> <span class='ocrx_word' id='word_1_232' title='bbox 756 2396 804 2435; x_wconf 90' lang='lat' dir='ltr'>et</span> <span class='ocrx_word' id='word_1_233' title='bbox 829 2388 1004 2444; x_wconf 89' lang='lat' dir='ltr'>aliena,</span> <span class='ocrx_word' id='word_1_234' title='bbox 1032 2389 1263 2450; x_wconf 81' lang='lat' dir='ltr'>quaedam</span> <span class='ocrx_word' id='word_1_235' title='bbox 1302 2394 1517 2435; x_wconf 82' lang='lat' dir='ltr'>tractata</span> 
     </span>
     <span class='ocr_line' id='line_1_32' title="bbox 64 2464 1516 2527; baseline -0.001 -16"><span class='ocrx_word' id='word_1_236' title='bbox 64 2465 336 2523; x_wconf 86' lang='lat' dir='ltr'>verbosius,</span> <span class='ocrx_word' id='word_1_237' title='bbox 357 2464 653 2512; x_wconf 84' lang='lat' dir='ltr'>audaciores</span> <span class='ocrx_word' id='word_1_238' title='bbox 679 2464 928 2511; x_wconf 88' lang='lat' dir='ltr'>interdum</span> <span class='ocrx_word' id='word_1_239' title='bbox 950 2464 1266 2525; x_wconf 84' lang='lat' dir='ltr'>conjecturae,</span> <span class='ocrx_word' id='word_1_240' title='bbox 1288 2464 1516 2527; x_wconf 84' lang='lat' dir='ltr'>falsoque</span> 
     </span>
     <span class='ocr_line' id='line_1_33' title="bbox 65 2540 1515 2607; baseline -0.001 -18"><span class='ocrx_word' id='word_1_241' title='bbox 65 2543 231 2590; x_wconf 86' lang='lat' dir='ltr'>afficta</span> <span class='ocrx_word' id='word_1_242' title='bbox 254 2543 555 2607; x_wconf 88' lang='lat' dir='ltr'>quibusdam</span> <span class='ocrx_word' id='word_1_243' title='bbox 582 2541 705 2588; x_wconf 89' lang='lat' dir='ltr'>Livii</span> <span class='ocrx_word' id='word_1_244' title='bbox 730 2541 858 2589; x_wconf 89' lang='lat' dir='ltr'>locis</span> <span class='ocrx_word' id='word_1_245' title='bbox 885 2541 1257 2606; x_wconf 83' lang='lat' dir='ltr'>depravationis</span> <span class='ocrx_word' id='word_1_246' title='bbox 1281 2540 1515 2603; x_wconf 87' lang='lat' dir='ltr'>suspicio.</span> 
     </span>
     <span class='ocr_line' id='line_1_34' title="bbox 67 2618 1516 2684; baseline -0.004 -16"><span class='ocrx_word' id='word_1_247' title='bbox 67 2620 261 2684; x_wconf 88' lang='lat' dir='ltr'>Itaque,</span> <span class='ocrx_word' id='word_1_248' title='bbox 288 2636 576 2684; x_wconf 88' lang='lat' dir='ltr'>quanquam</span> <span class='ocrx_word' id='word_1_249' title='bbox 612 2636 713 2675; x_wconf 89' lang='lat' dir='ltr'>eas,</span> <span class='ocrx_word' id='word_1_250' title='bbox 741 2618 912 2682; x_wconf 88' lang='lat' dir='ltr'>quales</span> <span class='ocrx_word' id='word_1_251' title='bbox 937 2636 967 2665; x_wconf 91' lang='lat' dir='ltr'>a</span> <span class='ocrx_word' id='word_1_252' title='bbox 990 2619 1244 2666; x_wconf 84' lang='lat' dir='ltr'>Gronovio</span> <span class='ocrx_word' id='word_1_253' title='bbox 1280 2618 1516 2680; x_wconf 83' lang='lat' dir='ltr'>profectae</span> 
     </span>
     <span class='ocr_line' id='line_1_35' title="bbox 64 2693 1517 2760; baseline -0.005 -15"><span class='ocrx_word' id='word_1_254' title='bbox 64 2706 198 2754; x_wconf 87' lang='lat' dir='ltr'>sunt,</span> <span class='ocrx_word' id='word_1_255' title='bbox 237 2698 317 2746; x_wconf 86' lang='lat' dir='ltr'>hic</span> <span class='ocrx_word' id='word_1_256' title='bbox 354 2715 542 2746; x_wconf 88' lang='lat' dir='ltr'>rursum</span> <span class='ocrx_word' id='word_1_257' title='bbox 590 2697 751 2746; x_wconf 88' lang='lat' dir='ltr'>editas</span> <span class='ocrx_word' id='word_1_258' title='bbox 793 2704 1159 2760; x_wconf 69' lang='lat' dir='ltr'>repraesentare,</span> <span class='ocrx_word' id='word_1_259' title='bbox 1200 2701 1248 2741; x_wconf 88' lang='lat' dir='ltr'>et</span> <span class='ocrx_word' id='word_1_260' title='bbox 1287 2693 1517 2740; x_wconf 88' lang='lat' dir='ltr'>facilioris</span> 
     </span>
     <span class='ocr_line' id='line_1_36' title="bbox 67 2769 1518 2840; baseline -0.006 -16"><span class='ocrx_word' id='word_1_261' title='bbox 67 2793 229 2840; x_wconf 84' lang='lat' dir='ltr'>operae</span> <span class='ocrx_word' id='word_1_262' title='bbox 253 2783 372 2831; x_wconf 84' lang='lat' dir='ltr'>erat,</span> <span class='ocrx_word' id='word_1_263' title='bbox 397 2782 446 2823; x_wconf 86' lang='lat' dir='ltr'>et</span> <span class='ocrx_word' id='word_1_264' title='bbox 468 2775 672 2823; x_wconf 88' lang='lat' dir='ltr'>minoris</span> <span class='ocrx_word' id='word_1_265' title='bbox 697 2774 869 2838; x_wconf 88' lang='lat' dir='ltr'>procul</span> <span class='ocrx_word' id='word_1_266' title='bbox 907 2773 1057 2821; x_wconf 87' lang='lat' dir='ltr'>dubio</span> <span class='ocrx_word' id='word_1_267' title='bbox 1085 2772 1220 2826; x_wconf 78' lang='lat' dir='ltr'>aleae,</span> <span class='ocrx_word' id='word_1_268' title='bbox 1248 2769 1411 2833; x_wconf 81' lang='lat' dir='ltr'>potior</span> <span class='ocrx_word' id='word_1_269' title='bbox 1434 2786 1518 2816; x_wconf 83' lang='lat' dir='ltr'>no-</span> 
     </span>
    </p>
   </div>
   <div class='ocr_carea' id='block_1_5' title="bbox 67 2848 1518 2968">
    <p class='ocr_par' dir='ltr' id='par_1_6' title="bbox 67 2848 1518 2968">
     <span class='ocr_line' id='line_1_37' title="bbox 67 2848 1518 2914; baseline -0.007 -12"><span class='ocrx_word' id='word_1_270' title='bbox 67 2854 142 2903; x_wconf 88' lang='lat' dir='ltr'>bis</span> <span class='ocrx_word' id='word_1_271' title='bbox 167 2855 255 2902; x_wconf 85' lang='lat' dir='ltr'>fuit</span> <span class='ocrx_word' id='word_1_272' title='bbox 281 2854 478 2904; x_wconf 81' lang='lat' dir='ltr'>lectoris</span> <span class='ocrx_word' id='word_1_273' title='bbox 514 2853 716 2908; x_wconf 83' lang='lat' dir='ltr'>utilitas,</span> <span class='ocrx_word' id='word_1_274' title='bbox 743 2868 892 2914; x_wconf 87' lang='lat' dir='ltr'>quem</span> <span class='ocrx_word' id='word_1_275' title='bbox 917 2867 1045 2898; x_wconf 81' lang='lat' dir='ltr'>vana</span> <span class='ocrx_word' id='word_1_276' title='bbox 1070 2866 1201 2913; x_wconf 76' lang='lat' dir='ltr'>saepe</span> <span class='ocrx_word' id='word_1_277' title='bbox 1226 2848 1518 2910; x_wconf 80' lang='lat' dir='ltr'>ingrataque</span> 
     </span>
     <span class='ocr_line' id='line_1_38' title="bbox 777 2934 850 2968; baseline 0 0"><span class='ocrx_word' id='word_1_278' title='bbox 777 2941 802 2968; x_wconf 84' lang='lat' dir='ltr'>E</span> <span class='ocrx_word' id='word_1_279' title='bbox 826 2934 850 2968; x_wconf 75' lang='lat'><em>4</em></span> 
     </span>
    </p>
   </div>
  </div>
 </body>
</html>
