1831 3194
519 103 638 142 LIB.
667 102 791 140 XLV.
828 101 947 139 CAP.
978 101 1062 140 XL.
1401 106 1468 139 211

59 211 188 265 spolia
228 212 513 262 Macedonum,
555 211 658 253 citra
692 211 849 267 flumen
884 206 1185 265 relinquentur?
1228 208 1283 249 L.
1304 209 1476 250 Paullus
1488 219 1577 252 U.C.
1590 220 1665 251 585.

54 269 250 322 privatus,
279 276 486 325 tamquam
515 283 606 310 rure
636 268 803 318 rediens,
835 282 861 309 a
892 274 1010 321 porta
1040 267 1199 307 domum
1227 266 1311 307 ibit.
1369 263 1574 307 ⁹⁶EtA·C·
1593 263 1666 294 167.

60 332 116 375 tu,
154 327 340 376 centurio,
379 326 502 376 mites,
538 328 633 381 quid
671 327 720 366 de
758 326 988 378 imperatore
1027 323 1175 365 Paullo
1212 329 1368 364 senatus
1407 324 1476 363 de-

58 382 195 425 creritf
216 384 360 438 potia&
377 397 496 438 quam
511 384 604 439 quid
626 383 709 425 Ser.
733 382 871 424 Galba
881 380 1103 434 fabuletur,
1125 380 1240 421 audi:
1273 387 1311 420 et
1328 380 1401 420 hoc
1415 381 1475 421 di-

60 455 146 482 cere
166 456 225 482 me
241 441 385 495 potius,
406 455 526 495 quam
544 441 666 489 illum,
682 441 789 481 audi.
849 440 928 480 Ille
942 439 1050 488 nihil,
1071 445 1334 492 praeterquam
1357 437 1473 492 loqui,

59 504 98 537 et
127 499 255 551 ipsum
286 498 480 539 maledice
509 512 557 539 ac
589 498 777 552 maligne,
801 497 964 537 didicit:
997 511 1071 551 ego
1102 502 1216 537 teret
1247 495 1365 537 vicies
1389 509 1475 535 cum

59 555 171 596 hoste
189 571 257 609 per
278 556 601 609 provocationem
619 554 820 610 pugnavi.-
850 569 900 596 ex
919 555 1106 602 omnibus,
1128 567 1215 594 cum
1235 553 1371 607 quibus
1389 566 1474 593 ma-

58 626 151 653 num
172 613 359 662 conserui,
379 613 506 666 spolia
526 613 653 653 retuli.
683 612 840 667 insigne
870 625 1004 663 corpus
1031 611 1199 651 honestis
1220 610 1472 660 cicatricibus,

60 671 236 711 omnibus
255 671 420 711 adverso
450 684 611 723 corpore
630 671 813 722 exceptis,
835 670 971 710 habeo.
1031 668 1224 709 Nudasse
1253 667 1403 709 deinde
1433 683 1475 709 se
1487 676 1633 708 Servilius

61 726 230 777 dicitur,
244 736 301 778 et,
315 743 400 784 quo
416 743 596 784 quaeque
616 727 726 769 bello
741 726 915 768 vulnera
929 733 1099 781 accepta
1111 732 1260 775 essent,
1274 723 1474 766 retulisse.
1488 719 1584 751 nudat
1598 730 1679 751 cor--

60 798 157 839 quae
176 784 279 825 dum
299 792 495 835 ostentat,
510 784 719 841 adapertis
739 784 862 834 forte,
880 797 978 839 quae
994 782 1170 823 velanda
1184 789 1314 832 erant,
1338 789 1478 823 tumor
1488 763 1678 838 ξὲξαεὲὃῖζὲζ

59 839 279 896 inguinum
299 841 499 898 proximis
514 841 643 882 risum
664 841 807 883 movit.
860 841 990 891 Tum,
1008 839 1102 880 Hoc
1117 853 1281 894 quoque,
1299 839 1404 893 quod
1422 839 1477 879 ri·
1488 854 1545 881 tat.

59 898 175 948 detis,
197 898 350 954 inquit,
366 898 407 939 in
428 913 524 953 equo
544 899 630 939 dies
649 905 851 952 noctesque
861 898 1106 950 persedendo
1127 897 1273 937 liabeo.-
1301 910 1373 937 nec
1392 910 1479 936 ma-

56 954 124 1010 gis
141 970 200 997 me
215 954 312 1010 ejus,
334 969 456 1009 quam
475 956 698 996 cicatricum
720 955 873 1004 harum,
889 956 1012 1007 pudet
1024 955 1262 1008 poenitetque
1268 976 1283 1000 ;
1316 954 1480 1007 quando

60 1026 276 1067 numquam
287 1013 385 1053 mihi
395 1013 658 1066 inpedimento
671 1014 726 1052 ad
741 1012 1024 1065 rempublicam
1037 1013 1131 1052 bene
1142 1012 1358 1066 gerendam
1371 1011 1482 1051 domi

59 1068 400 1125 militioequefuit.
459 1071 556 1124 Ego
577 1068 775 1120 hocjerro
795 1083 898 1122 scepe
917 1075 1101 1109 vexatum
1121 1081 1257 1121 corpus
1275 1074 1384 1108 vetus
1404 1068 1480 1108 mi-

60 1126 115 1167 les
135 1128 448 1168 adolescentibus
466 1127 648 1168 militibus
672 1127 836 1168 ostendi.
901 1125 1039 1166 Galba
1069 1125 1194 1166 nitens
1224 1132 1262 1165 et
1282 1124 1480 1179 integrum

61 1185 245 1226 denudet.
304 1185 521 1235 Revocate,
542 1185 577 1226 si
601 1184 771 1236 videtur,
793 1183 949 1233 tribuni,
972 1184 1027 1223 ad
1055 1180 1301 1238 suffragium
1331 1182 1478 1232 tribus;

61 1255 136 1297 ego
156 1243 211 1283 ad
229 1256 308 1292 vos,
330 1242 487 1295 milites,

558 1301 583 1326 ÷1÷
755 1300 780 1326 εκ
953 1300 978 1324 se

118 1356 220 1397 XL.
255 1358 468 1398 Summam
507 1356 640 1398 omnis
680 1356 833 1413 captivi
873 1356 964 1397 auri
1004 1355 1250 1411 argentique
1289 1353 1478 1396 translati

58 1412 336 1456 ”sestertium
364 1413 512 1454 millies
532 1413 745 1455 ducenties
774 1413 916 1462 fuisse,
940 1412 1129 1453 Valerius
1150 1411 1303 1452 Antias
1324 1410 1476 1452 tradit:

59 1469 94 1495 ⁹⁸
107 1486 203 1526 quae
239 1470 356 1512 haud
394 1470 522 1511 dubie
561 1471 693 1526 major
727 1469 942 1524 aliquanto
975 1484 1136 1509 summa
1168 1468 1203 1492 ⁹⁹
1213 1483 1265 1508 ex
1305 1482 1478 1509 numero

59 1527 343 1583 plaustrorum
372 1526 712 1582 ponderibusque
733 1525 838 1575 auri,
860 1525 1037 1581 argenti,
1057 1523 1286 1580 generatim
1313 1524 1366 1565 ab
1387 1523 1477 1580 ipso

61 1583 239 1640 scriptis,
255 1583 442 1626 efficitur.
504 1583 700 1624 Alterum
722 1589 886 1623 tantum
903 1589 977 1623 aut
998 1581 1039 1621 in
1060 1581 1217 1623 bellum
1238 1580 1475 1636 proximum

585 1688 598 1711 f
611 1693 737 1724 decrevit
752 1692 850 1723 (iton.
866 1691 956 1722 Crev.

104 1805 148 1836 96
171 1805 211 1835 Et
233 1811 277 1841 tu,
291 1807 433 1840 centurio,
450 1805 545 1846 miles]
571 1805 654 1846 Lege
675 1814 746 1834 cum

63 1847 242 1880 Gronovio:
273 1850 313 1878 At
335 1854 379 1885 tu,
399 1849 541 1885 centurio,
563 1849 653 1883 miles,
677 1848 747 1887 quid

60 1897 177 1921 senatus
197 1892 322 1922 decrerit
342 1913 351 1921 .
376 1913 385 1922 .
410 1913 418 1922 .
433 1893 516 1921 audi.
559 1891 599 1921 In
620 1890 656 1921 iis
678 1899 748 1931 quae

61 1939 241 1974 sequuntur,
277 1939 305 1964 et
339 1935 390 1964 hoc
432 1936 527 1965 dicere
569 1945 614 1964 me
652 1935 749 1972 potius

62 1987 149 2016 quam
170 1977 256 2007 illum
278 1978 361 2013 audi,
384 1976 475 2008 facile
502 1981 676 2019 pateremur
700 1986 748 2006 re-

63 2018 125 2050 cidi
154 2019 222 2050 haec
256 2019 361 2054 verba,
389 2020 439 2050 hoc
463 2021 568 2056 dicere,
598 2025 748 2061 tanquam

63 2071 119 2093 nec
135 2062 209 2093 satis
222 2062 317 2097 clara,
332 2068 364 2093 et
378 2061 510 2094 inutilia.

113 2104 154 2135 97
185 2105 354 2135 Sestertium
380 2106 484 2136 millies
510 2104 672 2146 ducenties]
709 2103 748 2134 Id

63 2151 121 2183 est,
149 2147 302 2179 sestertios
337 2148 538 2179 120000000.
570 2146 664 2177 libras
700 2156 749 2177 ar-

63 2189 148 2230 genti
170 2190 273 2232 pondo
295 2190 455 2221 Romanas
477 2191 615 2221 300000.
630 2199 750 2221 marcas

62 2238 214 2264 nostrates
229 2234 368 2265 468750.

105 2276 147 2307 98
173 2276 248 2311 Quae
272 2277 352 2307 haud
377 2277 464 2306 dubie
487 2278 579 2315 major
600 2276 750 2315 aliquanto

63 2319 190 2360 summa]
215 2320 299 2360 Lege
313 2329 384 2350 cum
400 2318 556 2350 Gronovio
575 2330 642 2358 qua.
688 2318 747 2348 Ce-

63 2366 164 2392 terum
186 2361 270 2403 quod
291 2361 342 2393 hic
363 2362 506 2393 observat
528 2361 644 2396 Livius,
665 2370 747 2390 sum-

64 2413 148 2435 mam
177 2414 196 2435 a
222 2404 348 2436 Valerio
373 2404 510 2435 Antiate·
528 2409 668 2435 notatam
690 2402 748 2432 mi-

64 2456 169 2478 norem
186 2446 271 2488 justo
294 2458 371 2483 esse,
391 2447 424 2478 id
447 2447 614 2478 adstruitur
636 2456 675 2476 ex
697 2455 747 2476 ce-

64 2489 138 2520 teris
154 2500 277 2531 quoque
301 2489 509 2532 scriptoribus.
553 2490 600 2520 Ex
624 2489 748 2519 Plutar-

66 2531 135 2568 cho,
156 2538 191 2563 ut
212 2532 316 2564 videre
337 2533 409 2564 licet
434 2533 466 2563 in
485 2532 522 2563 iis
544 2542 614 2573 quae
635 2541 674 2563 ex
696 2530 749 2562 illo

67 2573 230 2617 desumpta
259 2576 442 2607 inseruimus
467 2574 675 2617 supplementi
703 2574 748 2604 lo-

65 2626 114 2652 co,
141 2618 240 2649 solum
264 2629 373 2649 aurum
398 2623 621 2659 argentumque
647 2617 760 2658 signa-

69 2664 134 2689 tum
155 2660 195 2690 ab
215 2660 272 2691 illa
293 2671 414 2692 summa
436 2671 498 2691 non
519 2661 653 2691 multum
674 2659 751 2690 abit.

71 2700 210 2732 Velleius
222 2703 244 2732 l.
260 2703 288 2734 Ι.
310 2704 414 2734 scribit
428 2704 593 2734 AEmilium
613 2703 660 2734 bis
682 2702 751 2732 mil-

69 2743 126 2773 lies
153 2745 268 2775 centies
295 2746 402 2777 aerario
432 2747 584 2777 intulisse.
628 2745 749 2776 Plinius

69 2786 92 2816 l.
108 2785 269 2819 XXXIII.
286 2797 313 2818 c.
327 2789 358 2819 3.
379 2788 428 2819 bis
449 2788 561 2819 millies
577 2787 749 2819 trecenties.

71 2828 122 2859 Sic
136 2829 218 2860 enim
233 2829 397 2871 legendum
413 2841 479 2862 esse
494 2830 652 2863 contendit
666 2831 750 2862 Clar.

71 2870 262 2904 Harduinus.
305 2873 346 2904 Et
370 2883 444 2905 sane
467 2874 634 2905 maximam
657 2873 751 2906 fuisse

789 1804 877 1835 illam
905 1803 1068 1845 pecuniam
1095 1812 1218 1834 necesse
1243 1806 1301 1837 est,
1327 1811 1397 1843 quae
1422 1810 1477 1842 po-

791 1847 864 1889 pulo
891 1847 1036 1878 Romano
1061 1846 1154 1877 finem
1184 1845 1322 1876 attulerit
1347 1843 1477 1874 tributo-

791 1900 870 1925 rum,
886 1895 921 1920 ut
943 1889 1038 1920 habet
1053 1888 1118 1920 Cic.
1133 1889 1155 1919 l.
1170 1889 1218 1919 ΙΙ.
1241 1888 1280 1919 de
1297 1886 1361 1919 Off.
1376 1897 1408 1917 n.
1424 1886 1476 1918 76.

791 1932 841 1964 cui
864 1932 1093 1974 adstipulantur
1122 1931 1242 1962 Plinius
1266 1931 1333 1961 loco
1360 1939 1476 1960 memo-

791 1980 869 2012 rato,
893 1981 925 2006 et
951 1975 1139 2006 Plutarchus
1164 1975 1197 2005 in
1224 1973 1347 2005 Paullo.
1391 1973 1476 2003 Cave

791 2024 896 2049 tamen
921 2024 1021 2049 mutes
1046 2017 1080 2048 in
1102 2017 1190 2056 Livip
1215 2022 1319 2048 notam
1346 2015 1476 2051 numeri,

792 2061 874 2102 quod
911 2061 1009 2092 voluit
1039 2060 1225 2092 Gronovius.
1280 2059 1357 2090 Ideo
1393 2058 1476 2089 enim

791 2104 890 2146 carpit
917 2103 1077 2134 Valerium
1113 2109 1225 2139 noster,
1261 2102 1335 2144 quia
1367 2112 1476 2132 nume-

792 2157 861 2177 rum
887 2156 995 2189 parum
1021 2151 1163 2177 accurate
1188 2150 1328 2177 notatum
1353 2143 1476 2186 judica-

792 2195 847 2220 vit.

836 2233 877 2263 99
903 2232 948 2262 Er
981 2242 1101 2262 numero
1132 2230 1348 2270 plaustrorum]
1402 2229 1476 2260 Non

793 2279 841 2305 est
868 2274 1031 2306 verisimile
1057 2273 1202 2315 plaustris
1230 2283 1338 2303 aurum
1367 2282 1475 2313 argen-

792 2322 920 2359 tumque
945 2322 1173 2348 transvectum:
1204 2326 1260 2346 nec
1286 2315 1330 2346 ita
1351 2315 1476 2345 Plutar-

791 2360 879 2396 chus,
897 2360 950 2401 qui
971 2365 1002 2391 et
1024 2359 1159 2401 signatos
1185 2368 1337 2394 nummos,
1356 2362 1388 2388 et
1409 2368 1474 2388 om-

792 2403 846 2434 nia
866 2413 959 2434 aurea
981 2407 1188 2444 argenteaque
1202 2411 1277 2432 vasa
1290 2401 1330 2432 ab
1344 2400 1475 2431 homini-

790 2446 849 2476 bus
876 2451 997 2487 gestata
1023 2456 1090 2476 esse
1117 2449 1277 2475 memorat.
1329 2444 1412 2484 Ergo
1438 2442 1476 2473 li-

790 2489 899 2520 benter
940 2499 1011 2519 cum
1055 2487 1213 2518 Perizonio
1263 2496 1477 2528 reponeremus

794 2532 1013 2572 Philippeorum
1026 2543 1037 2568 ‚·
1080 2531 1140 2566 vel,
1183 2529 1337 2571 quomodo
1377 2528 1477 2569 magis

792 2574 895 2616 placet
928 2575 998 2606 Jac.
1025 2573 1192 2609 Gronovio,
1221 2573 1273 2612 ph.
1309 2582 1477 2605 aureorum,

792 2628 855 2658 qua
868 2627 905 2648 ex
927 2617 1077 2658 scriptura
1098 2616 1187 2646 facile
1203 2616 1329 2656 vulgata
1350 2623 1476 2644 manare

792 2661 904 2702 potuit.
950 2662 1040 2691 Certe
1075 2659 1217 2699 frequens
1248 2667 1321 2688 usus
1356 2655 1475 2696 Philip-

794 2713 922 2744 peorum
944 2702 1028 2744 apud
1049 2701 1177 2732 Graeeas
1194 2706 1226 2732 et
1242 2699 1397 2731 Asiaticas
1419 2707 1474 2728 na-

791 2747 909 2783 tiones;
947 2745 1091 2786 frequens
1118 2744 1191 2774 item
1221 2752 1325 2773 eorum
1359 2740 1474 2770 mentio

792 2787 824 2818 in
838 2788 1000 2829 triumphis
1014 2797 1090 2829 quos
1105 2784 1243 2817 Romani
1259 2794 1295 2813 ex
1319 2782 1379 2812 illis
1399 2792 1474 2823 gen-

794 2831 876 2862 tibus
895 2836 1034 2871 egerunt.
1057 2829 1131 2861 vid.
1146 2837 1237 2868 supra
1253 2825 1407 2858 XXXIV.
1422 2826 1475 2857 52.

794 2873 972 2905 XXXVII.
988 2874 1040 2905 59.
1054 2870 1210 2904 XXXIX.
1226 2870 1256 2901 5.
1272 2874 1331 2901 etc.

850 2920 923 2957 ΡΞ
