1816 3159
291 112 366 145 314

335 225 448 255 gonem
461 215 561 252 ducit,
577 219 631 252 25,
643 219 696 244 32.
710 215 816 244 lancea
827 214 984 250 trajicitur

333 269 490 299 pugnans,
513 262 564 288 34.
589 260 657 296 ejus
686 268 768 287 mors
796 267 859 286 non
884 258 981 295 magis

335 305 456 337 Romae,
468 311 560 340 quarn
574 303 606 331 in
618 302 787 339 Hispania,
796 302 920 337 defleta,
929 303 982 330 36.

294 350 326 377 P.
352 344 518 376 Cornelius
548 347 579 374 Ρ.
605 346 640 374 F.
666 345 769 382 Scipio
800 348 919 382 patrem
950 345 983 373 in

333 400 440 429 pugna
455 390 493 418 ad
505 388 652 418 Ticinum
676 388 821 426 praesenti
846 388 983 426 periculo

334 434 440 472 eripit,
458 437 513 469 21,
533 434 583 461 46.
609 431 640 459 in
665 440 769 469 pugna
794 432 832 460 ad
856 431 983 459 Cannas

332 478 479 507 tribunus
496 476 631 504 militum
648 475 685 503 de
701 474 822 514 legione
835 475 986 511 secunda,

335 525 389 556 22,
407 524 457 549 53.
474 518 723 556 conjurationem
747 519 869 556 aliquot
894 518 982 547 nobi-

335 565 410 593 lium
424 561 669 591 adolescentium
686 561 723 590 de
738 561 906 590 deserenda
918 561 985 590 Ita-

337 607 377 636 lia
393 605 561 638 disturbat,
581 605 655 633 ibid.

378 653 452 678 ante
468 657 568 677 annos
583 648 616 676 fit
632 647 729 676 aedilis
743 647 872 685 curulis,
886 651 938 683 25,
952 652 981 676 2.

379 696 514 731 quatuor
523 696 555 720 et
566 691 679 730 viginti
688 700 788 720 annos
800 695 906 722 natus,
918 701 982 720 cre-

336 740 407 765 atur
429 745 447 765 a
469 734 585 774 populo
607 735 775 773 proconsul
808 734 841 763 in
866 735 983 772 Hispa-

336 781 434 816 niam,
452 781 505 815 26,
526 783 573 808 18.
590 779 656 815 ejus
680 782 761 807 artes
785 779 823 806 ad
845 778 983 817 paranda

336 824 394 852 sibi
406 822 623 851 multitudinis
633 821 794 859 obsequia,
810 826 856 852 19.
868 819 982 850 milites

336 867 533 901 adhortatur,
548 869 599 894 41.
617 874 680 894 uno
696 865 745 893 die
759 865 982 902 Carthaginem

337 919 448 939 novam
465 909 560 947 capit,
573 911 712 937 42—46.
726 908 805 937 bene
818 908 911 936 'nabet
927 909 982 937 ob-

336 954 416 982 sides
438 953 613 991 HispanOS‚
629 956 679 983 49.
697 961 843 990 sponsam
867 951 984 980 Allucii

336 1001 438 1026 servat
454 996 578 1035 pudice,
594 1005 772 1033 sponsoque
788 994 900 1030 reddit,
916 998 966 1024 50.

378 1049 426 1069 res
442 1039 565 1078 egregie
589 1039 669 1077 gerit
692 1039 723 1066 in
743 1038 911 1076 Hispania,
928 1041 983 1071 27,

340 1088 388 1115 17.
418 1086 445 1111 ct
473 1087 521 1111 18.
549 1082 668 1121 regium
698 1090 826 1118 nomen,
856 1081 914 1110 sibi
945 1081 983 1110 ab

338 1127 490 1165 Hispanis
506 1125 642 1154 delatum
659 1125 782 1161 abnuit,
806 1128 854 1154 19.

382 1179 469 1199 novae
479 1169 545 1206 ejus
558 1169 591 1197 in
604 1168 761 1206 Hispania
769 1167 920 1202 victoriae,
929 1171 982 1201 28,

343 1217 433 1242 1—4.
447 1216 475 1241 et
491 1214 626 1240 12-16.
639 1212 726 1249 pellit
740 1211 896 1249 Hispania
909 1211 984 1239 Car-

338 1256 566 1293 thaginienses,
580 1255 652 1284 ibid.
668 1256 706 1283 ad
723 1254 895 1293 Syphacem
912 1263 982 1283 cum

341 1298 615 1336 quinqueremibus
643 1298 762 1327 duabus
785 1298 914 1334 trajicit,
936 1301 983 1326 17.

337 1341 988 1379 eodemlectoapudSyphacemcumAsdru-

337 1386 407 1414 bale
418 1385 604 1414 accumbens
617 1387 735 1420 coenat,
747 1388 757 1412 1
767 1389 793 1412 S.
803 1384 987 1412 Asdrubalis

337 1430 376 1458 de
391 1438 428 1458 eo
440 1429 606 1466 judicium,
621 1427 696 1457 ibid.
712 1428 827 1456 foedere
843 1437 914 1456 cum
932 1427 987 1465 Sy-

338 1473 436 1510 phace
452 1473 529 1507 icto,
547 1471 626 1500 redit
643 1471 673 1499 in
691 1471 892 1509 Hispaniam,
910 1470 985 1499 ibid.

339 1516 436 1544 sumit
445 1524 554 1553 poenas
564 1514 985 1553 dellliturgitanis‚Castulo-

339 1558 750 1596 nensibus‚Astapensibus,
766 1561 899 1589 19—-23.
911 1558 984 1586 dum

340 1603 425 1642 gravi
435 1602 543 1632 morbo
551 1601 720 1640 implicitus
730 1601 985 1637 decumbit,sedi-

340 1647 385 1675 tio
396 1647 427 1675 in
439 1646 548 1675 castris
557 1645 768 1674 adSucrouem
778 1646 984 1682 oritur,quaru

341 1689 630 1728 sanguinetriginta
639 1688 776 1726 quinque
786 1688 918 1717 maxime
927 1696 983 1716 no-

340 1733 461 1762 xiorum
470 1733 618 1770 expiat‚et
627 1732 884 1769 placat‚24—29.
895 1731 986 1759 Man-

340 1776 469 1805 donium
487 1780 519 1804 et
535 1775 699 1804 Indibilem
718 1775 902 1804 rebellantes
916 1774 984 1802 vin-

341 1820 396 1855 cit,
408 1824 546 1848 32—34.
565 1818 778 1853 Masinissam,
793 1827 896 1847 secum
911 1827 985 1845 con—

339 1872 491 1898 gressum,
506 1862 565 1891 sibi
578 1865 608 1890 et
623 1862 741 1900 populo
755 1862 898 1890 Romano
911 1870 986 1889 con-

339 1906 438 1941 ciliat,
455 1910 509 1935 35.
540 1906 672 1935 Romam
697 1905 787 1938 redit,
804 1909 847 1938 et,
864 1907 987 1933 tentata

340 1949 438 1987 magis
455 1958 508 1986 spe
523 1948 788 1986 triumphi,quam
806 1948 904 1986 petita
921 1956 986 1985 per-

339 1992 497 2025 tinaciter,
514 1992 623 2020 consul
640 1995 775 2026 creatur,
792 1996 844 2020 38.
879 1990 987 2019 Africa

340 2035 367 2063 ei
385 2035 546 2073 provincia
558 2035 743 2068 destinatur,
759 2035 833 2064 ibid.
848 2043 938 2072 super
949 2043 985 2062 ea

341 2088 373 2106 re
388 2079 454 2115 ejus
470 2082 500 2107 et
517 2078 604 2107 Fabii
627 2078 790 2107 contrariae
813 2078 983 2112 orationes,

341 2124 479 2151 40-44.
493 2122 525 2150 in
543 2121 681 2151 Siciliam
697 2121 914 2159 proficiscitur,
931 2123 985 2150 46.

383 2168 539 2194 trecentos
549 2165 680 2201 juvenes
692 2165 850 2193 Romanos
861 2164 985 2202 deligit,

340 2217 417 2245 quos
429 2208 601 2237 Siculorum
612 2208 743 2237 totidem
754 2208 846 2237 armis
855 2211 887 2236 et
899 2207 985 2245 equis

340 2258 444 2287 ornat,
469 2256 523 2287 29,
551 2256 575 2281 1.
599 2261 645 2280 res
670 2251 783 2280 Siciliae
809 2251 983 2289 componit,

339 2294 411 2322 ibid.
443 2294 558 2323 Locros
582 2295 756 2329 advehitur,
773 2297 866 2332 atque
883 2294 924 2322 ibi
943 2294 984 2325 Q.

340 2337 526 2366 Pleminium
541 2338 676 2373 legatum
694 2338 852 2375 relinquit,
867 2342 896 2368 7.
909 2339 936 2364 et
955 2341 984 2366 8.

340 2380 413 2408 hinc
426 2381 600 2410 criminali]
614 2381 803 2420 Scipionem,
816 2385 862 2411 19.
878 2379 982 2416 rebus,

339 2431 403 2450 non
428 2424 541 2457 verbis,
557 2434 588 2453 se
611 2428 737 2463 purgat,
757 2427 806 2451 22.
832 2424 983 2461 profectio

338 2465 405 2502 ejus
435 2467 467 2494 in
500 2468 649 2500 Africam,
675 2471 813 2497 24—27.
839 2467 906 2503 ejus
936 2475 983 2495 res

338 2513 444 2543 gestae,
462 2512 510 2537 28.
531 2514 579 2539 29.
597 2514 624 2538 et
639 2514 778 2539 33—35.

386 2552 524 2581 victoria).
541 2553 577 2580 de
595 2552 733 2590 Syphace
749 2555 779 2581 et
796 2552 981 2588 Asdrubale,

338 2600 394 2632 30,
410 2599 503 2625 3—9.
521 2596 621 2624 oratio
644 2596 711 2632 ejus
727 2596 764 2624 ad
783 2595 981 2624 Masinissam

339 2640 375 2669 de
392 2638 601 2676 Sophonisba,
624 2642 671 2667 14.
689 2647 758 2667 cum
776 2638 933 2666 Annibale
949 2638 982 2666 in

337 2682 526 2719 colloquium
539 2681 751 2719 congreditur,
764 2685 867 2711 ‘zo—3
878 2685 904 2709 1.
916 2681 982 2709 vin-

336 2726 381 2754 cit
409 2724 611 2760 Annibalem,
639 2728 775 2753 32—35.
823 2724 987 2762 Carthagi-

339 2778 408 2797 nem
423 2768 512 2806 petit,
526 2771 578 2797 36.
592 2769 628 2796 ad
653 2777 722 2796 eum
746 2767 837 2804 legati
854 2767 986 2795 Cartha-

339 2812 509 2849 ginienses,
532 2812 603 2840 ibid.
628 2811 828 2840 conditiones
854 2810 938 2848 pacis
966 2819 984 2839 a

340 2854 482 2893 Scipione
500 2855 601 2888 dicta,
619 2859 669 2885 37.
691 2853 819 2890 jubetur
836 2862 852 2882 a
867 2854 984 2892 populo

748 104 926 141 INDEX
957 105 1016 141 IN
1049 104 1093 141 T.
1125 106 1258 142 LIVII

1066 225 1170 254 pacem
1201 217 1273 244 dare
1306 216 1626 253 Carthaginiensibus,
1658 223 1708 246 43.

1066 269 1120 288 cur
1130 269 1190 288 non
1201 260 1296 288 exitio
1308 259 1506 298 Carthaginis
1517 260 1629 289 bellum
1642 261 1708 289 lini-

1066 303 1137 337 erit,
1154 306 1205 330 44.
1230 304 1362 331 Romam
1378 304 1469 336 redit,
1482 303 1667 341 triumphat,
1681 308 1711 333 et

1070 345 1208 374 Africani
1225 355 1398 385 cognomen
1415 347 1573 383 adsciscit,
1590 351 1641 375 45.

1109 391 1232 417 creatur
1247 399 1368 425 censor,
1384 394 1439 422 32.
1457 394 1486 420 7.

1107 440 1216 469 parum
1231 442 1267 462 ex
1283 434 1435 471 dignitate
1452 433 1558 471 populi
1574 433 1710 461 Romani

1068 484 1134 503 esse
1149 476 1247 512 ducit,
1265 477 1453 505 Annibalem
1471 476 1623 514 pervicaci
1639 477 1711 506 odio

1066 518 1221 557 persequi,
1239 523 1292 551 33.
1311 524 1362 550 47.

1109 562 1217 590 consul
1234 562 1361 599 iterum,
1373 567 1428 597 34,
1440 566 1489 590 42.
1504 561 1646 600 princeps
1663 571 1710 591 se-

1067 608 1160 634 natus
1184 606 1294 639 lectus,
1312 611 1363 636 44.
1380 606 1500 645 legatus
1524 605 1662 634 mittitur
1678 606 1711 634 in

1067 648 1216 681 Africam,
1232 651 1284 678 62.

1110 692 1175 729 ejus
1188 701 1257 721 cum
1272 692 1428 721 Annibale
1440 692 1641 730 colloquium.
1655 696 1710 730 35,

1070 738 1119 764 14.

1109 788 1140 807 sc
1157 779 1293 817 legatum
1310 788 1379 807 cum
1397 778 1490 807 fratre
1507 779 1540 806 in
1557 779 1710 807 Graeciam

1067 820 1184 850 iturum
1201 822 1378 860 pollicetur,
1397 826 1450 856 37,
1469 826 1496 851 1.
1515 822 1662 850 fornicem
1678 823 1709 850 in

1068 865 1238 902 Capitolio,
1251 875 1320 893 cum
1338 865 1435 901 signis
1453 868 1569 903 septem
1583 866 1712 900 auratis,

1068 908 1188 937 duobus
1210 909 1296 946 equis
1311 911 1342 936 et
1359 917 1534 937 marmorea
1549 908 1610 936 duo
1628 909 1713 937 labra

1068 955 1141 980 ante
1156 952 1320 988 fornicem,
1331 952 1435 989 pouit,
1450 956 1481 980 3.
1498 952 1564 989 ejus
1581 951 1617 980 ad
1635 953 1711 980 Pru-

1070 995 1159 1030 siam,
1175 994 1332 1033 Bithyniae
1345 1004 1460 1032 regem,
1472 994 1583 1030 literae,
1598 994 1711 1032 quibus

1068 1047 1138 1066 eum
1156 1038 1193 1066 ad
1209 1038 1343 1067 concilia
1358 1038 1442 1076 pacis
1459 1041 1596 1074 revocat,
1613 1041 1664 1067 25.
1678 1039 1712 1068 P.

1069 1081 1231 1110 Cornelius
1241 1081 1356 1120 Scipio,
1368 1082 1441 1119 quia
1451 1079 1552 1110 Salius
1563 1085 1641 1117 erat,
1651 1082 1713 1110 dis-

1066 1124 1196 1161 junctus
1224 1125 1262 1154 ab
1285 1126 1434 1161 exercitu,
1460 1129 1511 1154 33.
1535 1124 1602 1162 ejus
1630 1125 1711 1154 filius

1068 1168 1149 1205 apud
1167 1168 1360 1197 Antiochum
1377 1168 1533 1206 captivus,
1551 1172 1604 1198 34.
1628 1168 1712 1196 Afri-

1069 1211 1136 1239 cani
1149 1211 1287 1240 animum
1299 1214 1404 1240 tentat
1415 1212 1535 1250 legatus
1549 1211 1714 1248 Antiochi,

1068 1256 1120 1282 36.
1157 1263 1340 1292 responsum
1370 1255 1527 1291 egregium
1560 1254 1712 1289 Africani,

1069 1296 1138 1324 ibid.
1163 1297 1229 1334 ejus
1252 1298 1349 1326 filium
1380 1298 1512 1326 remittit
1534 1297 1713 1327 Antiochus

1070 1344 1122 1370 37.
1137 1341 1300 1378 respondet
1313 1341 1422 1378 legatis
1439 1341 1601 1376 Antiochi,
1612 1342 1713 1379 iisque

1072 1384 1242 1421 praescribit
1257 1384 1450 1413 conditiones
1465 1384 1560 1422 pacis,
1574 1388 1628 1413 45.

1114 1427 1257 1465 princeps
1269 1427 1301 1455 in
1318 1431 1428 1456 senatu
1443 1427 1572 1456 tertium
1587 1427 1713 1466 legitur,

1070 1473 1127 1506 38,
1137 1474 1186 1498 28.
1196 1476 1359 1499 accusatur
1369 1480 1385 1499 a
1394 1471 1529 1499 tribunis
1538 1470 1649 1509 plebis,
1664 1474 1714 1499 50.

1071 1522 1103 1541 se
1119 1513 1259 1542 defendit
1275 1514 1342 1542 sola
1357 1514 1653 1543 commemoratione
1669 1524 1714 1542 re-

1071 1566 1139 1585 rum
1159 1561 1327 1594 gestarum,
1345 1558 1416 1586 ibsd.
1435 1558 1583 1596 populum
1601 1557 1639 1586 ab
1657 1557 1712 1586 tri-

1072 1600 1166 1628 bunis
1190 1601 1315 1629 abducit
1332 1610 1434 1629 secum
1455 1601 1489 1629 in
1506 1601 1711 1639 Capitolium,

1071 1644 1108 1671 ad
1124 1644 1241 1680 gratias
1254 1644 1322 1673 Diis
1339 1645 1473 1681 agendas
1488 1653 1544 1682 pro
1559 1644 1678 1683 egregie
1695 1653 1714 1672 a

1071 1696 1103 1715 se
1117 1691 1206 1724 gesta
1221 1687 1389 1725 republica,
1403 1691 1454 1716 51.
1466 1689 1497 1716 in
1515 1687 1714 1717 Literninum

1070 1731 1228 1766 concedit,
1244 1734 1295 1759 52.
1312 1731 1426 1759 citatus
1442 1731 1565 1766 absens,
1579 1740 1643 1759 non
1660 1731 1713 1759 ad-

1070 1777 1129 1807 est,
1146 1774 1216 1802 ibid.
1236 1774 1382 1809 Gracchi,
1398 1774 1516 1803 tribuni
1533 1774 1643 1811 plebis,
1660 1775 1712 1802 de-

1071 1821 1189 1846 cretum
1221 1817 1252 1844 in
1284 1817 1415 1855 gratiam
1447 1817 1614 1855 Scipionis,
1641 1817 1711 1844 ibid.

1070 1860 1210 1888 Africani
1234 1860 1350 1896 laudes,
1367 1864 1420 1889 53.
1436 1869 1529 1892 mors,
1547 1864 1599 1888 54.
1616 1860 1652 1888 (le
1676 1869 1712 1889 eo

1070 1904 1201 1932 obscura
1210 1903 1351 1935 historia.
1365 1905 1415 1932 56.
1427 1904 1494 1940 ejus
1510 1906 1616 1932 statua
1627 1906 1714 1932 extra

1070 1950 1191 1985 portam
1209 1947 1380 1984 Capenam,
1398 1947 1468 1974 ibid.

1113 1999 1174 2027 quo
1191 1998 1275 2018 anno
1291 1988 1456 2018 mortuus?
1483 1994 1537 2025 39,
1554 1994 1605 2018 52.

1027 2035 1061 2063 P.
1078 2033 1239 2062 Cornelius
1256 2033 1372 2072 Scipio,
1387 2032 1469 2061 filius
1486 2033 1639 2069 Africani,
1656 2041 1711 2062 au—

1071 2086 1128 2115 gur
1139 2080 1303 2114 cooptatur
1312 2078 1343 2105 in
1353 2074 1457 2105 locum
1469 2076 1590 2111 Albini,
1601 2080 1713 2112 40,42.

1029 2122 1062 2151 P.
1081 2120 1352 2158 CorneliusScipio
1366 2119 1546 2156 Africanus,
1556 2119 1638 2148 filius
1656 2128 1712 2148 na-

1071 2163 1181 2192 turalis
1195 2163 1231 2192 L.
1246 2162 1533 2200 Paulli,adoptione
1545 2162 1655 2200 prioris
1665 2163 1709 2191 A-

1071 2206 1180 2236 fricani
1196 2215 1303 2244 nepos,
1315 2206 1480 2244 septimum
1491 2206 1641 2235 decimum
1656 2215 1710 2234 an-

1070 2259 1145 2278 num
1156 2258 1263 2288 agenS,
1272 2250 1304 2278 in
1313 2258 1429 2288 pugna,
1441 2257 1502 2286 qua
1511 2248 1708 2277 Perseusvic-

1070 2296 1121 2321 tus
1135 2298 1194 2328 est,
1204 2291 1299 2322 effuse
1311 2292 1451 2330 sequitur
1461 2292 1578 2327 hostes,
1589 2295 1644 2324 44,
1658 2296 1711 2321 44.

1048 2351 1091 2359 —·
1103 2336 1249 2364 tribunus
1258 2336 1391 2365 militum
1402 2339 1631 2373 provocatorem
1641 2334 1712 2363 bar-

1069 2379 1178 2408 barum
1202 2380 1326 2412 occidit,
1349 2379 1435 2417 Epit.
1451 2382 1504 2407 48.
1528 2377 1600 2407 Cos.
1624 2378 1710 2415 Epit.

1070 2427 1121 2451 50.
1142 2423 1315 2460 triumphat
1334 2422 1371 2451 de
1398 2420 1597 2455 Carthagine,
1624 2421 1711 2459 Epit.

1070 2470 1120 2494 52.
1145 2469 1287 2494 mortuus
1315 2466 1347 2493 in
1375 2463 1518 2494 cubiculo
1543 2464 1708 2500 inventus,

1069 2509 1155 2547 Epit.
1172 2513 1221 2538 59.

1026 2551 1061 2580 Ρ.
1079 2551 1241 2580 Cornelius
1259 2551 1316 2578 Cn.
1335 2549 1369 2577 F.
1388 2548 1502 2585 Scipio,
1520 2549 1710 2585 adolescens,

1069 2595 1208 2623 nondum
1222 2592 1419 2631 quaestorius»,
1431 2593 1539 2621 Romae
1551 2592 1712 2628 judicatur

1068 2637 1116 2666 vir
1127 2637 1279 2666 bonorum
1291 2635 1440 2674 optimus,
1453 2639 1507 2671 29,
1525 2639 1572 2664 14.
1587 2635 1711 2664 obviam

1069 2680 1094 2708 it
1107 2679 1199 2708 Matri
1211 2678 1313 2708 Deum
1327 2688 1398 2708 cum
1411 2679 1573 2711 matronis,
1588 2678 1656 2706 ibid.
1672 2679 1709 2707 ad

1069 2722 1446 2761 supplendumVenusinis
1457 2722 1638 2750 colonorum
1652 2730 1709 2749 nu-

1068 2775 1200 2799 merum,
1214 2765 1356 2794 triumvir
1368 2768 1502 2800 creatur,
1511 2768 1624 2800 31,49.
1635 2764 1708 2792 aedi-

1069 2810 1106 2837 lis
1129 2809 1259 2843 curulis,
1276 2813 1331 2843 33,
1355 2813 1406 2838 25.
1428 2811 1554 2846 praetor,
1578 2811 1633 2840 34,
1656 2811 1708 2836 42.

1069 2852 1198 2881 sortitur
1211 2852 1400 2890 Hispaniam
1413 2851 1601 2886 ulteriorem,
1614 2854 1664 2879 43.
1677 2850 1708 2879 in
