1826 3149
259 64 308 97 84
785 58 924 97 TITI
967 57 1142 96 LIVII

50 174 226 207 U.C.5t31.
262 169 386 211 Duas
400 168 496 210 inde
517 183 567 210 ex
596 168 758 227 agmine
791 177 950 210 turmas
984 168 1214 216 Thracum,
1236 165 1341 206 duas
1377 164 1672 218 Macedonum,

47 219 87 290 ἓῗ
102 218 227 277 Cgm·
261 241 356 268 cum
370 226 483 269 *binis
506 225 767 267 Cretensium
799 225 1040 279 cohortibus
1061 233 1102 266 et
1125 223 1355 278 Thracum,
1378 221 1500 263 misit.
1563 222 1678 263 Proe-

47 267 202 346 Plfgfiffi‘,
262 283 377 334 lium,
395 298 528 340 quum
548 298 668 340 pares
688 297 860 323 numero
881 290 1030 331 essent,
1047 296 1182 336 neque
1203 281 1255 321 ab
1276 279 1353 320 hac
1374 287 1446 321 aut
1469 279 1540 319 illa
1559 286 1678 335 parte

262 355 368 381 nova
388 340 543 381 auxilia
575 338 856 388 subvenirent,
878 338 1035 380 incerta
1054 337 1227 378 victoria
1258 336 1423 378 finitum
1456 344 1529 378 est.
1591 336 1680 376 Eu-

261 397 390 449 menis
411 397 540 438 ferme
561 396 735 452 triginta
754 395 986 443 interfecti;
1031 394 1138 436 inter
1159 409 1265 450 quos
1287 393 1558 449 Cassignatus
1589 392 1679 444 dux⁴

264 453 482 495 Gallorum
515 453 674 494 cecidit.
706 460 747 494 et
770 460 869 493 tunc
902 452 1073 508 quidem
1096 452 1272 492 Perseus
1293 451 1347 492 ad
1370 450 1591 506 Sycurium
1613 464 1679 489 co-

272 511 350 552 ]ias
379 510 560 552 reduxit.
592 516 759 566 postero
789 509 856 551 die
886 509 994 551 circa
1023 508 1210 550 eamdem
1239 508 1384 548 horam
1414 508 1456 548 in
1486 506 1681 547 eumdem

261 524 399 609 locum
429 582 502 608 rex
524 566 662 623 copias
683 566 883 617 admovit,
904 566 1102 622 plaustris
1131 580 1228 606 cum
1256 579 1368 620 aqua
1397 563 1678 619 sequentibus.

262 639 358 667 nam
399 624 618 666 duodecim
661 623 837 665 millium
879 638 1078 679 passuum
1109 622 1177 663 via
1205 622 1338 664 omnis
1369 621 1454 662 sine
1484 636 1608 676 aqua,
1639 628 1682 660 et

262 680 430 738 plurimi
491 680 645 722 ulveris
685 688 797 722 erat:
845 681 1115 736 adfectosque
1137 680 1219 730 siti,
1251 678 1283 720 si
1313 677 1487 735 9³primo
1517 677 1559 718 in
1589 691 1684 717 con-

263 746 406 793 speetu
447 696 725 787 dimicassent,
765 746 1027 794 pugnaturos
1066 736 1193 778 fuisse
1228 736 1468 792 adparebat.
1542 735 1687 786 Quum-

265 794 442 835 Romani
474 794 700 850 quiessent,
728 794 976 836 stationibus
1006 794 1130 835 etiam
1161 794 1271 835 intra
1299 793 1455 834 vallum
1486 790 1684 841 reductis,

265 851 364 906 regii
386 866 555 907 quoque
576 851 618 893 in
640 860 773 894 castra
806 851 994 892 redeunt.
1057 852 1151 891 Hoc
1172 866 1246 906 per
1279 851 1439 906 aliquot
1460 848 1547 890 dies
1579 847 1686 899 fece-

264 916 378 958 runt,
402 917 612 966 sperantes
637 909 740 957 fore,
763 917 811 950 ut
843 907 1022 949 Romani
1052 907 1213 963 equites
1243 907 1486 948 abeuntium
1517 904 1689 946 novissi-

263 980 378 1006 mum
419 981 567 1022 agmen
608 965 950 1021 adgrederentur.
1003 964 1099 1006 inde
1139 965 1361 1006 certamine
1403 972 1510 1015 orto,
1552 977 1686 1019 quum

264 1021 429 1086 longius
450 1038 475 1063 a
495 1023 639 1064 eastris
659 1038 728 1063 eos
761 1022 1010 1073 elicuissent‚
1032 1022 1166 1073 facile,
1189 1022 1338 1063 ubiubi
1360 1028 1509 1071 essent,
1532 1035 1588 1071 se,
1610 1020 1684 1076 qui

265 1087 457 1136 equitatu
478 1087 520 1120 et
540 1079 620 1120 levi
637 1088 849 1121 armatura
869 1079 964 1135 plus
984 1087 1167 1135 possent,
1189 1093 1459 1119 conversuros
1480 1077 1620 1118 aciem.

322 1134 497 1177 LVIII.
523 1137 753 1192 Postquam
784 1136 997 1192 inceptum
1028 1151 1110 1177 non
1141 1136 1403 1184 succedebat,
1426 1143 1562 1176 castra
1591 1150 1685 1190 pro-

264 1192 359 1248 pius
379 1193 540 1235 hostem
560 1192 690 1234 movit
712 1208 800 1243 rex,
822 1202 861 1234 et
885 1209 910 1234 a
936 1192 1122 1248 quinque
1143 1192 1326 1234 millibus
1348 1207 1545 1248 passuum
1579 1207 1688 1242 com-

266 1250 427 1292 muniit.
460 1250 570 1301 inde,
592 1249 683 1291 luce
715 1250 849 1306 prima
879 1249 922 1291 in
955 1250 1114 1300 eodem,
1137 1265 1222 1305 quo
1255 1249 1426 1301 solebat,
1450 1249 1539 1289 loeo
1570 1249 1693 1304 pedi.

50 1313 182 1361 Perseus
265 1314 357 1348 tum
379 1307 464 1347 acie
486 1307 701 1357 instructa,
725 1307 960 1362 equitatum
993 1322 1155 1348 omnem
1181 1307 1397 1363 levemque
1429 1315 1692 1352 armaturam,

51 1361 227 1429 ⁰⁸⁷11¹¹t³t¹¹¹¹23
266 1363 319 1404 ad
340 1372 475 1404 castra
494 1364 677 1405 hostium
711 1363 839 1404 ducit.
901 1363 1025 1404 Visus
1046 1372 1086 1404 et
1108 1363 1293 1419 plurium
1315 1372 1356 1405 et
1376 1364 1545 1420 propior
1567 1364 1688 1406 solito

52 1409 236 1472 {³222}anss
264 1419 402 1476 pulvis
438 1420 754 1476 trepidationem
785 1420 827 1460 in
857 1419 1001 1461 eastris
1038 1421 1237 1461 Romanis
1272 1420 1382 1462 fecit.
1463 1422 1521 1462 Et
1552 1421 1687 1476 primo

54 1485 127 1515 tium
146 1484 241 1515 ducit.
266 1477 335 1518 vix
368 1477 573 1518 creditum
606 1477 820 1518 nuncianti
854 1485 929 1527 est,
952 1476 1052 1532 quia
1083 1477 1291 1533 prioribus
1312 1477 1520 1518 continuis
1539 1477 1696 1525 diebus,

266 1549 510 1590 numquam,
528 1543 623 1575 ante
644 1534 789 1575 horam
811 1542 1003 1589 quartam
1024 1534 1155 1575 hostis
1182 1534 1445 1590 adparuerat.
1478 1543 1569 1576 tum
1592 1535 1688 1576 solis

265 1599 382 1632 ortus
403 1599 502 1632 erat.
566 1591 728 1631 Deinde
750 1598 798 1632 ut
814 1590 1000 1646 plurium
1017 1591 1193 1631 elamore
1214 1600 1255 1632 et
1276 1607 1401 1632 cursu
1418 1607 1442 1632 a
1457 1592 1588 1647 portis
1610 1592 1687 1633 du-

266 1647 413 1688 bitatio
446 1656 611 1688 exeinta
644 1656 720 1697 est,
743 1647 952 1688 tumultus
984 1647 1128 1703 ingens
1149 1648 1349 1688 oboritur.
1382 1648 1556 1699 tribuni,
1578 1664 1698 1704 prae-v

266 1704 462 1760 fectique,
484 1712 525 1745 et
546 1703 805 1745 centuriones
826 1704 868 1744 in
888 1704 1158 1759 praetorium,
1192 1704 1308 1745 miles
1329 1704 1383 1746 ad
1405 1720 1480 1746 sua
1507 1705 1686 1761 quisque

269 1760 444 1801 tentoria
464 1760 671 1802 discurrit.
734 1760 879 1801 Minus
912 1760 1162 1816 quingentos
1194 1776 1339 1817 passus
1360 1777 1384 1802 a
1404 1762 1513 1803 vallo
1534 1762 1688 1805 instru-

267 1826 384 1859 xerat
408 1818 583 1858 Perseus
605 1834 699 1858 suos
720 1818 829 1858 circa
854 1817 1082 1869 tumulum,
1105 1834 1230 1874 quem
1254 1818 1501 1860 Callicinum
1522 1829 1684 1869 vocant.

268 1874 400 1915 Laevo
429 1889 558 1915 cornu
587 1876 717 1931 Cotys
748 1890 819 1915 rex
850 1883 1030 1930 praeerat
1059 1890 1155 1916 cum
1185 1875 1377 1916 omnibus
1408 1891 1493 1916 suae
1521 1876 1683 1932 gentis:

266 1931 456 1986 equitum
477 1930 640 1971 ordines
662 1931 762 1972 levis
783 1940 994 1973 armatura
1014 1931 1258 1988 interposita
1273 1931 1569 1988 distinguebat.
1633 1935 1685 1975 In
1734 1985 1738 1989 ,

267 1987 415 2028 dextro
436 2002 564 2028 cornu
588 1988 840 2029 Macedones
861 1997 977 2030 erant
998 1988 1176 2044 equites:
1209 1989 1438 2030 intermixti
1455 1990 1686 2038 turmiseo÷

267 2059 359 2085 rum
384 2045 612 2085 Cretenses.
672 2044 705 2068 94
714 2045 828 2086 Huic
849 2054 1073 2087 armaturae
1101 2046 1208 2086 Milo
1231 2047 1457 2098 Beroeaeus,
1472 2047 1695 2103 equitibus,

267 2109 307 2142 et
325 2115 498 2142 summae
514 2100 643 2156 partis
660 2102 749 2159 ejus
767 2104 895 2144 Meno
913 2103 1211 2159 Antigonensis
1227 2112 1415 2159 praeerat.
1457 2103 1490 2127 ⁹⁵
1499 2104 1685 2153 Proximi

267 2157 460 2199 cornibus
481 2158 749 2201 constiterant
770 2159 872 2215 regii
893 2159 1069 2215 equites,
1091 2169 1131 2201 et
1152 2160 1332 2202 mixtum
1356 2176 1502 2217 genus,
1525 2161 1697 2209 delecta,

267 2214 451 2271 plurium
483 2215 671 2271 gentium
704 2217 883 2258 auxilia:
928 2216 1182 2258 ⁹⁶Patrocles
1204 2217 1501 2273 Antigonensis
1533 2218 1618 2259 hiec
1642 2227 1695 2265 et.

270 2271 449 2330 Paeoniae
470 2271 695 2328 praefectus
718 2273 850 2315 Didas
872 2282 989 2326 erant
1019 2273 1244 2330 praepositi.
1307 2274 1478 2316 Medius
1497 2274 1698 2323 omnium,

881 2377 895 2394 c
912 2374 954 2403 his
971 2373 1063 2405 Crev.

309 2473 350 2503 93
359 2474 383 2500 *-
390 2473 489 2504 Primo
505 2475 535 2503 ιή
551 2475 715 2515 ωηψεσιιι]
732 2475 843 2511 Statim
860 2481 954 2517 atque
998 2482 1064 2507 erat
1078 2476 1139 2507 levi
1155 2481 1319 2507 armaturae
1336 2476 1540 2507 Cretensium.
1585 2477 1684 2519 Equi-

268 2515 362 2546 hostis
390 2522 574 2558 conspectus
602 2523 677 2547 erat.
735 2518 786 2547 Ad
818 2529 953 2560 pugnam
999 2519 1081 2549 tibus
1108 2524 1239 2560 praeerat
1268 2519 1366 2549 Meno
1392 2519 1624 2560 Antigonensis,
1652 2527 1683 2551 et

266 2558 315 2588 ‹lie
340 2559 476 2600 proxime
499 2559 685 2600 praeeedenti
707 2559 810 2591 affecti
835 2561 953 2592 sitive-
998 2561 1122 2603 insuper
1147 2571 1298 2592 summam
1320 2562 1440 2603 imperii
1463 2562 1495 2591 in
1511 2562 1569 2593 hac
1584 2569 1683 2605 parte,

266 2601 394 2637 nissent‚
419 2601 444 2631 si
473 2601 576 2632 statim
607 2608 700 2643 atque
730 2611 955 2644 conspexerant
998 2604 1029 2634 id
1045 2610 1102 2641 est,
1117 2604 1148 2634 in
1164 2604 1270 2634 dextro
1285 2614 1390 2640 cornu,
1407 2605 1554 2641 habebat.

267 2643 385 2675 hostem
401 2643 609 2687 dimicassent.
655 2643 802 2676 Ceterum
823 2657 883 2677 non
899 2657 951 2676 ex-
1038 2642 1250 2678 95'*Pr0;1<imi
1279 2648 1426 2689 cornibus]
1457 2648 1602 2689 Intellige
1628 2649 1699 2695 hos.x

264 2686 361 2726 plicat
389 2687 505 2724 Livius,
529 2698 582 2717 eur
604 2692 658 2718 aut
681 2688 763 2719 unde
787 2688 880 2725 sitim,
905 2689 951 2719 in-
995 2689 1111 2720 locatos
1135 2690 1227 2720 fuisse
1249 2687 1329 2720 inter
1354 2699 1468 2721 cornua
1494 2695 1526 2721 et
1547 2692 1694 2730 mediam*

265 2729 393 2760 tervallo
408 2731 500 2766 facto,
514 2727 666 2761 levarim-²
997 2732 1107 2769 aciem,
1124 2733 1155 2762 in
1170 2743 1232 2774 qua
1246 2743 1297 2763 rex
1313 2738 1390 2773 erat.
1596 2732 1598 2736 “
1618 2730 1620 2733 ’

307 2772 347 2801 94
379 2773 457 2802 Huic
479 2770 652 2813 armatum]
678 2773 771 2809 Milo,
797 2773 862 2804 sive
888 2773 952 2806 Mi-
1048 2776 1090 2806 96
1121 2767 1268 2817 Patrocles
1297 2777 1499 2818 Antigonensis
1534 2777 1607 2819 Ιιῑέ]1
1631 2777 1698 2817 Ξῄς,Ξ

265 2812 336 2851 don,
353 2814 396 2844 sic
421 2815 502 2846 enim
525 2812 597 2847 olim
621 2816 671 2847 hic
687 2813 953 2858 legebatur‚'prae-
993 2817 1160 2863 j¹RSS‚i‡‚less‘i
1177 2813 1359 2861 Gronovius.
1405 2819 1580 2861 Vulgo—hiq-

1004 2869 1009 2879 .
