1831 3194
522 71 905 110 insTOmARUM
942 69 1148 106 mneos
1469 78 1543 116 937

164 186 320 221 exclusus,
338 184 416 212 redit
433 184 464 212 in
483 183 650 217 Euboeam,
672 187 718 212 12.
737 183 761 211 it
780 183 811 210 in

164 229 325 263 Aitolium,
336 228 405 256 dein
416 227 448 254 in
461 226 574 255 saltum
584 226 809 264 Thermopyla-

165 281 247 307 rum,
272 276 318 300 15.
336 271 465 300 caeditur
480 270 518 298 ab
536 270 594 298 Μ’.
613 270 715 298 Acilio
732 270 808 298 Gla·

166 315 289 351 brione,
312 313 451 346 consule,
480 317 527 343 19.
552 313 619 349 ejus
646 317 751 342 statua
778 313 811 340 in

166 359 284 396 templo
308 358 458 386 Minerva:
484 356 607 388 Itoniae.
626 360 676 386 20.
695 356 814 393 trajicit-

167 403 199 430 in
217 402 337 436 Asiam,
350 404 400 429 21.
417 400 484 437 ejus
502 400 664 437 securitas,
678 404 729 429 41.
748 409 815 429 mo·

168 449 260 474 netur
274 445 312 473 ab
328 443 499 479 Annibale,
516 443 589 471 ibid.

209 491 330 526 reparat
343 488 484 522 classem,
500 490 532 515 et
547 487 717 516 exercitum
731 496 814 515 com-

166 536 268 569 purat,
291 536 346 566 37,
371 536 398 559 8.
423 530 490 568 agit
516 532 553 559 de
580 540 666 568 pace,
690 540 758 568 quae
788 531 815 558 ei

167 579 309 610 negatur,
334 578 380 604 19.
407 575 509 612 plures
534 575 625 603 urbes
649 574 744 612 capit,
764 577 814 601 21.

166 618 319 650 Prusiam,
352 618 511 656 Bithyni-«e
550 627 666 656 regem,
699 618 816 646 frustra

165 661 323 690 concitare
339 666 472 691 conatur
489 661 526 690 ad
545 662 672 697 bellum,
692 664 742 690 25.
760 671 815 699 op-

165 709 287 743 pugnat
304 705 538 743 Colophonem,
557 708 608 734 26.
625 705 691 741 ejus
709 705 816 733 classis

164 749 303 776 vincitur
318 748 356 777 ab
374 748 513 784 AEmilio,
529 752 582 778 30.
599 748 712 777 deserit
730 748 818 787 Lysi-

164 792 331 827 machiam,
343 795 375 820 et
389 792 552 821 contrahit
567 792 687 830 copias,
705 796 757 821 31.
775 792 817 820 le-

164 838 253 870 gatos
265 836 302 864 ad
314 835 490 874 Scipionem
502 835 602 864 mittit
614 836 651 864 de
665 845 753 874 pace,
765 839 819 865 34.

164 878 249 907 filius
274 879 415 908 Africani
438 879 581 917 captivus
605 880 686 917 apud
703 879 817 908 Antio-

165 922 273 958 chum,
293 923 365 952 ibid.
384 923 518 952 remittit
542 923 639 951 filiurn
662 923 818 958 Africani,

165 969 217 995 37.
236 966 416 999 retrocedit,
433 971 464 994 et
481 970 583 995 castra
606 967 723 1002 munit,
744 966 818 994 ibid.

854 180 1002 215 Antium,
1018 184 1049 216 2,
1064 185 1116 208 33.
1137 180 1210 209 urbs
1227 183 1479 221 opulentissima,
1497 190 1547 214 63.

899 223 1024 253 deditur
1054 223 1221 261 Romanis,
1250 228 1302 255 65.
1331 227 1403 256 urbs
1437 230 1549 262 valida.

900 270 932 301 6,
951 272 982 298 9·

857 311 990 339 Antium
1003 309 1312 348 coloniadeducitur‚
1325 317 1358 348 3,
1378 317 1402 341 1.
1418 314 1551 343 Antium

900 353 1025 383 colonia
1048 359 1205 392 suspecta,
1223 359 1254 385 4.
1270 365 1306 384 eo
1331 365 1413 385 nova
1429 358 1554 387 colonia

901 398 1009 433 missa,
1028 401 1059 434 8,
1076 401 1128 426 14.

860 441 1008 470 Antiates
1019 441 1135 469 bellum
1148 441 1288 470 inferunt
1300 442 1464 474 Romanis.
1478 447 1509 475 6,
1520 447 1549 472 (5.

904 485 1086 518 vincuntur,
1103 489 1130 513 8.
1146 486 1265 514 dedunt
1280 495 1312 514 se
1324 487 1489 523 Romanis,
1503 493 1555 516 33.

904 528 1058 557 Satricum
1083 529 1238 558 coloniam
1263 529 1436 566 deducunt,
1456 535 1487 565 7,
1505 535 1557 561 27.

904 573 981 600 duce
1000 571 1123 599 Antiati
1148 572 1278 610 populo,
1296 573 1486 603 Volscorum
1506 584 1556 602 cx-

904 615 1019 644 ercitus
1037 616 1180 644 consedit
1196 616 1232 644 ad
1252 616 1421 653 Satricum,
1438 622 1467 649 Β,
1489 621 1513 646 1.
1525 619 1555 645 in

904 668 1012 697 agrum
1026 658 1202 688 Ostiensem
1213 661 1411 688 excursiones
1426 661 1557 696 faciunt,

908 706 956 730 12.
976 711 1069 730 naves
1086 703 1267 731 Antiatium
1288 703 1418 738 abactae,
1435 714 1558 733 earum-

905 754 964 784 que
982 745 1089 773 rostris
1107 751 1288 785 suggestum
1316 747 1348 775 in
1376 749 1444 777 foro
1469 748 1558 777 ador-

906 792 1029 824 natum,
1051 793 1099 818 14.

951 832 1137 861 Antiatibus
1154 833 1218 861 dati
1243 833 1280 861 ad
1300 833 1374 870 jura
1390 835 1560 864 statuenda

907 875 1004 914 ipsius
1023 876 1154 904 coloniae
1171 876 1308 914 patroni,
1326 880 1358 913 9,
1380 880 1429 906 20.

949 919 1090 948 Antiatis
1104 920 1212 958 populi
1225 920 1347 948 vacatio
1364 920 1559 955 observatur,

908 967 962 998 27,
975 967 1027 992 38.
1041 963 1154 992 eisdem
1170 968 1302 1002 negatur
1313 964 1437 992 vacatio
1450 965 1492 993 rei
1506 974 1560 994 na-

165 1009 232 1045 ejus
251 1009 345 1045 acies,
364 1014 419 1040 39.
431 1014 483 1038 40.
501 1010 652 1045 vincitur,
670 1014 700 1038 et
717 1014 820 1038 castra
908 1006 998 1041 valis,
1015 1008 1070 1042 36,
1086 1011 1118 1036 3.

165 1052 299 1088 amittit,
314 1057 364 1082 43.
381 1053 464 1090 sugit
481 1053 513 1081 in
528 1054 670 1091 Lydiam,
683 1057 734 1082 44.
747 1054 820 1082 mit-
866 1049 918 1088 Sp.
933 1049 1064 1086 Antius,
1073 1047 1195 1087 legatus
1205 1050 1483 1087 Romanus,jussu
1497 1051 1560 1080 To-

165 1096 207 1124 tit
220 1096 257 1124 ad
270 1096 448 1133 Scipionem
463 1097 582 1134 legatos
597 1098 635 1125 ad
649 1106 754 1134 pacem
768 1107 821 1135 pe.
909 1093 1021 1121 lumnii
1039 1093 1247 1130 i11teriicitul‘5
1270 1094 1297 1121 ei
1316 1098 1421 1122 statua
1437 1095 1560 1132 publice

166 1140 306 1175 tendam,
323 1144 374 1169 45.
393 1149 485 1177 quam
503 1140 664 1178 impetrat,
682 1144 734 1169 55.
908 1137 941 1164 in
959 1136 1082 1164 Rostris
1098 1136 1214 1174 posita,
1231 1140 1262 1169 4.
1284 1140 1333 1167 17.

209 1182 335 1211 foederis
363 1192 434 1212 cum
458 1183 621 1213 Antiocho
646 1185 740 1221 leges,
766 1186 820 1218 38,
865 1179 905 1209 A.
919 1180 1094 1215 Antonius,
1111 1180 1232 1217 legatus
1243 1180 1280 1208 ad
1291 1181 1449 1216 Perseum,
1464 1185 1516 1215 45,
1532 1185 1563 1210 4.

166 1230 220 1254 38.
867 1224 902 1251 C.
919 1223 1096 1259 Antonius,
1112 1223 1172 1251 vsd.
1190 1224 1275 1261 Epit.
1297 1227 1368 1253 103.
1389 1228 1460 1253 llO.

123 1268 318 1303 Antiochus,
335 1268 416 1297 filius
441 1270 595 1299 Antiochi
621 1270 748 1309 Magni,
763 1274 819 1305 35,
867 1267 901 1295 L.
920 1267 1082 1295 Antonius
1113 1276 1175 1294 eos.
1206 1268 1251 1295 M.
1282 1267 1418 1296 Antonii
1451 1268 1560 1305 frater,

173 1316 219 1341 13.
238 1312 383 1348 moritur,
409 1316 455 1340 15.
908 1310 996 1348 Epit.
1013 1314 1082 1338 125.
1104 1314 1174 1339 126.

124 1356 306 1384 Antiochus
333 1355 528 1394 Epiphanes,
557 1357 638 1386 filius
668 1357 821 1386 Antiochi
867 1354 912 1382 Μ.
937 1354 1112 1389 Antonius,
1138 1354 1286 1392 magister
1316 1354 1456 1391 equitum
1485 1355 1563 1383 vitio

168 1399 293 1438 Magni,
316 1408 448 1437 regnum
475 1400 571 1437 Syri-<e
599 1405 745 1439 occupat,
767 1404 822 1437 41,
910 1401 1046 1432 creatus,
1059 1397 1183 1426 abdicat
1199 1407 1230 1426 se
1248 1397 1447 1435 magistratu,
1464 1403 1495 1434 8,
1514 1402 1563 1428 17.

169 1447 221 1472 24.
238 1451 339 1471 mores
355 1443 422 1479 ejus
437 1443 577 1480 absurdi,
596 1448 649 1474 24.
663 1449 691 1472 ct
708 1448 760 1474 25.
867 1441 1089 1472 MAntonius,
1101 1441 1371 1478 tribunusplebis,
1383 1445 1566 1470 aoversatur

211 1486 346 1523 Legatos
363 1487 496 1515 Romam
517 1487 629 1520 mittit,
646 1491 702 1523 42,
719 1491 749 1517 6.
767 1487 824 1515 sti·
913 1484 1071 1521 rogationi
1087 1484 1219 1512 Thalnae
1237 1484 1391 1521 pnetmis,
1410 1489 1466 1520 45,
1485 1489 1536 1513 21.

170 1530 319 1567 pendium
334 1534 475 1567 praestat,
488 1533 518 1558 et
532 1539 607 1559 vasa
622 1540 716 1559 aurea
732 1531 825 1569 qnin-
868 1528 914 1556 M.
930 1527 1079 1562 Antonii,
1097 1527 1154 1555 viri
1183 1527 1446 1564 eloquentissimi,
1469 1532 1565 1567 caput

169 1572 299 1611 gentum
324 1574 430 1611 pondo
455 1574 552 1602 donat
570 1574 733 1611 Romanis,
749 1574 823 1603 ibid.
912 1571 943 1599 in
961 1570 1071 1599 rostris
1088 1571 1230 1608 ponitur,
1250 1571 1335 1609 Epit.
1354 1576 1404 1599 80.

170 1625 240 1646 cum
259 1626 295 1645 eo
313 1617 446 1645 societas
465 1622 628 1651 renovata,
646 1618 722 1647 ibid.
869 1615 913 1642 M.
932 1614 1093 1643 Antonius
1114 1618 1229 1653 praetor
1246 1615 1391 1650 moritur,
1408 1615 1494 1652 Epit.
1513 1619 1564 1645 97.

211 1668 282 1688 euin
301 1660 449 1689 sollicitat
466 1661 609 1697 pemeus,
626 1665 683 1698 44,
706 1666 754 1692 19,
870 1657 916 1686 M.
935 1657 1111 1693 Antonius,
1131 1658 1219 1695 Epit.
1249 1661 1319 1687 124.
1350 1662 1420 1688 125.
1444 1668 1476 1686 se
1500 1659 1565 1696 ipse

213 1703 392 1732 Ptolemaeis
409 1704 504 1732 infert
521 1704 650 1741 bellum,
662 1708 693 1734 et
709 1705 826 1733 frustra
911 1701 1080 1736 interimit,
1098 1701 1184 1738 Epit.
1205 1705 1292 1730 133..

167 1749 274 1775 tentat
306 1747 426 1776 moenia
452 1748 665 1784 Atexan‹lriae‚
692 1752 746 1785 45,
775 1752 823 1776 11.
870 1744 1076 1776 Q.Antonius
1090 1744 1252 1777 Merenda.
1267 1744 1414 1773 tribunus
1428 1745 1565 1773 militum

168 1790 257 1828 virga
280 1791 548 1820 circumscribitur
571 1801 589 1820 a
616 1792 652 1821 C.
677 1790 823 1831 Popillio,
911 1788 1070 1817 consulari
1087 1791 1258 1826 potestate,
1276 1792 1307 1824 4,
1323 1793 1376 1817 42.

175 1837 224 1862 12.
240 1833 357 1868 legatos
376 1834 478 1863 mittit
498 1835 642 1871 Romam,
664 1840 714 1865 13.
871 1831 910 1862 Q.
935 1831 1098 1860 Antonius
1126 1832 1235 1870 pulsus
1262 1836 1294 1860 et
1321 1831 1442 1860 occisus
1468 1831 1506 1860 ab
1533 1832 1565 1859 L.

127 1876 308 1914 Antipater,
327 1878 480 1907 Antiochi
506 1878 610 1907 fratris
627 1879 723 1915 filius,
741 1879 823 1914 lega·
914 1874 1074 1913 Philippo,
1092 1875 1186 1903 Sulla»
1203 1875 1320 1913 legato.
1338 1874 1426 1913 Epit·
1442 1877 1494 1904 86.

170 1924 222 1948 tus
246 1920 386 1949 mittitur
413 1921 451 1949 ad
475 1921 667 1960 Scipionem,
693 1927 748 1959 37,
772 1927 824 1951 45.
869 1918 906 1947 T.
923 1918 1085 1947 Antonius
1102 1919 1265 1954 Merenda,
1281 1918 1448 1950 decemvir,
1466 1922 1498 1955 3,
1515 1921 1567 1947 85.

171 1972 241 1992 cum
269 1973 306 1993 eo
333 1964 432 1993 ictum
462 1965 566 1994 foedus
592 1966 625 1995 in
651 1966 823 2005 Capitolio,
870 1962 1011 1998 Antron,
1031 1962 1195 2000 Oppidum,
1212 1965 1267 1998 42,
1284 1965 1337 1991 42·
1354 1966 1384 1990 et
1401 1964 1453 1992 67·

173 2010 224 2035 55.
870 2006 995 2040 Anxur,
1009 2006 1158 2044 oppidum
1169 2006 1368 2041 Volscorum,
1382 2004 1568 2043 postea'l'a1·-

128 2049 312 2086 Antipater,
336 2049 398 2078 dux
429 2051 546 2089 Persei,
569 2052 601 2081 in
633 2053 746 2091 proelio
775 2063 826 2082 oc·
915 2049 1041 2086 racinse,
1055 2053 1088 2086 4,
1102 2053 1152 2080 59.
1166 2049 1196 2078 vi
1211 2052 1337 2087 captum
1351 2053 1381 2077 et
1397 2049 1566 2085 direptum,

171 2093 265 2126 cisus.
283 2097 337 2129 42,
355 2095 406 2121 66.
916 2093 990 2121 ibid.
1017 2093 1194 2131 neglectum
1225 2092 1348 2122 Anxuri
1376 2092 1569 2130 praesidium,

127 2135 313 2173 Antipatria
329 2136 402 2165 urbs
419 2137 540 2175 capitur
556 2147 574 2166 a
587 2138 755 2176 Romanis,
772 2143 828 2176 31,
915 2136 1049 2173 proditis
1065 2141 1226 2175 portarum
1247 2136 1446 2172 custodibus,
1465 2135 1569 2174 oppri-

175 2183 227 2210 27.
917 2179 1027 2215 mitur,
1054 2184 1084 2213 5,
1112 2184 1142 2209 8.
1186 2181 1299 2209 Anxur
1329 2180 1492 2217 recipitur,
1520 2182 1568 2207 13.

128 2222 329 2260 Antiphilus,
346 2225 463 2260 praetor
481 2224 679 2259 Boeotorum,
696 2229 750 2259 33,
773 2230 798 2253 1.
916 2222 1022 2252 Volsci
1036 2223 1184 2252 obsident
1197 2224 1374 2262 praesidium
1393 2223 1430 2252 ad
1443 2223 1569 2257 Anxur,

128 2266 318 2305 Antiphilus
342 2266 519 2302 Edessaeus,
543 2268 606 2297 dux
637 2272 826 2299 cetratorum
920 2268 970 2295 16.
986 2269 1098 2295 Anxur
1110 2268 1243 2296 trecenti
1255 2269 1286 2296 in
1302 2267 1456 2296 coloniam
1469 2265 1568 2297 missi,

172 2310 287 2345 Persei,
306 2313 360 2344 42,
378 2312 430 2338 51.
916 2309 992 2338 bina
1007 2311 1072 2348 agri
1084 2310 1197 2349 jugera
1212 2311 1413 2348 accipientes,
1433 2314 1465 2345 8,
1485 2313 1539 2337 21.

129 2353 304 2391 Antipolis,
324 2353 488 2391 oppidum,
504 2354 591 2392 Epit.
609 2359 661 2385 47.
872 2352 1047 2382 Anxuratis
1071 2355 1180 2392 populi
1196 2355 1318 2383 vacatio
1342 2363 1406 2383 non
1424 2353 1569 2382 observa-

130 2398 275 2432 Antissa,
295 2397 368 2425 urbs
381 2397 412 2425 in
431 2395 534 2426 insula
550 2398 661 2429 Lesbo,
680 2402 734 2433 45,
753 2403 804 2427 31.
915 2400 980 2431 tur,
999 2402 1052 2432 27,
1069 2401 1121 2426 38.

130 2440 281 2470 Antissaei
299 2440 437 2469 traducti
456 2441 690 2479 Methymnam,
712 2442 783 2470 ibid.
873 2440 975 2477 Aous,
991 2442 1106 2478 amnis,
1129 2445 1184 2477 32,
1210 2444 1239 2470 5.
1268 2445 1316 2470 10.
1332 2443 1360 2469 ct
1388 2444 1435 2469 13.
1459 2444 1515 2474 33,
1539 2442 1570 2468 4.

133 2486 171 2513 C.
186 2483 347 2513 Antistius
363 2483 479 2521 Labeo,
495 2485 617 2524 legatus
634 2485 666 2514 in
684 2485 829 2514 Macedo·
916 2488 971 2520 38,
989 2489 1041 2515 49.

174 2528 275 2562 niam,
292 2531 346 2563 45,
367 2531 414 2559 17.
873 2527 1014 2566 Apamea
1040 2528 1126 2564 urbs,
1150 2531 1206 2563 35,
1235 2531 1283 2555 15.
1307 2531 1362 2563 37,
1391 2530 1442 2555 18.
1466 2530 1495 2553 et
1518 2528 1570 2553 44.

132 2571 169 2599 L.
192 2570 365 2607 Antistius,
396 2570 541 2600 tribunus
573 2571 685 2609 plebis,
717 2572 829 2601 absens
918 2571 1000 2600 haud
1025 2571 1133 2610 procul
1157 2570 1314 2600 veteribus
1339 2569 1487 2604 Celaenis,
1511 2572 1567 2603 38,

175 2617 311 2650 creatus,
327 2618 361 2650 4,
381 2618 434 2644 42.
921 2618 971 2644 13.

133 2656 168 2685 1..
184 2657 356 2689 Antistius.
380 2657 527 2686 tribunus
554 2659 693 2687 militum
716 2667 829 2687 consu-
874 2657 1026 2695 Apamea,
1043 2667 1130 2686 soror
1147 2657 1266 2686 Seleuci
1284 2656 1375 2691 regis,
1393 2658 1447 2689 38,
1467 2658 1516 2682 13.

177 2699 231 2727 lari
249 2703 417 2738 potestate,
436 2704 468 2737 6,
484 2705 536 2730 30.
875 2701 1021 2739 Apamia,
1037 2702 1100 2730 filia
1113 2700 1283 2729 Alexandri
1298 2696 1570 2736 Megalopolitani,

133 2743 178 2771 M.
195 2742 369 2780 Antistius,
388 2744 522 2784 legatus,
536 2749 590 2782 21,
608 2748 658 2774 63.
680 2745 828 2774 tribunus
918 2749 973 2780 35,
993 2750 1044 2776 47.

177 2785 290 2822 Plebis,
308 2789 361 2822 26,
376 2791 428 2816 33·
875 2789 1064 2826 Apelaurus,
1079 2786 1281 2826 Stymphaliae
1296 2787 1384 2813 terrm
1401 2784 1501 2820 locus,
1516 2787 1570 2819 33,

134 2828 203 2859 Sex.
219 2829 393 2866 Antistius,
412 2830 548 2870 legatus,
566 2835 620 2869 27,
638 2834 693 2861 36.
923 2835 971 2860 14.
