1831 3194
499 84 887 124 HISTORIARUM
919 87 1129 126 LIBROS.

108 191 220 220 Carcer
236 192 470 230 lautumiarum,
489 198 542 227 32,
561 198 611 223 26.

109 235 220 264 Carcer
239 236 377 272 privatus
395 237 425 265 in
444 237 574 276 singulis
592 239 790 277 patriciorum

149 278 307 315 domibus,
324 282 356 315 6,
375 282 426 309 36.

106 320 250 350 Carceres
268 323 298 350 in
316 323 408 359 circo,
427 328 458 359 8,
478 328 528 354 20.
548 328 601 359 41,
619 330 672 355 32.

108 364 221 396 Cardo.
238 366 311 394 urbs
328 367 505 404 Hispaniae,
521 372 575 404 33,
591 372 641 396 21.

108 407 211 441 Caria,
230 413 284 445 38,
308 413 353 440 19.
371 414 425 446 37,
447 413 492 438 16.

106 451 211 483 Cares,
229 456 284 488 33,
308 456 355 482 18.
367 453 521 490 jubentur
536 454 624 483 liberi
640 464 719 493 esse,
739 459 792 493 44,

154 497 200 523 15.

105 537 198 565 Caria
215 537 364 575 Hydrela,
383 543 437 571 37,
456 541 506 567 56.

104 580 237 618 Carinae,
254 580 337 620 regio
353 582 439 612 urbis
461 583 580 620 Romae,
598 586 651 621 26,
672 589 718 613 10.
736 587 791 621 36,

147 627 197 651 27.
683 639 697 649 ν

104 666 279 703 Carmelus,
297 668 359 698 vid.
376 668 543 698 Catmelus.

104 710 236 738 Carmen
254 712 487 745 exsecrationis,
510 716 560 750 10,
578 717 628 741 38.

121 768 166 775 -
181 754 370 791 rogationis,
388 760 420 791 3,
439 759 491 786 64.

122 813 166 820 -
181 794 332 827 sollemne
346 799 532 835 precationis
544 799 720 838 consulum,
733 805 787 835 39,

148 842 196 868 15.

125 897 169 904 —-
188 882 388 922 triumphale,
404 890 437 919 3.
455 889 504 917 29.

102 926 257 955 Carminis
274 927 417 957 horrendi
434 929 495 964 lex,
518 932 546 963 l,
565 931 616 958 26.

102 969 250 998 Carmina
266 971 376 1000 Marcii
395 973 486 1007 vatis,
502 976 554 1004 25.
578 977 626 1001 12.

101 1013 234 1041 Carmen
252 1013 288 1042 de
306 1014 389 1043 Idaea
404 1019 515 1050 matre,
532 1015 716 1044 Pessinunte
732 1017 785 1045 ad-

143 1056 296 1093 vehenda,
308 1057 339 1086 iu
352 1058 512 1097 Sibyllinis
522 1059 608 1087 libris
619 1063 787 1097 repertum,

144 1102 199 1135 99,
222 1103 270 1129 10.

100 1141 232 1170 Carmen
256 1143 294 1171 ab
318 1147 365 1172 ter
388 1145 517 1174 novenis
541 1145 714 1183 virginibus
733 1155 787 1183 per

143 1185 250 1214 urbem
266 1188 334 1215 cani
347 1185 484 1226 jussum,
502 1193 555 1224 27,
572 1193 622 1219 39.
640 1193 695 1225 31,
716 1193 763 1217 12.

100 1227 245 1258 Carmina
257 1231 656 1268 militaribusjocisjactata
666 1233 698 1261 in
711 1242 785 1262 con-

143 1272 223 1301 sules
241 1274 483 1312 triumphantes,
501 1279 554 1311 28,
571 1281 602 1307 9.
617 1280 672 1313 39,
691 1280 720 1307 7-

100 1315 248 1344 Carmina
264 1317 401 1355 Sibyllae,
422 1322 471 1354 10,
492 1322 519 1347 8.

101 1359 270 1389 Carmenta
306 1361 458 1400 fatiloqua
489 1365 561 1390 ante
592 1362 714 1400 Sibylloe
752 1362 784 1392 in

143 1401 267 1432 Italiam
283 1405 451 1434 adventum
469 1406 587 1439 habita.
608 1410 637 1441 1,
654 1411 685 1438 7.

101 1444 307 1477 Carmentalis
322 1451 424 1486 porta,
439 1453 469 1484 2,
483 1452 533 1479 49.
552 1453 604 1484 24,
618 1454 670 1481 47.
688 1452 741 1485 25,
755 1453 785 1480 7.

100 1489 276 1518 Carmentis
293 1500 414 1526 saxum,
433 1496 464 1527 5,
480 1496 532 1520 47.

100 1531 207 1566 Carni,
232 1534 352 1572 populi,
371 1540 545 1572 queruntur
567 1535 603 1564 de
628 1536 661 1565 C.
686 1536 785 1565 Cassii

145 1577 281 1605 consulis
299 1578 491 1611 crudelitate,
508 1583 563 1614 43,
582 1584 612 1609 7.

99 1615 211 1648 Carnis
226 1620 258 1648 in
275 1621 357 1649 feriis
374 1621 492 1650 Latinis
509 1622 617 1650 dandae
634 1631 711 1655 mos,
728 1626 783 1658 32,

145 1665 169 1689 1.
199 1663 292 1702 legati
317 1664 355 1693 ab
382 1665 485 1693 Ardea
509 1670 693 1703 queruntur,
723 1666 783 1695 sibi

138 1704 259 1735 Latinis
301 1716 366 1736 uon
403 1708 505 1736 datam
542 1717 607 1737 esse
636 1718 780 1746 carnem;

139 1746 212 1779 iude
228 1750 410 1780 instauratae
433 1752 570 1788 Latinae,
586 1753 657 1781 ibid.
675 1752 736 1782 vid.
753 1757 784 1782 et

139 1794 193 1826 37,
210 1797 242 1823 3.

100 1834 308 1873 Carnuntem,
325 1837 479 1868 munitam
495 1838 616 1876 urbem,
632 1848 783 1878 occupare

140 1879 287 1909 nituntur
301 1881 447 1915 Romani,
464 1886 519 1918 43,
542 1887 568 1911 l.

96 1921 263 1960 Carnutes,
278 1925 385 1963 populi
402 1925 526 1961 Galliae,
544 1930 574 1961 5,
590 1929 642 1955 34.

97 1963 262 2004 carpentis
278 1971 315 1996 ut
331 1968 411 1997 festo
432 1969 630 2006 profestoque
646 1969 693 1997 uti
710 1977 780 2006 pos-

139 2014 222 2046 sent,
255 2011 405 2039 matronis
436 2021 630 2049 concessum,
659 2017 692 2049 5,
729 2017 781 2041 25.

138 2052 200 2080 vid.
219 2058 249 2081 et
263 2057 318 2090 34,
340 2058 368 2083 l.
383 2058 413 2083 et
429 2059 459 2084 3.

95 2095 245 2133 Carpesii‚
264 2101 317 2132 23,
334 2100 386 2125 26.

96 2139 284 2177 Carpetania
306 2140 482 2179 Hispaniae,
500 2145 555 2178 39,
580 2145 632 2170 30.
650 2145 705 2179 40,
727 2146 781 2171 30.

139 2186 169 2211 et
185 2186 236 2211 33.

95 2225 275 2264 Carpetani,
300 2226 420 2265 populi,
443 2235 513 2255 cum
536 2227 674 2256 Vaccaeis
697 2227 780 2257 aliis-

137 2278 197 2307 que
213 2270 348 2308 populiS,
366 2270 537 2299 vincuntur
552 2269 590 2299 ab
605 2270 778 2308 Annibale,

138 2316 192 2348 21,
209 2316 238 2341 5.
254 2316 283 2341 et
303 2317 350 2341 11.

95 2355 198 2385 Carris
236 2356 412 2393 essedisque
447 2360 661 2395 superstantes
696 2358 779 2387 Galli

138 2401 278 2437 pugnant
294 2399 325 2427 in
346 2400 518 2437 Romanos,
541 2405 590 2436 10,
608 2404 658 2429 28.

95 2441 251 2474 Carrinas,
268 2443 330 2471 vid.
349 2443 471 2472 Albius.

94 2484 242 2521 Carseoli,
266 2485 400 2521 colonia,
426 2490 476 2523 10,
500 2490 530 2515 3.
557 2488 585 2515 et
615 2490 661 2515 13.
687 2489 780 2524 negat

137 2528 317 2557 consulibus
340 2529 454 2558 milites
477 2533 507 2558 et
531 2530 707 2567 pecuniam,
726 2534 778 2562 27.

138 2574 168 2600 9.
186 2571 222 2599 de
234 2580 269 2600 ea
281 2581 312 2601 re
325 2574 645 2604 senatusconsultum.
661 2576 714 2608 29,
730 2576 778 2602 15.

95 2613 232 2650 Carteia,
249 2615 313 2643 sive
324 2617 431 2653 potius
451 2615 580 2652 Althea,
604 2616 677 2645 urbs
702 2625 780 2654 opu·

138 2658 237 2691 lenta,
252 2662 343 2696 capta
366 2662 395 2687 et
413 2658 533 2697 direpta
547 2659 586 2689 ab
609 2659 778 2694 Annibale,

139 2703 194 2735 21,
213 2704 241 2728 5.

95 2742 219 2771 Carteia
248 2741 279 2771 in
311 2752 364 2772 ora
392 2744 523 2781 Oceani,
547 2749 602 2782 28,
631 2749 682 2775 30.
709 2755 778 2774 cum

138 2788 244 2823 portu,
261 2786 336 2815 ibfd.
352 2787 484 2821 colonia,
503 2791 558 2822 43,
576 2793 606 2818 3.

97 2827 296 2866 Carthaginis
319 2829 460 2866 judicum
484 2831 603 2860 ordinis
625 2831 780 2870 potentia,

139 2875 195 2907 33,
210 2873 261 2900 46.

100 2913 258 2953 Carthago
282 2914 393 2952 Nova3
426 2924 463 2945 eo
485 2915 655 2946 exercitum
678 2916 711 2946 in
734 2917 784 2945 hi-

1447 101 1517 135 301

878 197 974 226 berna
1000 198 1125 228 deducit
1149 200 1300 239 Annibal,
1324 208 1376 240 21,
1401 210 1428 234 5.
1455 208 1521 244 ejus

878 242 956 270 situs
980 245 1011 270 et
1034 247 1155 280 portus,
1175 248 1227 277 26,
1245 250 1295 274 42.
1321 256 1522 286 oppugnatur

877 294 895 312 a
913 286 944 314 P.
961 285 1106 314 Cornelio
1125 287 1281 326 Scipione,
1298 290 1370 320 ihiael.
1388 293 1520 330 capitur,

878 330 928 356 46.
958 329 1060 366 praeda
1082 330 1192 367 ingens
1220 336 1322 370 capta,
1345 339 1375 362 et
1401 336 1522 364 obsides

878 370 976 399 totius
1009 372 1185 410 Hispaniae,
1212 379 1262 406 47.
1291 376 1352 406 vid.
1375 381 1470 408 11149.
1495 383 1522 406 {fi

880 417 929 441 50.
978 414 1176 452 Carthaginis
1204 422 1302 457 captae
1334 429 1436 449 annus
1467 422 1521 450 du-

879 457 960 492 bius,
978 462 1032 494 27,
1051 464 1082 490 7.

837 499 1109 535 Carthaginienses
1127 503 1295 534 exereitum
1312 506 1475 543 trajiciunt
1490 508 1523 537 iu

878 543 1028 579 Siciliam,
1045 550 1077 576 4.
1096 551 1146 575 29.

920 596 988 615 cum
1007 589 1043 617 iis
1057 589 1160 618 foedus
1173 590 1283 627 ictum,
1297 597 1329 628 7,
1342 596 1391 623 27.
1404 594 1523 631 legatos

877 629 1010 659 Romam
1029 632 1163 662 mittunt
1178 635 1368 671 gratulatum
1383 646 1452 665 cum
1470 647 1522 666 co-

877 682 954 702 rona
970 682 1076 711 aurea,
1095 680 1146 705 38.
1164 687 1234 707 cum
1251 678 1287 707 iis
1305 678 1408 708 foedus
1431 690 1520 710 reno-

877 721 995 749 vatum,
1014 721 1046 753 9,
1061 723 1113 748 43.

919 761 1048 789 secundi
1075 762 1157 791 inter
1188 764 1460 799 Carthaginienses
1491 772 1522 796 ct

876 803 1036 832 Romanos
1054 804 1124 834 belli
1143 808 1326 847 magnitudo
1344 813 1374 837 et
1390 819 1521 848 caussae,

876 850 929 882 21,
951 851 977 874 1.
1002 847 1094 885 hujus
1112 849 1183 878 belli
1209 855 1321 880 eventa
1336 852 1520 883 describun-

874 893 927 918 tur
944 890 1046 919 decem
1071 892 1170 927 libris,
1187 903 1206 921 α
1231 898 1281 922 21.
1304 895 1410 924 (11230.
1437 897 1521 935 pacis

874 933 1084 970 conditiones,
1100 939 1154 972 30,
1167 941 1220 967 37.
1235 937 1414 976 quingenta:
1428 950 1521 969 naves

874 976 1181 1015 Carthaginiensium
1211 979 1358 1015 incensat,
1383 987 1434 1011 43.
1458 984 1522 1013 vid.

873 1019 1036 1049 Punicum.

915 1063 1049 1100 primum
1075 1064 1230 1094 tributum
1259 1065 1385 1096 solvunt
1407 1069 1522 1098 Roma·

873 1105 933 1138 nis,
950 1110 1006 1142 32,
1026 1111 1054 1136 2.

915 1149 1033 1186 legatos
1058 1150 1189 1179 Romam
1207 1151 1353 1189 mittunt,
1370 1155 1519 1192 pollicen-

871 1194 918 1220 tes
936 1192 1130 1222 frumentum
1148 1197 1178 1222 et
1195 1194 1357 1228 hordeum.
1374 1200 1428 1230 36,
1446 1202 1476 1227 4.

914 1244 985 1264 cum
998 1236 1166 1265 Masinissa
1175 1239 1373 1268 contendunt
1385 1241 1423 1269 dc
1434 1250 1519 1277 agro,

871 1281 925 1314 40,
948 1283 996 1309 17.
1015 1279 1051 1308 iis
1063 1288 1081 1308 a
1092 1280 1242 1309 Romanis
1257 1285 1383 1312 centum
1397 1284 1519 1313 obsides

871 1321 996 1359 redditi,
1012 1326 1044 1352 et
1060 1331 1120 1361 pax
1135 1333 1208 1353 cum
1233 1325 1402 1356 Masinissa
1421 1327 1516 1365 facta,

870 1368 922 1394 34.

915 1411 1011 1437 noctu
1036 1408 1068 1437 in
1093 1409 1156 1438 aede
1178 1410 1351 1450 AEsculapii
1374 1417 1517 1443 senatum

871 1450 948 1480 dant
963 1451 1074 1489 legatis
1090 1453 1208 1489 Persei,
1225 1458 1281 1490 41,
1301 1459 1352 1485 27.

913 1495 1033 1531 legatos
1057 1495 1187 1524 Romam
1214 1497 1347 1526 mittunt
1371 1502 1515 1536 questum

871 1537 907 1565 de
925 1538 1102 1568 Masinissa.
1116 1543 1171 1575 42,
1186 1543 1236 1567 23.
1251 1540 1370 1578 legatos
1385 1542 1516 1572 Romam

869 1580 1015 1612 mittunt,
1033 1581 1217 1619 pollicentes
1241 1584 1381 1613 triticum
1397 1589 1428 1614 et
1444 1586 1516 1615 hor-

871 1623 975 1660 deum,
994 1628 1048 1660 43,
1066 1627 1094 1652 6.

828 1667 1104 1706 Carthaginienses
1129 1678 1218 1697 cruce
1236 1669 1393 1708 mulctant
1411 1671 1515 1700 consi-

868 1710 910 1738 lio
927 1719 1022 1748 pravo
1038 1714 1138 1749 gesta,
1152 1712 1274 1741 etiamsi
1288 1722 1433 1753 prospere
1446 1724 1516 1743 eve-

869 1754 986 1790 nerint,
1003 1758 1057 1790 38,
1073 1757 1128 1784 48.

827 1797 978 1826 Carthalo
1002 1807 1154 1826 summam
1177 1798 1298 1836 imperii
1314 1801 1465 1837 equestris
1482 1801 1514 1830 in

867 1840 1004 1869 exercitu
1027 1841 1192 1869 Annibalis
1216 1842 1351 1878 obtinet,
1380 1847 1434 1879 22,
1465 1848 1514 1873 15.

868 1883 982 1912 nobilis
1000 1884 1268 1921 Carthaginiensis
1293 1886 1425 1916 Romam
1442 1896 1512 1916 culn

867 1927 998 1965 captivis
1022 1927 1239 1965 proficiscitur.
1265 1932 1315 1957 58.
1338 1929 1364 1957 ei
1389 1930 1512 1959 obviam

869 1969 960 1999 lictor
984 1970 1131 2002 mittitur,
1150 1970 1203 2008 qui
1219 1980 1287 1999 enm
1312 1971 1426 2002 finibus
1451 1975 1515 2002 Ro-

868 2013 968 2042 manis
985 2014 1128 2042 excedere
1140 2015 1245 2052 jubet,
1264 2014 1339 2044 ibid.

826 2055 973 2086 Carthalo
1001 2058 1141 2086 mittitur
1165 2057 1202 2086 ad
1229 2061 1331 2086 castra
1359 2059 1512 2096 Romana,

868 2104 920 2134 25,
941 2104 990 2130 17.

825 2143 984 2175 Carthalo,
1003 2142 1111 2171 Punici
1130 2142 1263 2181 praesidii
1283 2144 1461 2182 praefectus.
1478 2145 1510 2174 in

867 2185 995 2214 Tarenti
1027 2186 1260 2224 expugnatione
1288 2187 1510 2226 obtruncatur,

868 2232 921 2265 27,
943 2231 991 2257 16.

823 2273 1021 2301 Carventana
1037 2280 1101 2306 arx,
1118 2276 1151 2305 4,
1169 2276 1219 2301 53.
1235 2275 1263 2300 ei
1280 2277 1332 2302 55.

825 2316 860 2345 C.
879 2316 1032 2344 Carvilius
1050 2315 1244 2353 Spoletinus,
1261 2320 1316 2350 43,
1336 2320 1387 2345 20.
1404 2319 1431 2344 rt
1449 2321 1499 2345 21.

824 2358 859 2386 L.
879 2359 1044 2394 Carvilius,
1062 2358 1208 2386 tribunus
1224 2358 1334 2396 plebis,
1352 2363 1405 2395 25,
1421 2364 1453 2389 3.

823 2403 875 2439 Sp.
894 2402 1046 2430 Carvilius
1065 2402 1100 2430 C.
1113 2402 1146 2430 F.
1164 2402 1334 2438 Maximus,
1348 2403 1443 2431 aedilis
1457 2413 1512 2432 cu-

864 2445 952 2478 rulis,
975 2449 1024 2479 10,
1036 2448 1065 2474 9.
1079 2445 1201 2480 consul,
1215 2445 1246 2473 in
1264 2445 1424 2475 Samnium
1438 2456 1508 2485 pro-

864 2488 977 2524 fectus,
989 2489 1018 2516 vi
1031 2487 1115 2526 capit
1123 2488 1336 2524 Amiternum,
1348 2490 1509 2528 oppidum,

864 2535 916 2561 39.
936 2535 966 2560 et
984 2531 1177 2566 Cominium,
1193 2534 1245 2560 43.
1260 2536 1292 2560 et
1304 2532 1364 2560 alia
1375 2533 1408 2561 in
1422 2533 1508 2561 Sam-

865 2574 918 2604 nio
934 2575 1060 2613 oppida,
1078 2578 1130 2603 44.
1146 2579 1174 2602 et
1193 2584 1274 2613 seqq.
1290 2575 1356 2611 ejus
1380 2585 1426 2604 res
1442 2584 1510 2609 ges-

864 2621 904 2646 tae
922 2617 953 2646 iu
970 2617 1110 2652 Etruria,
1128 2619 1180 2646 46.
1196 2618 1380 2655 triumphat.
1399 2618 1472 2646 ibid.

823 2661 874 2699 Sp.
893 2661 1060 2696 Carvilius,
1075 2661 1198 2695 consul,
1217 2661 1337 2695 suadet,
1352 2664 1387 2688 ut
1403 2670 1439 2688 ex
1450 2661 1508 2688 La-

864 2703 942 2732 tinis
956 2704 1080 2742 populis
1096 2707 1222 2732 senatus
1240 2703 1433 2740 suppleatur,
1453 2708 1506 2740 23,

865 2751 917 2776 22.
934 2748 1068 2775 moritur
1082 2755 1191 2782 augur,
1208 2748 1261 2780 26,
1278 2749 1328 2773 23.

822 2789 876 2827 Sp.
893 2790 1060 2825 Carvilius,
1074 2789 1220 2818 tribunus
1237 2787 1347 2825 plebis,
1363 2792 1415 2824 25,
1433 2793 1463 2818 3.

823 2832 876 2870 Sp.
894 2833 1060 2867 Carvilius,
1078 2841 1095 2859 a
1111 2832 1169 2860 Cn.
1194 2830 1311 2859 Sicinio
1334 2841 1370 2861 ex
1387 2832 1507 2862 Graeeia

865 2875 995 2904 Romam
1013 2875 1171 2909 remissus,
1188 2878 1242 2910 42,
1259 2877 1311 2904 36.

825 2917 945 2956 Caryae,
961 2922 1015 2954 34,
1032 2919 1084 2946 26.
1099 2920 1152 2951 35,
1170 2920 1220 2948 27.
