1831 3194
442 109 560 147 LIB.
591 105 731 144 XLIV.
778 102 911 140 CAP.
943 99 1010 136 lv.
1365 99 1435 131 123

31 227 158 268 Dium
189 232 230 265 et
262 222 426 269 Philan,
460 231 616 273 oraque
658 213 795 261 maris,
827 211 908 251 late
950 214 1118 265 patente
1148 219 1199 245 ex
1230 212 1314 244 tam
1358 203 1634 243 ultonem.

23 286 130 340 jugo
161 287 398 338 prospectu,
419 275 548 317 oculis
574 271 805 327 subjicitur.
867 268 971 316 Quae
1000 279 1068 305 res
1100 260 1286 303 accendit
1323 258 1442 299 militi
1457 256 1548 286 A.C.
1568 256 1636 285 169.

30 339 201 389 animos,
233 345 452 394 postquam
486 343 689 372 summam
722 325 835 374 belli,
866 339 913 364 ac
948 321 1081 377 regias
1116 333 1257 359 omnes
1292 315 1445 371 copias,

31 406 267 451 terramque
300 390 488 433 hostilem
511 396 593 429 tam
616 402 638 426 e
659 383 895 441 propinquo
916 394 1012 420 cons
1045 382 1231 418 exerunt.
1296 374 1447 427 Itaque

32 469 163 509 quum
186 453 351 497 alacres,
374 446 563 503 protinus
583 444 754 484 duceret
775 439 829 480 ad
859 444 993 478 castra
1014 394 1217 481 iiostium,
1239 428 1448 470 consulem

33 511 324 553 hortarentur,
359 504 446 545 dies
467 517 575 543 unus
605 498 721 540 fessis
751 496 891 537 labore
920 493 999 533 viae
1030 491 1082 532 ad
1113 488 1295 545 quietem
1326 485 1451 526 datus

34 575 108 607 cst.
140 565 262 607 tertio
282 563 363 612 die,
386 567 504 617 parte
533 556 746 613 copiarum
777 552 829 593 ad
859 548 1101 607 praesidium
1132 553 1360 586 castrorum
1390 556 1453 582 re-

36 623 147 672 licta,
169 619 311 663 consul
333 618 386 659 ad
407 617 566 658 hostem
589 612 717 654 ducit.

95 680 169 721 IV.
217 675 398 733 Hippias
428 687 561 728 nuper
591 670 643 711 ad
675 667 878 710 tuendum
910 663 1061 705 saltum
1092 661 1144 701 ab
1175 673 1271 713 rege
1306 656 1454 697 missus
1468 669 1561 699 Levia
1575 676 1655 708 1„oe-

37 745 148 778 crat:
182 734 270 791 qui,
292 748 342 774 ex
364 746 449 787 quo
469 738 604 771 castra
632 728 822 767 Romana
841 722 883 763 in
904 719 1069 762 tumulo
1101 714 1329 771 conspexit,
1351 712 1591 768 1)rae-¹ia‹·¹¹¹¹¹
1627 752 1631 755 ,

38 792 193 850 paratis
214 791 267 832 ad
297 798 502 831 certamen
533 783 680 826 animis
710 795 896 829 suorum,
917 774 1098 818 venienti
1129 771 1281 829 agmini
1312 785 1458 810 consu-
1469 753 1649 827 gig-edom<

40 850 90 891 lis
109 849 258 890 obvius
278 846 383 888 fuit:
427 852 468 885 et
490 840 669 884 Romani
697 836 880 894 expediti
902 834 956 875 ad
988 845 1173 888 pugnam
1195 827 1394 876 exierant,
1416 833 1459 866 et
1515 819 1537 827 ⁴

41 908 191 947 hostes.
223 904 323 946 levis
355 909 567 943 armatura
597 906 700 945 erat,
728 891 1054 951 promtissimum
1086 902 1218 944 genus
1251 885 1304 925 ad
1337 884 1460 924 laces-

44 963 217 1005 sendum
248 968 466 1002 certamen,
534 952 753 1009 Congressi
789 950 919 1006 igitur
954 944 1179 1000 extemplo,
1214 942 1297 983 tela
1326 941 1461 995 conje-

45 1027 202 1061 cerunt.
234 1017 368 1059 multa
408 1014 620 1069 utrimque
655 1009 828 1050 vulnera
868 1002 1086 1046 temerario
1125 1001 1293 1040 incursu
1326 1005 1366 1037 et
1398 1012 1463 1036 ac-

45 1085 181 1133 cepta,
201 1084 243 1116 et
264 1074 414 1115 inlata:
460 1071 568 1111 §auci
603 1066 823 1120 utriusque
843 1060 973 1118 partis
1006 1057 1255 1099 ceciderunt.
1319 1053 1464 1093 Irritaf

46 1134 99 1175 tis
119 1133 161 1173 in
181 1139 394 1189 posterum
430 1087 538 1168 dllem
572 1122 732 1172 animis,
760 1118 987 1176 majoribus
1018 1113 1146 1170 copiis
1181 1119 1308 1166 atque
1342 1109 1465 1149 infes-

48 1192 133 1232 tius
162 1201 407 1230 concursum
438 1184 491 1225 ab
521 1182 616 1231 illis,
638 1180 670 1221 si
702 1178 779 1220 loci
810 1176 908 1218 satis
937 1173 991 1214 ad
1021 1167 1308 1227 explicandam
1339 1165 1465 1206 aciem

48 1247 220 1288 fuisset:
275 1246 429 1302 jugum
469 1239 636 1288 montis,
667 1237 709 1277 in
749 1240 975 1290 angustum
1016 1229 1187 1270 dorsum
1228 1231 1467 1272 cuneatum,

49 1304 121 1345 vix
141 1303 308 1344 ¹⁸ternis
327 1298 543 1341 ordinibus
575 1302 829 1337 armatorum
850 1290 892 1330 in
919 1288 1056 1329 fronte
1087 1282 1237 1340 patuit.
1301 1281 1469 1335 Itaque,

51 1361 193 1417 paucis
232 1356 534 1415 pugnantibus,
569 1360 707 1394 cetera
743 1345 988 1396 multitudo,
1023 1340 1234 1398 praecipue
1269 1337 1343 1393 qui
1378 1351 1471 1392 gra„

52 1418 167 1459 vium
200 1429 411 1458 armorum
445 1419 577 1461 erant,
599 1414 851 1464 spectatores
882 1414 1040 1458 pugnae
1073 1398 1251 1439 stabant.
1274 1393 1375 1434 levis
1408 1407 1472 1432 ar-

52 1483 219 1516 matura
238 1472 362 1514 etiam
383 1484 457 1526 per
477 1467 704 1509 amfractus
730 1461 825 1518 jugi
845 1470 1107 1515 procurrere,
1128 1461 1170 1494 et
1191 1452 1244 1492 ab
1271 1448 1473 1491 lateribus

54 1546 150 1573 cum
181 1529 262 1571 levi
294 1535 506 1569 armatura
526 1523 790 1568 ¹9conserere‚
812 1531 887 1573 per
918 1513 1063 1569 iniqua
1082 1519 1210 1566 atque
1242 1521 1366 1562 aequa
1385 1505 1475 1546 loca

54 1603 240 1645 pugnam
273 1593 425 1642 petere.
448 1597 509 1631 ac,
531 1578 725 1636 pluribus
757 1590 806 1615 ea
837 1573 904 1614 die
925 1567 1167 1616 vulneratis,
1189 1578 1316 1620 quam
1351 1562 1476 1603 inter-

56 1645 191 1695 fectis,
211 1642 406 1700 proelium
428 1646 548 1679 nocte
578 1635 803 1676 diremtum
824 1637 897 1670 est.
961 1624 1109 1667 Tertio
1130 1622 1197 1663 die
1229 1635 1351 1676 egere
1382 1633 1477 1659 con-

59 1703 150 1744 silio
170 1703 387 1743 Romanus
408 1696 656 1751 imperator:
690 1704 785 1731 nam
806 1700 941 1742 neque
962 1696 1128 1724 manere
1148 1679 1191 1719 in
1218 1679 1325 1735 jugo
1345 1674 1475 1730 inopi,

59 1774 196 1815 neque
227 1754 391 1812 regredi
414 1752 499 1794 sine
533 1748 708 1805 flagitio,
730 1754 857 1800 atque
877 1742 1002 1784 etiam
1035 1736 1247 1794 periculo;
1278 1732 1392 1773 ⁴²⁰sed
1413 1746 1477 1772 ce-

61 1816 176 1858 denti
195 1830 248 1856 ex
270 1809 553 1869 superioribus
572 1805 672 1847 locis
697 1805 852 1844 instare
882 1797 1013 1840 hostis
1039 1801 1227 1851 poterat:
1260 1805 1335 1831 nec
1364 1787 1479 1829 aliud

62 1873 259 1922 restabat,
282 1883 409 1926 quam
430 1865 630 1908 audacter
650 1858 914 1902 commissum
935 1850 1137 1911 pertinaci
1171 1847 1360 1896 audacia,
1383 1859 1481 1902 quae

62 1930 247 1987 prudens
279 1925 491 1967 interdum
511 1922 554 1962 in
575 1919 693 1962 exitu
716 1924 792 1966 est,
814 1913 1030 1968 corrigere.
1092 1908 1276 1948 Ventum
1310 1902 1481 1959 quidem

64 1995 153 2029 erat
174 2002 237 2035 eo,
259 1992 322 2034 ut,
344 1983 377 2023 si
396 1982 558 2022 hostem
587 1975 760 2018 similem
792 1969 975 2025 antiquis
997 1963 1280 2008 Macedonum
1313 1959 1484 2015 regibus

65 2043 280 2085 habuisset
310 2038 467 2087 consul,
495 2049 648 2091 magna
676 2030 813 2073 clades
843 2025 973 2082 accipi
1003 2020 1201 2079 potuerit.
1233 2017 1320 2068 sed,
1351 2029 1484 2072 quum

66 2101 120 2142 ad
157 2099 288 2140 Dium
328 2111 402 2152 per
444 2094 565 2135 litora
594 2104 689 2132 cum
731 2084 945 2141 equitibus
986 2085 1210 2135 vagaretur
1240 2090 1330 2123 rex,
1361 2080 1402 2113 et
1433 2071 1486 2112 ab

68 2155 289 2199 duodecim
320 2152 502 2194 millibus
542 2162 672 2204 prope
714 2144 933 2185 clamorem
964 2146 1004 2179 et
1035 2133 1256 2198 strepitum
1297 2143 1488 2186 pugnan-

70 2215 176 2256 tium
197 2211 377 2260 audiret,
399 2223 473 2250 nec
501 2205 620 2247 auxit
652 2201 791 2257 copias
823 2198 1006 2251 integros
1038 2192 1155 2233 fessis
1187 2185 1487 2235 submittendo,

71 2285 207 2327 neque
250 2270 354 2324 ipse,
385 2264 500 2321 quod
541 2260 770 2318 plurimum
812 2255 1024 2301 intererat,
1067 2245 1281 2289 certamini
1323 2241 1487 2283 adfuit:

74 2342 207 2384 quum
237 2321 454 2366 Romanus
483 2321 723 2375 imperator,
754 2313 885 2368 major
916 2306 1132 2363 sexaginta
1160 2301 1291 2351 annis,
1312 2308 1355 2340 et
1384 2311 1491 2354 prae-

74 2384 213 2440 gravis
244 2395 430 2437 corpore,
450 2377 590 2419 onmia
620 2370 816 2415 militaria
848 2380 1020 2409 munera
1039 2363 1127 2419 ipse
1159 2357 1323 2414 inpigre
1343 2355 1489 2396 obiret.

77 2439 258 2497 Egregie
279 2439 333 2479 ad
354 2436 550 2478 ultimum
571 2432 613 2473 in
634 2429 832 2471 audacter
852 2421 1069 2465 commisso
1101 2412 1401 2473 perseveravit:
1435 2418 1492 2461 et,

127 2618 304 2648 18*Tev-nis
329 2617 477 2646 ordinibus
500 2635 508 2643 .
532 2634 540 2643 .
563 2633 572 2642 .
593 2613 626 2641 in
642 2607 762 2652 frome]
810 2604 969 2635 Alterutra
983 2609 1040 2630 vox
1054 2595 1188 2639 profecto
1202 2591 1326 2624 excidit.
1404 2632 1408 2635 Ι

83 2661 216 2693 Ordines
227 2660 276 2691 hic
290 2656 481 2699 intelligendi
495 2655 636 2686 videntur
658 2652 765 2682 intror-
853 2647 894 2677 20
918 2645 972 2674 Sed
986 2641 1098 2673 cedenti
1122 2661 1129 2669 .
1153 2659 1161 2667 .
1186 2659 1193 2668 .
1218 2638 1324 2666 instare
1339 2632 1422 2678 bosus
1433 2634 1496 2667 pot-

83 2715 150 2735 sum
180 2703 318 2745 porrecti,
341 2702 384 2732 ita
414 2706 448 2731 ut
470 2698 546 2728 terni
576 2696 714 2727 homines
736 2693 767 2723 in
811 2689 890 2730 erat]
914 2685 1069 2718 Emendat
1097 2679 1289 2713 Gronovius:
1341 2674 1419 2703 stum
1446 2680 1497 2717 rae—-

84 2748 181 2777 fronte
205 2750 314 2780 essent,
338 2755 414 2785 quos
439 2741 623 2783 sequebatur
645 2748 664 2768 a
685 2742 769 2776 tergo
811 2744 864 2773 que
879 2740 993 2761 manere
1017 2728 1139 2766 injugo
1161 2723 1251 2761 inopi,
1275 2727 1362 2756 neque
1385 2713 1499 2761 regredi

84 2791 195 2830 longus
221 2787 294 2818 ordo
321 2797 454 2817 suorum.
512 2784 594 2814 Hinc
631 2780 771 2822 paucitas
812 2778 872 2805 aine
886 2773 1019 2815 flagitio,
1042 2776 1128 2808 alque
1149 2768 1234 2796 etiam
1256 2760 1393 2800 periculo,
1408 2767 1430 2786 ει
1453 2765 1498 2784 ce-

86 2831 300 2875 pugnantium‚
317 2840 386 2859 mox
403 2839 421 2858 a
436 2827 522 2857 Livio
536 2830 651 2856 notata.
814 2819 894 2849 denti
925 2827 952 2846 ei
977 2811 1169 2852 superioribus
1198 2806 1263 2836 locis
1297 2805 1415 2832 instaret
1439 2799 1499 2827 hos-

130 2876 170 2907 19
196 2873 362 2912 Comei-err]
387 2872 530 2904 Manum,
555 2868 602 2898 vel
625 2874 771 2907 pugnam.
817 2863 863 2896 tis,
878 2863 1000 2899 poterat,
