<?xml version="1.0" encoding="UTF-8"?>
<!DOCTYPE html PUBLIC "-//W3C//DTD XHTML 1.0 Transitional//EN"
    "http://www.w3.org/TR/xhtml1/DTD/xhtml1-transitional.dtd">
<html xmlns="http://www.w3.org/1999/xhtml" xml:lang="en" lang="en">
 <head>
  <title>
</title>
<meta http-equiv="Content-Type" content="text/html;charset=utf-8" />
  <meta name='ocr-system' content='tesseract 3.04.00' />
  <meta name='ocr-capabilities' content='ocr_page ocr_carea ocr_par ocr_line ocrx_word'/>
</head>
<body>
  <div class='ocr_page' id='page_1' title='image "./historiarumaburb04livyuoft/historiarumaburb04livyuoft_0485.png"; bbox 0 0 1805 3174; ppageno 0'>
   <div class='ocr_carea' id='block_1_1' title="bbox 544 103 1524 159">
    <p class='ocr_par' dir='ltr' id='par_1_1' title="bbox 544 103 1524 159">
     <span class='ocr_line' id='line_1_1' title="bbox 544 103 1524 159; baseline 0.007 -8"><span class='ocrx_word' id='word_1_1' title='bbox 544 105 587 152; x_wconf 88' lang='lat' dir='ltr'>P</span> <span class='ocrx_word' id='word_1_2' title='bbox 600 103 1000 154; x_wconf 81' lang='lat' dir='ltr'><strong>RAEFATIO.</strong></span> <span class='ocrx_word' id='word_1_3' title='bbox 1358 110 1524 159; x_wconf 83' lang='lat' dir='ltr'>xxxvii</span> 
     </span>
    </p>
   </div>
   <div class='ocr_carea' id='block_1_2' title="bbox 62 243 1731 1783">
    <p class='ocr_par' dir='ltr' id='par_1_2' title="bbox 66 243 1525 1390">
     <span class='ocr_line' id='line_1_2' title="bbox 76 243 1524 310; baseline 0.007 -21"><span class='ocrx_word' id='word_1_4' title='bbox 76 249 370 305; x_wconf 67' lang='lat' dir='ltr'>praesentem</span> <span class='ocrx_word' id='word_1_5' title='bbox 408 243 538 291; x_wconf 83' lang='lat' dir='ltr'>sistit</span> <span class='ocrx_word' id='word_1_6' title='bbox 563 244 627 291; x_wconf 87' lang='lat' dir='ltr'>ob</span> <span class='ocrx_word' id='word_1_7' title='bbox 655 245 846 304; x_wconf 88' lang='lat' dir='ltr'>oculos,</span> <span class='ocrx_word' id='word_1_8' title='bbox 871 252 920 293; x_wconf 83' lang='lat' dir='ltr'>et</span> <span class='ocrx_word' id='word_1_9' title='bbox 945 246 1107 293; x_wconf 90' lang='lat' dir='ltr'>vivam</span> <span class='ocrx_word' id='word_1_10' title='bbox 1143 247 1524 310; x_wconf 87' lang='lat' dir='ltr'>quodammodo</span> 
     </span>
     <span class='ocr_line' id='line_1_3' title="bbox 77 321 1522 388; baseline 0.005 -21"><span class='ocrx_word' id='word_1_11' title='bbox 77 337 134 367; x_wconf 88' lang='lat' dir='ltr'>ac</span> <span class='ocrx_word' id='word_1_12' title='bbox 171 321 445 383; x_wconf 79' lang='lat' dir='ltr'>spirantem</span> <span class='ocrx_word' id='word_1_13' title='bbox 479 322 694 373; x_wconf 83' lang='lat' dir='ltr'>exhibet.</span> <span class='ocrx_word' id='word_1_14' title='bbox 763 324 970 371; x_wconf 88' lang='lat' dir='ltr'>Illorum</span> <span class='ocrx_word' id='word_1_15' title='bbox 1003 331 1239 388; x_wconf 86' lang='lat' dir='ltr'>suspecta</span> <span class='ocrx_word' id='word_1_16' title='bbox 1274 325 1522 375; x_wconf 85' lang='lat' dir='ltr'>interdum</span> 
     </span>
     <span class='ocr_line' id='line_1_4' title="bbox 75 399 1525 463; baseline 0.004 -19"><span class='ocrx_word' id='word_1_17' title='bbox 75 403 152 444; x_wconf 89' lang='lat' dir='ltr'>cst</span> <span class='ocrx_word' id='word_1_18' title='bbox 177 399 341 446; x_wconf 83' lang='lat' dir='ltr'>otiosa</span> <span class='ocrx_word' id='word_1_19' title='bbox 364 399 642 462; x_wconf 78' lang='lat' dir='ltr'>loquacitas</span> <span class='ocrx_word' id='word_1_20' title='bbox 664 418 674 447; x_wconf 89' lang='grc'>;</span> <span class='ocrx_word' id='word_1_21' title='bbox 717 400 796 447; x_wconf 85' lang='lat' dir='ltr'>hic</span> <span class='ocrx_word' id='word_1_22' title='bbox 822 418 915 447; x_wconf 85' lang='lat' dir='ltr'>nos</span> <span class='ocrx_word' id='word_1_23' title='bbox 943 401 1124 463; x_wconf 77' lang='lat' dir='ltr'>frangit</span> <span class='ocrx_word' id='word_1_24' title='bbox 1159 402 1430 449; x_wconf 77' lang='lat' dir='ltr'>auctoritas</span> <span class='ocrx_word' id='word_1_25' title='bbox 1455 404 1525 450; x_wconf 91' lang='lat' dir='ltr'>in-</span> 
     </span>
     <span class='ocr_line' id='line_1_5' title="bbox 72 475 1524 540; baseline 0.005 -19"><span class='ocrx_word' id='word_1_26' title='bbox 72 475 353 523; x_wconf 84' lang='lat' dir='ltr'>eluctabilis</span> <span class='ocrx_word' id='word_1_27' title='bbox 390 483 680 524; x_wconf 85' lang='lat' dir='ltr'>onustorum</span> <span class='ocrx_word' id='word_1_28' title='bbox 707 477 968 540; x_wconf 80' lang='lat' dir='ltr'>triumphis</span> <span class='ocrx_word' id='word_1_29' title='bbox 1006 479 1207 536; x_wconf 90' lang='lat' dir='ltr'>ducum,</span> <span class='ocrx_word' id='word_1_30' title='bbox 1235 486 1283 526; x_wconf 89' lang='lat' dir='ltr'>et</span> <span class='ocrx_word' id='word_1_31' title='bbox 1319 481 1524 528; x_wconf 80' lang='lat' dir='ltr'>maximi</span> 
     </span>
     <span class='ocr_line' id='line_1_6' title="bbox 72 554 1522 618; baseline 0.004 -18"><span class='ocrx_word' id='word_1_32' title='bbox 72 560 191 615; x_wconf 85' lang='lat' dir='ltr'>post</span> <span class='ocrx_word' id='word_1_33' title='bbox 214 554 470 602; x_wconf 89' lang='lat' dir='ltr'>hominum</span> <span class='ocrx_word' id='word_1_34' title='bbox 491 555 779 602; x_wconf 75' lang='lat' dir='ltr'>memoriam</span> <span class='ocrx_word' id='word_1_35' title='bbox 803 556 991 618; x_wconf 89' lang='lat' dir='ltr'>imperii</span> <span class='ocrx_word' id='word_1_36' title='bbox 1013 557 1348 606; x_wconf 87' lang='lat' dir='ltr'>conditorum.</span> <span class='ocrx_word' id='word_1_37' title='bbox 1419 559 1522 606; x_wconf 85' lang='lat' dir='ltr'>De-</span> 
     </span>
     <span class='ocr_line' id='line_1_7' title="bbox 71 631 1522 696; baseline 0.004 -19"><span class='ocrx_word' id='word_1_38' title='bbox 71 631 220 695; x_wconf 88' lang='lat' dir='ltr'>nique</span> <span class='ocrx_word' id='word_1_39' title='bbox 244 631 441 679; x_wconf 88' lang='lat' dir='ltr'>illorum</span> <span class='ocrx_word' id='word_1_40' title='bbox 467 632 827 695; x_wconf 82' lang='lat' dir='ltr'>praeceptiones</span> <span class='ocrx_word' id='word_1_41' title='bbox 845 650 948 680; x_wconf 90' lang='lat' dir='ltr'>non</span> <span class='ocrx_word' id='word_1_42' title='bbox 973 634 1123 681; x_wconf 90' lang='lat' dir='ltr'>modo</span> <span class='ocrx_word' id='word_1_43' title='bbox 1149 634 1300 682; x_wconf 66' lang='lat' dir='ltr'>aridae</span> <span class='ocrx_word' id='word_1_44' title='bbox 1318 651 1375 682; x_wconf 88' lang='lat' dir='ltr'>ac</span> <span class='ocrx_word' id='word_1_45' title='bbox 1394 635 1522 696; x_wconf 87' lang='lat' dir='ltr'>jeju·-</span> 
     </span>
     <span class='ocr_line' id='line_1_8' title="bbox 68 709 1523 775; baseline 0.003 -19"><span class='ocrx_word' id='word_1_46' title='bbox 68 726 145 756; x_wconf 82' lang='lat' dir='ltr'>nae</span> <span class='ocrx_word' id='word_1_47' title='bbox 171 709 294 757; x_wconf 88' lang='lat' dir='ltr'>nihil</span> <span class='ocrx_word' id='word_1_48' title='bbox 319 709 505 758; x_wconf 86' lang='lat' dir='ltr'>habent</span> <span class='ocrx_word' id='word_1_49' title='bbox 529 710 779 767; x_wconf 74' lang='lat' dir='ltr'>lenocinii,</span> <span class='ocrx_word' id='word_1_50' title='bbox 799 711 921 758; x_wconf 90' lang='lat' dir='ltr'>nihil</span> <span class='ocrx_word' id='word_1_51' title='bbox 949 712 1235 775; x_wconf 85' lang='lat' dir='ltr'>voluptatis,</span> <span class='ocrx_word' id='word_1_52' title='bbox 1261 713 1350 760; x_wconf 88' lang='lat' dir='ltr'>sed</span> <span class='ocrx_word' id='word_1_53' title='bbox 1376 713 1523 761; x_wconf 90' lang='lat' dir='ltr'>etiam</span> 
     </span>
     <span class='ocr_line' id='line_1_9' title="bbox 68 786 1524 853; baseline 0.003 -20"><span class='ocrx_word' id='word_1_54' title='bbox 68 786 178 850; x_wconf 87' lang='lat' dir='ltr'>ipsa</span> <span class='ocrx_word' id='word_1_55' title='bbox 222 786 545 850; x_wconf 79' lang='lat' dir='ltr'>praecipiendi</span> <span class='ocrx_word' id='word_1_56' title='bbox 586 788 894 850; x_wconf 77' lang='lat' dir='ltr'>professione</span> <span class='ocrx_word' id='word_1_57' title='bbox 933 790 1210 836; x_wconf 78' lang='lat' dir='ltr'><strong>absterrent</strong></span> <span class='ocrx_word' id='word_1_58' title='bbox 1248 807 1306 837; x_wconf 83' lang='lat' dir='ltr'>ac</span> <span class='ocrx_word' id='word_1_59' title='bbox 1351 791 1524 853; x_wconf 77' lang='lat' dir='ltr'>fugant</span> 
     </span>
     <span class='ocr_line' id='line_1_10' title="bbox 67 864 1523 929; baseline 0.003 -18"><span class='ocrx_word' id='word_1_60' title='bbox 67 864 309 913; x_wconf 82' lang='lat' dir='ltr'>indociles</span> <span class='ocrx_word' id='word_1_61' title='bbox 352 866 646 929; x_wconf 84' lang='lat' dir='ltr'>plerumque</span> <span class='ocrx_word' id='word_1_62' title='bbox 681 867 937 915; x_wconf 91' lang='lat' dir='ltr'>hominum</span> <span class='ocrx_word' id='word_1_63' title='bbox 982 867 1203 915; x_wconf 84' lang='lat' dir='ltr'>animos:</span> <span class='ocrx_word' id='word_1_64' title='bbox 1265 867 1434 915; x_wconf 87' lang='lat' dir='ltr'>Livius</span> <span class='ocrx_word' id='word_1_65' title='bbox 1474 876 1523 915; x_wconf 88' lang='lat' dir='ltr'>ct</span> 
     </span>
     <span class='ocr_line' id='line_1_11' title="bbox 69 942 1522 1007; baseline 0.003 -18"><span class='ocrx_word' id='word_1_66' title='bbox 69 942 204 990; x_wconf 88' lang='lat' dir='ltr'>omni</span> <span class='ocrx_word' id='word_1_67' title='bbox 226 942 523 1007; x_wconf 75' lang='lat' dir='ltr'>eloquentiae</span> <span class='ocrx_word' id='word_1_68' title='bbox 550 943 689 990; x_wconf 85' lang='lat' dir='ltr'>cultu</span> <span class='ocrx_word' id='word_1_69' title='bbox 714 944 954 992; x_wconf 79' lang='lat' dir='ltr'>salutaria</span> <span class='ocrx_word' id='word_1_70' title='bbox 983 945 1172 992; x_wconf 89' lang='lat' dir='ltr'>monita</span> <span class='ocrx_word' id='word_1_71' title='bbox 1196 946 1344 993; x_wconf 87' lang='lat' dir='ltr'>vestit</span> <span class='ocrx_word' id='word_1_72' title='bbox 1368 953 1416 993; x_wconf 84' lang='lat' dir='ltr'>et</span> <span class='ocrx_word' id='word_1_73' title='bbox 1441 963 1522 994; x_wconf 76' lang='lat' dir='ltr'>cx-</span> 
     </span>
     <span class='ocr_line' id='line_1_12' title="bbox 68 1020 1519 1086; baseline 0.003 -20"><span class='ocrx_word' id='word_1_74' title='bbox 68 1028 227 1076; x_wconf 82' lang='lat' dir='ltr'>ornat,</span> <span class='ocrx_word' id='word_1_75' title='bbox 254 1020 397 1068; x_wconf 89' lang='lat' dir='ltr'>etita</span> <span class='ocrx_word' id='word_1_76' title='bbox 432 1021 652 1084; x_wconf 80' lang='lat' dir='ltr'>praecipit</span> <span class='ocrx_word' id='word_1_77' title='bbox 684 1028 739 1069; x_wconf 88' lang='lat' dir='ltr'>ut</span> <span class='ocrx_word' id='word_1_78' title='bbox 769 1038 971 1084; x_wconf 87' lang='lat' dir='ltr'>prorsus</span> <span class='ocrx_word' id='word_1_79' title='bbox 1007 1022 1161 1069; x_wconf 89' lang='lat' dir='ltr'>lateat</span> <span class='ocrx_word' id='word_1_80' title='bbox 1196 1023 1519 1086; x_wconf 62' lang='lat' dir='ltr'>praecipiendi</span> 
     </span>
     <span class='ocr_line' id='line_1_13' title="bbox 66 1097 1517 1162; baseline 0.003 -19"><span class='ocrx_word' id='word_1_81' title='bbox 66 1098 315 1147; x_wconf 88' lang='lat' dir='ltr'>voluntas.</span> <span class='ocrx_word' id='word_1_82' title='bbox 386 1097 598 1144; x_wconf 87' lang='lat' dir='ltr'>Nullum</span> <span class='ocrx_word' id='word_1_83' title='bbox 646 1098 697 1145; x_wconf 91' lang='lat' dir='ltr'>in</span> <span class='ocrx_word' id='word_1_84' title='bbox 742 1115 800 1145; x_wconf 88' lang='lat' dir='ltr'>eo</span> <span class='ocrx_word' id='word_1_85' title='bbox 848 1098 1118 1161; x_wconf 75' lang='lat' dir='ltr'>magisterii</span> <span class='ocrx_word' id='word_1_86' title='bbox 1167 1100 1517 1162; x_wconf 78' lang='lat' dir='ltr'>supercilium3</span> 
     </span>
     <span class='ocr_line' id='line_1_14' title="bbox 66 1173 1519 1239; baseline 0.004 -20"><span class='ocrx_word' id='word_1_87' title='bbox 66 1174 204 1221; x_wconf 89' lang='lat' dir='ltr'>nulla</span> <span class='ocrx_word' id='word_1_88' title='bbox 229 1173 454 1222; x_wconf 87' lang='lat' dir='ltr'>doctoris</span> <span class='ocrx_word' id='word_1_89' title='bbox 487 1191 728 1236; x_wconf 80' lang='lat' dir='ltr'>persona:</span> <span class='ocrx_word' id='word_1_90' title='bbox 776 1174 1000 1237; x_wconf 81' lang='lat' dir='ltr'>fallitque</span> <span class='ocrx_word' id='word_1_91' title='bbox 1037 1175 1304 1239; x_wconf 82' lang='lat' dir='ltr'>disciplina</span> <span class='ocrx_word' id='word_1_92' title='bbox 1328 1177 1519 1225; x_wconf 85' lang='lat' dir='ltr'>virtutis</span> 
     </span>
     <span class='ocr_line' id='line_1_15' title="bbox 67 1250 1520 1315; baseline 0.004 -18"><span class='ocrx_word' id='word_1_93' title='bbox 67 1258 180 1299; x_wconf 86' lang='lat' dir='ltr'>ante</span> <span class='ocrx_word' id='word_1_94' title='bbox 215 1251 466 1299; x_wconf 88' lang='lat' dir='ltr'>insinuata</span> <span class='ocrx_word' id='word_1_95' title='bbox 501 1250 761 1308; x_wconf 88' lang='lat' dir='ltr'>mentibus,</span> <span class='ocrx_word' id='word_1_96' title='bbox 788 1268 937 1314; x_wconf 87' lang='lat' dir='ltr'>quam</span> <span class='ocrx_word' id='word_1_97' title='bbox 962 1252 1055 1315; x_wconf 86' lang='lat' dir='ltr'>ipsi</span> <span class='ocrx_word' id='word_1_98' title='bbox 1085 1253 1169 1315; x_wconf 88' lang='lat' dir='ltr'>qui</span> <span class='ocrx_word' id='word_1_99' title='bbox 1207 1253 1407 1302; x_wconf 87' lang='lat' dir='ltr'>discunt</span> <span class='ocrx_word' id='word_1_100' title='bbox 1431 1256 1520 1303; x_wconf 91' lang='lat' dir='ltr'>do-</span> 
     </span>
     <span class='ocr_line' id='line_1_16' title="bbox 66 1328 621 1390; baseline 0 -14"><span class='ocrx_word' id='word_1_101' title='bbox 66 1329 165 1376; x_wconf 85' lang='lat' dir='ltr'>ceri</span> <span class='ocrx_word' id='word_1_102' title='bbox 189 1346 298 1377; x_wconf 84' lang='lat' dir='ltr'>sese</span> <span class='ocrx_word' id='word_1_103' title='bbox 323 1328 621 1390; x_wconf 82' lang='lat' dir='ltr'>intelligant.</span> 
     </span>
    </p>

    <p class='ocr_par' dir='ltr' id='par_1_3' title="bbox 62 1406 1731 1783">
     <span class='ocr_line' id='line_1_17' title="bbox 131 1406 1516 1471; baseline 0.004 -17"><span class='ocrx_word' id='word_1_104' title='bbox 131 1407 248 1455; x_wconf 88' lang='lat' dir='ltr'>Hoc</span> <span class='ocrx_word' id='word_1_105' title='bbox 295 1406 558 1454; x_wconf 88' lang='lat' dir='ltr'>artificium</span> <span class='ocrx_word' id='word_1_106' title='bbox 606 1407 788 1454; x_wconf 88' lang='lat' dir='ltr'>callide</span> <span class='ocrx_word' id='word_1_107' title='bbox 835 1408 1166 1471; x_wconf 84' lang='lat' dir='ltr'>deprehendit</span> <span class='ocrx_word' id='word_1_108' title='bbox 1215 1410 1287 1457; x_wconf 88' lang='lat' dir='ltr'>vir</span> <span class='ocrx_word' id='word_1_109' title='bbox 1331 1411 1516 1460; x_wconf 75' lang='lat' dir='ltr'>exculti</span> 
     </span>
     <span class='ocr_line' id='line_1_18' title="bbox 64 1485 1518 1550; baseline 0.001 -17"><span class='ocrx_word' id='word_1_110' title='bbox 64 1486 221 1533; x_wconf 85' lang='lat' dir='ltr'>multa</span> <span class='ocrx_word' id='word_1_111' title='bbox 260 1485 570 1533; x_wconf 84' lang='lat' dir='ltr'>humanitate</span> <span class='ocrx_word' id='word_1_112' title='bbox 608 1485 792 1548; x_wconf 82' lang='lat' dir='ltr'>ingenii</span> <span class='ocrx_word' id='word_1_113' title='bbox 833 1486 1166 1543; x_wconf 68' lang='lat' dir='ltr'>Coi-hinellus,</span> <span class='ocrx_word' id='word_1_114' title='bbox 1204 1487 1287 1550; x_wconf 89' lang='lat' dir='ltr'>qui</span> <span class='ocrx_word' id='word_1_115' title='bbox 1324 1497 1518 1535; x_wconf 72' lang='lat' dir='ltr'>senten-</span> 
     </span>
     <span class='ocr_line' id='line_1_19' title="bbox 62 1563 1731 1634; baseline 0.004 -24"><span class='ocrx_word' id='word_1_116' title='bbox 62 1563 157 1611; x_wconf 89' lang='lat' dir='ltr'>tias</span> <span class='ocrx_word' id='word_1_117' title='bbox 194 1580 221 1610; x_wconf 91' lang='lat' dir='ltr'>e</span> <span class='ocrx_word' id='word_1_118' title='bbox 257 1564 400 1611; x_wconf 91' lang='lat' dir='ltr'>Livio</span> <span class='ocrx_word' id='word_1_119' title='bbox 435 1564 679 1611; x_wconf 82' lang='lat' dir='ltr'>collectas</span> <span class='ocrx_word' id='word_1_120' title='bbox 716 1564 930 1611; x_wconf 88' lang='lat' dir='ltr'>contulit</span> <span class='ocrx_word' id='word_1_121' title='bbox 964 1564 1013 1610; x_wconf 91' lang='lat' dir='ltr'>in</span> <span class='ocrx_word' id='word_1_122' title='bbox 1054 1564 1297 1621; x_wconf 86' lang='lat' dir='ltr'>libellum,</span> <span class='ocrx_word' id='word_1_123' title='bbox 1326 1566 1511 1613; x_wconf 77' lang='lat' dir='ltr'>editum</span> <span class='ocrx_word' id='word_1_124' title='bbox 1529 1587 1731 1634; x_wconf 32' lang='lat' dir='ltr'>resumant</span> 
     </span>
     <span class='ocr_line' id='line_1_20' title="bbox 64 1630 1699 1705; baseline 0 -16"><span class='ocrx_word' id='word_1_125' title='bbox 64 1641 268 1690; x_wconf 89' lang='lat' dir='ltr'>Parisiis</span> <span class='ocrx_word' id='word_1_126' title='bbox 306 1659 437 1689; x_wconf 88' lang='lat' dir='ltr'>anno</span> <span class='ocrx_word' id='word_1_127' title='bbox 479 1645 618 1696; x_wconf 77' lang='lat'>1694.</span> <span class='ocrx_word' id='word_1_128' title='bbox 690 1642 750 1690; x_wconf 79' lang='lat' dir='ltr'>ln</span> <span class='ocrx_word' id='word_1_129' title='bbox 786 1642 975 1690; x_wconf 89' lang='lat' dir='ltr'>monito</span> <span class='ocrx_word' id='word_1_130' title='bbox 1010 1644 1146 1705; x_wconf 85' lang='lat' dir='ltr'>quod</span> <span class='ocrx_word' id='word_1_131' title='bbox 1190 1643 1304 1690; x_wconf 89' lang='lat' dir='ltr'>huic</span> <span class='ocrx_word' id='word_1_132' title='bbox 1347 1630 1699 1704; x_wconf 47' lang='lat' dir='ltr'>lil›ellor}{(¹s1¹1{‘t¹‡ee&#39;}f</span> 
     </span>
     <span class='ocr_line' id='line_1_21' title="bbox 62 1717 1689 1783; baseline 0.001 -17"><span class='ocrx_word' id='word_1_133' title='bbox 62 1721 321 1782; x_wconf 83' lang='lat' dir='ltr'>praefixum</span> <span class='ocrx_word' id='word_1_134' title='bbox 360 1726 450 1776; x_wconf 86' lang='lat' dir='ltr'>est,</span> <span class='ocrx_word' id='word_1_135' title='bbox 493 1719 728 1767; x_wconf 88' lang='lat' dir='ltr'>observat</span> <span class='ocrx_word' id='word_1_136' title='bbox 771 1720 946 1776; x_wconf 89' lang='lat' dir='ltr'>editor,</span> <span class='ocrx_word' id='word_1_137' title='bbox 990 1720 1165 1767; x_wconf 88' lang='lat' dir='ltr'>mirum</span> <span class='ocrx_word' id='word_1_138' title='bbox 1214 1717 1689 1783; x_wconf 48' lang='lat' dir='ltr'>quibusdansnaxim‘ss·</span> 
     </span>
    </p>
   </div>
   <div class='ocr_carea' id='block_1_3' title="bbox 1528 1759 1727 1790">
    <p class='ocr_par' dir='ltr' id='par_1_4' title="bbox 1528 1759 1727 1790">
     <span class='ocr_line' id='line_1_22' title="bbox 1528 1759 1727 1790; baseline 0.015 -2"><span class='ocrx_word' id='word_1_139' title='bbox 1528 1759 1663 1790; x_wconf 85' lang='lat' dir='ltr'>Premier</span> <span class='ocrx_word' id='word_1_140' title='bbox 1676 1771 1727 1790; x_wconf 86' lang='lat' dir='ltr'>vo-</span> 
     </span>
    </p>
   </div>
   <div class='ocr_carea' id='block_1_4' title="bbox 54 1797 1728 2795">
    <p class='ocr_par' dir='ltr' id='par_1_5' title="bbox 63 1797 1728 1940">
     <span class='ocr_line' id='line_1_23' title="bbox 63 1797 1728 1875; baseline 0.001 -31"><span class='ocrx_word' id='word_1_141' title='bbox 63 1797 271 1845; x_wconf 82' lang='lat' dir='ltr'>fortasse</span> <span class='ocrx_word' id='word_1_142' title='bbox 295 1797 449 1845; x_wconf 86' lang='lat' dir='ltr'>videri</span> <span class='ocrx_word' id='word_1_143' title='bbox 481 1814 646 1861; x_wconf 89' lang='lat' dir='ltr'>posse,</span> <span class='ocrx_word' id='word_1_144' title='bbox 672 1798 810 1860; x_wconf 89' lang='lat' dir='ltr'>quod</span> <span class='ocrx_word' id='word_1_145' title='bbox 838 1798 922 1861; x_wconf 87' lang='lat' dir='ltr'>qui</span> <span class='ocrx_word' id='word_1_146' title='bbox 958 1805 1057 1844; x_wconf 87' lang='lat' dir='ltr'>tam</span> <span class='ocrx_word' id='word_1_147' title='bbox 1084 1814 1185 1845; x_wconf 89' lang='lat' dir='ltr'>non</span> <span class='ocrx_word' id='word_1_148' title='bbox 1211 1799 1514 1847; x_wconf 82' lang='lat' dir='ltr'>sententiose</span> <span class='ocrx_word' id='word_1_149' title='bbox 1526 1802 1618 1875; x_wconf 43' lang='grc' dir='ltr'>Ῑιυὶῐξὲ]</span> <span class='ocrx_word' id='word_1_150' title='bbox 1659 1803 1728 1833; x_wconf 66' lang='lat' dir='ltr'>Tite</span> 
     </span>
     <span class='ocr_line' id='line_1_24' title="bbox 63 1874 1512 1940; baseline 0.002 -18"><span class='ocrx_word' id='word_1_151' title='bbox 63 1874 313 1938; x_wconf 86' lang='lat' dir='ltr'>scripserit</span> <span class='ocrx_word' id='word_1_152' title='bbox 334 1874 522 1931; x_wconf 85' lang='lat' dir='ltr'>Livius,</span> <span class='ocrx_word' id='word_1_153' title='bbox 548 1882 652 1922; x_wconf 91' lang='lat' dir='ltr'>tam</span> <span class='ocrx_word' id='word_1_154' title='bbox 676 1875 859 1921; x_wconf 84' lang='lat' dir='ltr'>multas</span> <span class='ocrx_word' id='word_1_155' title='bbox 885 1891 947 1922; x_wconf 85' lang='lat' dir='ltr'>ex</span> <span class='ocrx_word' id='word_1_156' title='bbox 966 1891 1055 1922; x_wconf 87' lang='lat' dir='ltr'>suo</span> <span class='ocrx_word' id='word_1_157' title='bbox 1072 1891 1219 1939; x_wconf 87' lang='lat' dir='ltr'>opere</span> <span class='ocrx_word' id='word_1_158' title='bbox 1245 1894 1512 1940; x_wconf 86' lang='lat' dir='ltr'>excerpen-</span> 
     </span>
    </p>

    <p class='ocr_par' dir='ltr' id='par_1_6' title="bbox 62 1952 1511 2017">
     <span class='ocr_line' id='line_1_25' title="bbox 62 1952 1511 2017; baseline 0.002 -18"><span class='ocrx_word' id='word_1_159' title='bbox 62 1952 154 1999; x_wconf 86' lang='lat' dir='ltr'>das</span> <span class='ocrx_word' id='word_1_160' title='bbox 179 1952 454 2000; x_wconf 85' lang='lat' dir='ltr'>sententias</span> <span class='ocrx_word' id='word_1_161' title='bbox 490 1953 766 2016; x_wconf 80' lang='lat' dir='ltr'>praebuerit.</span> <span class='ocrx_word' id='word_1_162' title='bbox 838 1954 938 2001; x_wconf 85' lang='lat' dir='ltr'>Sed</span> <span class='ocrx_word' id='word_1_163' title='bbox 965 1970 1146 2016; x_wconf 88' lang='lat' dir='ltr'>nempe</span> <span class='ocrx_word' id='word_1_164' title='bbox 1182 1955 1410 2017; x_wconf 78' lang='lat' dir='ltr'>egregius</span> <span class='ocrx_word' id='word_1_165' title='bbox 1439 1956 1511 2002; x_wconf 85' lang='lat' dir='ltr'>di-</span> 
     </span>
    </p>

    <p class='ocr_par' dir='ltr' id='par_1_7' title="bbox 58 2030 1512 2172">
     <span class='ocr_line' id='line_1_26' title="bbox 59 2030 1511 2096; baseline 0.001 -19"><span class='ocrx_word' id='word_1_166' title='bbox 59 2031 207 2078; x_wconf 88' lang='lat' dir='ltr'>cendi</span> <span class='ocrx_word' id='word_1_167' title='bbox 232 2030 423 2087; x_wconf 82' lang='lat' dir='ltr'>artifex,</span> <span class='ocrx_word' id='word_1_168' title='bbox 453 2048 574 2087; x_wconf 91' lang='lat' dir='ltr'>non,</span> <span class='ocrx_word' id='word_1_169' title='bbox 604 2030 890 2092; x_wconf 89' lang='lat' dir='ltr'>Polybiana</span> <span class='ocrx_word' id='word_1_170' title='bbox 917 2031 1250 2094; x_wconf 84' lang='lat' dir='ltr'>simplicitate,</span> <span class='ocrx_word' id='word_1_171' title='bbox 1272 2039 1511 2096; x_wconf 85' lang='lat' dir='ltr'>tanquam</span> 
     </span>
     <span class='ocr_line' id='line_1_27' title="bbox 58 2109 1512 2172; baseline 0.002 -17"><span class='ocrx_word' id='word_1_172' title='bbox 58 2125 333 2172; x_wconf 88' lang='lat' dir='ltr'>purpureos</span> <span class='ocrx_word' id='word_1_173' title='bbox 350 2126 560 2172; x_wconf 86' lang='lat' dir='ltr'>pannos,</span> <span class='ocrx_word' id='word_1_174' title='bbox 579 2109 848 2156; x_wconf 88' lang='lat' dir='ltr'>narrationi</span> <span class='ocrx_word' id='word_1_175' title='bbox 867 2109 1141 2158; x_wconf 87' lang='lat' dir='ltr'>sententias</span> <span class='ocrx_word' id='word_1_176' title='bbox 1160 2111 1332 2158; x_wconf 83' lang='lat' dir='ltr'>assuit.</span> <span class='ocrx_word' id='word_1_177' title='bbox 1382 2110 1512 2158; x_wconf 89' lang='lat' dir='ltr'>Lon-</span> 
     </span>
    </p>

    <p class='ocr_par' dir='ltr' id='par_1_8' title="bbox 57 2186 1511 2250">
     <span class='ocr_line' id='line_1_28' title="bbox 57 2186 1511 2250; baseline 0.002 -17"><span class='ocrx_word' id='word_1_178' title='bbox 57 2203 119 2249; x_wconf 83' lang='lat' dir='ltr'>ge</span> <span class='ocrx_word' id='word_1_179' title='bbox 142 2186 213 2234; x_wconf 87' lang='lat' dir='ltr'>illi</span> <span class='ocrx_word' id='word_1_180' title='bbox 248 2187 411 2247; x_wconf 85' lang='lat' dir='ltr'>major</span> <span class='ocrx_word' id='word_1_181' title='bbox 445 2194 520 2235; x_wconf 90' lang='lat' dir='ltr'>est</span> <span class='ocrx_word' id='word_1_182' title='bbox 542 2187 815 2234; x_wconf 87' lang='lat' dir='ltr'>venustatis</span> <span class='ocrx_word' id='word_1_183' title='bbox 853 2194 900 2234; x_wconf 90' lang='lat' dir='ltr'>et</span> <span class='ocrx_word' id='word_1_184' title='bbox 933 2188 1282 2250; x_wconf 82' lang='lat' dir='ltr'>aequabilitatis</span> <span class='ocrx_word' id='word_1_185' title='bbox 1317 2189 1367 2236; x_wconf 92' lang='lat' dir='ltr'>in</span> <span class='ocrx_word' id='word_1_186' title='bbox 1392 2189 1511 2236; x_wconf 91' lang='lat' dir='ltr'>scri-</span> 
     </span>
    </p>

    <p class='ocr_par' dir='ltr' id='par_1_9' title="bbox 56 2265 1664 2485">
     <span class='ocr_line' id='line_1_29' title="bbox 56 2265 1509 2329; baseline 0.001 -18"><span class='ocrx_word' id='word_1_187' title='bbox 56 2265 223 2312; x_wconf 89' lang='lat' dir='ltr'>bendo</span> <span class='ocrx_word' id='word_1_188' title='bbox 260 2282 393 2313; x_wconf 87' lang='lat' dir='ltr'>cura.</span> <span class='ocrx_word' id='word_1_189' title='bbox 464 2265 570 2312; x_wconf 90' lang='lat' dir='ltr'>Dat</span> <span class='ocrx_word' id='word_1_190' title='bbox 603 2266 770 2329; x_wconf 83' lang='lat' dir='ltr'>itaque</span> <span class='ocrx_word' id='word_1_191' title='bbox 805 2281 1021 2328; x_wconf 86' lang='lat' dir='ltr'>operam,</span> <span class='ocrx_word' id='word_1_192' title='bbox 1060 2283 1133 2322; x_wconf 77' lang='lat' dir='ltr'>ne,</span> <span class='ocrx_word' id='word_1_193' title='bbox 1170 2267 1308 2329; x_wconf 88' lang='lat' dir='ltr'>quod</span> <span class='ocrx_word' id='word_1_194' title='bbox 1335 2273 1509 2329; x_wconf 86' lang='lat' dir='ltr'>postea</span> 
     </span>
     <span class='ocr_line' id='line_1_30' title="bbox 58 2341 1664 2408; baseline 0.002 -19"><span class='ocrx_word' id='word_1_195' title='bbox 58 2341 325 2391; x_wconf 88' lang='lat' dir='ltr'>Petronius</span> <span class='ocrx_word' id='word_1_196' title='bbox 362 2343 568 2398; x_wconf 90' lang='lat' dir='ltr'>monuit,</span> <span class='ocrx_word' id='word_1_197' title='bbox 609 2345 858 2391; x_wconf 62' lang='lat' dir='ltr'>sententia?</span> <span class='ocrx_word' id='word_1_198' title='bbox 892 2345 1130 2391; x_wconf 75' lang='lat' dir='ltr'>emineant</span> <span class='ocrx_word' id='word_1_199' title='bbox 1163 2353 1306 2392; x_wconf 74' lang='lat' dir='ltr'>extra</span> <span class='ocrx_word' id='word_1_200' title='bbox 1335 2361 1664 2408; x_wconf 52' lang='lat' dir='ltr'>corpussmync.</span> 
     </span>
     <span class='ocr_line' id='line_1_31' title="bbox 56 2404 1592 2485; baseline 0.002 -18"><span class='ocrx_word' id='word_1_201' title='bbox 56 2422 296 2468; x_wconf 76' lang='lat' dir='ltr'>orationis</span> <span class='ocrx_word' id='word_1_202' title='bbox 318 2438 571 2485; x_wconf 71' lang='lat' dir='ltr'>expressoe,</span> <span class='ocrx_word' id='word_1_203' title='bbox 586 2424 671 2468; x_wconf 77' lang='lat' dir='ltr'>sed</span> <span class='ocrx_word' id='word_1_204' title='bbox 691 2424 880 2470; x_wconf 69' lang='lat' dir='ltr'>intexto</span> <span class='ocrx_word' id='word_1_205' title='bbox 900 2423 1110 2470; x_wconf 76' lang='lat' dir='ltr'>vestibus</span> <span class='ocrx_word' id='word_1_206' title='bbox 1124 2423 1282 2470; x_wconf 80' lang='lat' dir='ltr'>colore</span> <span class='ocrx_word' id='word_1_207' title='bbox 1298 2424 1502 2471; x_wconf 76' lang='lat' dir='ltr'>niteant.</span> <span class='ocrx_word' id='word_1_208' title='bbox 1519 2404 1592 2433; x_wconf 54' lang='grc' dir='ltr'>Μ’</span> 
     </span>
    </p>

    <p class='ocr_par' dir='ltr' id='par_1_10' title="bbox 54 2497 1709 2795">
     <span class='ocr_line' id='line_1_32' title="bbox 119 2497 1692 2568; baseline 0.003 -23"><span class='ocrx_word' id='word_1_209' title='bbox 119 2497 150 2543; x_wconf 91' lang='lat' dir='ltr'>J</span> <span class='ocrx_word' id='word_1_210' title='bbox 156 2514 237 2545; x_wconf 86' lang='lat' dir='ltr'>am</span> <span class='ocrx_word' id='word_1_211' title='bbox 268 2499 417 2562; x_wconf 83' lang='lat' dir='ltr'>igitur</span> <span class='ocrx_word' id='word_1_212' title='bbox 451 2516 646 2563; x_wconf 85' lang='lat' dir='ltr'>aequam</span> <span class='ocrx_word' id='word_1_213' title='bbox 672 2499 736 2546; x_wconf 88' lang='lat' dir='ltr'>de</span> <span class='ocrx_word' id='word_1_214' title='bbox 772 2499 915 2547; x_wconf 90' lang='lat' dir='ltr'>Livio</span> <span class='ocrx_word' id='word_1_215' title='bbox 939 2500 1171 2547; x_wconf 89' lang='lat' dir='ltr'>videmur</span> <span class='ocrx_word' id='word_1_216' title='bbox 1198 2502 1321 2548; x_wconf 91' lang='lat' dir='ltr'>ferre</span> <span class='ocrx_word' id='word_1_217' title='bbox 1357 2517 1692 2568; x_wconf 42' lang='lat' dir='ltr'>posseaucupiam⁸</span> 
     </span>
     <span class='ocr_line' id='line_1_33' title="bbox 54 2562 1709 2641; baseline 0.001 -18"><span class='ocrx_word' id='word_1_218' title='bbox 54 2576 370 2627; x_wconf 87' lang='lat' dir='ltr'>sententiam.</span> <span class='ocrx_word' id='word_1_219' title='bbox 441 2577 566 2625; x_wconf 88' lang='lat' dir='ltr'>Tres</span> <span class='ocrx_word' id='word_1_220' title='bbox 589 2577 853 2641; x_wconf 81' lang='lat' dir='ltr'>praecipuae</span> <span class='ocrx_word' id='word_1_221' title='bbox 880 2584 995 2626; x_wconf 88' lang='lat' dir='ltr'>sunt</span> <span class='ocrx_word' id='word_1_222' title='bbox 1024 2578 1238 2626; x_wconf 77' lang='lat' dir='ltr'>historiae</span> <span class='ocrx_word' id='word_1_223' title='bbox 1262 2580 1423 2633; x_wconf 87' lang='lat' dir='ltr'>dotes,</span> <span class='ocrx_word' id='word_1_224' title='bbox 1449 2562 1647 2636; x_wconf 51' lang='lat' dir='ltr'>utssssssgfffl</span> <span class='ocrx_word' id='word_1_225' title='bbox 1664 2563 1709 2594; x_wconf 62' lang='lat'>¹¹¹*</span> 
     </span>
     <span class='ocr_line' id='line_1_34' title="bbox 54 2655 1502 2721; baseline 0 -21"><span class='ocrx_word' id='word_1_226' title='bbox 54 2670 186 2710; x_wconf 86' lang='lat' dir='ltr'>vera,</span> <span class='ocrx_word' id='word_1_227' title='bbox 211 2660 266 2701; x_wconf 91' lang='lat' dir='ltr'>ut</span> <span class='ocrx_word' id='word_1_228' title='bbox 284 2657 527 2719; x_wconf 84' lang='lat' dir='ltr'>jucunda,</span> <span class='ocrx_word' id='word_1_229' title='bbox 548 2664 601 2703; x_wconf 88' lang='lat' dir='ltr'>ut</span> <span class='ocrx_word' id='word_1_230' title='bbox 626 2656 756 2703; x_wconf 86' lang='lat' dir='ltr'>utilis</span> <span class='ocrx_word' id='word_1_231' title='bbox 781 2655 861 2705; x_wconf 85' lang='lat' dir='ltr'>sit.</span> <span class='ocrx_word' id='word_1_232' title='bbox 930 2657 1098 2721; x_wconf 86' lang='lat' dir='ltr'>Atque</span> <span class='ocrx_word' id='word_1_233' title='bbox 1124 2657 1251 2704; x_wconf 88' lang='lat' dir='ltr'>adeo</span> <span class='ocrx_word' id='word_1_234' title='bbox 1269 2655 1361 2702; x_wconf 89' lang='lat' dir='ltr'>tria</span> <span class='ocrx_word' id='word_1_235' title='bbox 1385 2661 1502 2701; x_wconf 86' lang='lat' dir='ltr'>sunt</span> 
     </span>
     <span class='ocr_line' id='line_1_35' title="bbox 54 2730 1498 2795; baseline 0 -18"><span class='ocrx_word' id='word_1_236' title='bbox 54 2730 275 2778; x_wconf 87' lang='lat' dir='ltr'>historici</span> <span class='ocrx_word' id='word_1_237' title='bbox 301 2732 480 2789; x_wconf 86' lang='lat' dir='ltr'>officia,</span> <span class='ocrx_word' id='word_1_238' title='bbox 507 2740 561 2780; x_wconf 87' lang='lat' dir='ltr'>ut</span> <span class='ocrx_word' id='word_1_239' title='bbox 593 2750 671 2780; x_wconf 87' lang='lat' dir='ltr'>res</span> <span class='ocrx_word' id='word_1_240' title='bbox 695 2739 860 2795; x_wconf 81' lang='lat' dir='ltr'>gestas</span> <span class='ocrx_word' id='word_1_241' title='bbox 885 2750 997 2781; x_wconf 88' lang='lat' dir='ltr'>cum</span> <span class='ocrx_word' id='word_1_242' title='bbox 1030 2734 1128 2780; x_wconf 91' lang='lat' dir='ltr'>fide</span> <span class='ocrx_word' id='word_1_243' title='bbox 1167 2739 1498 2795; x_wconf 82' lang='lat' dir='ltr'>repraesentet,</span> 
     </span>
    </p>
   </div>
   <div class='ocr_carea' id='block_1_5' title="bbox 53 2807 1495 2927">
    <p class='ocr_par' dir='ltr' id='par_1_11' title="bbox 53 2807 1495 2927">
     <span class='ocr_line' id='line_1_36' title="bbox 53 2807 1495 2872; baseline 0 -18"><span class='ocrx_word' id='word_1_244' title='bbox 53 2814 105 2854; x_wconf 89' lang='lat' dir='ltr'>ut</span> <span class='ocrx_word' id='word_1_245' title='bbox 128 2807 185 2855; x_wconf 89' lang='lat' dir='ltr'>iis</span> <span class='ocrx_word' id='word_1_246' title='bbox 210 2809 484 2857; x_wconf 88' lang='lat' dir='ltr'>tractandis</span> <span class='ocrx_word' id='word_1_247' title='bbox 508 2809 845 2872; x_wconf 89' lang='lat' dir='ltr'>eloquentiam</span> <span class='ocrx_word' id='word_1_248' title='bbox 873 2810 1127 2864; x_wconf 81' lang='lat' dir='ltr'>adhibeat,</span> <span class='ocrx_word' id='word_1_249' title='bbox 1155 2815 1210 2855; x_wconf 91' lang='lat' dir='ltr'>ut</span> <span class='ocrx_word' id='word_1_250' title='bbox 1233 2809 1411 2855; x_wconf 88' lang='lat' dir='ltr'>hausta</span> <span class='ocrx_word' id='word_1_251' title='bbox 1434 2825 1495 2855; x_wconf 76' lang='lat' dir='ltr'>ex</span> 
     </span>
     <span class='ocr_line' id='line_1_37' title="bbox 736 2892 805 2927; baseline 0.014 -1"><span class='ocrx_word' id='word_1_252' title='bbox 736 2900 759 2926; x_wconf 93' lang='lat' dir='ltr'>c</span> <span class='ocrx_word' id='word_1_253' title='bbox 783 2892 805 2927; x_wconf 81' lang='lat'><strong>3</strong></span> 
     </span>
    </p>
   </div>
  </div>
 </body>
</html>
