1826 3149
339 109 411 142 130
863 106 1002 146 ΤΙΤΙ
1043 106 1211 144 LIVII

128 223 170 254 U„
184 222 220 253 C.
233 222 306 253 583.

129 265 156 294 A
183 265 208 295 C
236 265 294 296 169
338 220 504 270 recepto
532 214 682 265 animo,
704 215 838 264 malle,
856 214 1036 279 imperiis
1066 216 1150 258 suis
1179 231 1259 266 non
1286 215 1617 270 obtemperatum
1637 227 1738 261 esse,

338 285 469 325 quum
500 271 710 327 trepidans
738 286 894 326 gazam·
914 287 954 312 m
981 287 1092 312 mare
1117 272 1238 329 dejici
1266 272 1408 321 Pellae,
1432 269 1737 311 Thessalonicae

338 327 500 367 navalia
521 328 702 381 jusserat
731 327 904 367 incendi.
965 328 1245 378 Andronicus,
1280 326 1615 369 Thessalonicam
1644 325 1739 365 mis-

337 398 422 433 sus,
445 391 627 425 traxerat
660 392 838 439 tempuS‚
869 383 951 424 ⁵9id
983 385 1120 440 ipsum
1152 385 1266 440 quod
1298 385 1460 434 accidit,
1482 382 1738 439 poenitentiae

338 439 572 495 relinquens
602 440 748 480 locum.
781 439 984 481 incautior
1015 440 1154 481 Nicias
1185 441 1312 481 Pellae
1340 438 1594 497 projiciendo
1623 438 1657 462 ⁶⁰
1668 452 1737 493 pe-

338 495 470 536 cuniae
490 505 665 551 partem,
686 495 801 551 quod
821 496 957 538 fuerat
984 505 1155 538 nactus:
1189 497 1260 537 sed
1280 497 1311 521 ⁶¹
1325 497 1366 537 in
1393 512 1479 538 rem
1506 494 1740 536 emendabi-

339 551 418 592 lem
450 552 562 592 visus
589 552 728 607 lapsus
754 567 853 602 esse,
881 552 994 608 quod
1020 568 1094 608 per
1121 553 1350 594 urinatores
1374 568 1494 594 omne
1518 552 1646 592 ferme
1669 565 1739 591 ex-

339 615 518 649 tractum
545 617 618 649 est.
650 616 875 664 tantusque
898 609 1035 665 pudor
1063 609 1149 664 regi
1205 610 1338 650 avoris
1358 610 1447 665 ejus
1468 608 1564 658 fuit,
1586 616 1633 648 ut
1654 606 1737 647 uri-

337 672 500 705 natores
523 664 627 705 clam
654 665 826 706 interfici
843 666 1038 721 jusserit3
1072 625 1220 706 ᾶρίηὲθ
1249 665 1538 707 Andronicum
1568 678 1737 719 quoque

130 727 234 758 Variae
251 739 300 759 ur·
337 728 378 760 et
400 721 561 770 Nician,
583 737 634 762 ne
658 722 751 776 quis
782 730 866 762 tam
896 722 1097 764 dementis
1124 722 1283 778 imperii
1305 721 1490 763 conscius
1510 720 1736 782 exsisteret.

127 770 214 840 2⁶3³
230 771 323 802 Rom.
339 777 454 816 Inter
475 777 562 818 haec
585 779 632 818 C.
656 778 857 828 Marcius,
879 794 973 819 cum
1003 779 1129 819 classe
1158 780 1210 820 ab
1245 778 1448 820 Heracleo
1477 776 1739 818 Thessaloni-

126 819 316 885 &gratem
334 847 423 873 cam
444 834 669 888 profectus,
687 842 727 875 et
757 850 904 889 agrum
934 834 1125 890 pluribus
1154 835 1266 885 locis,
1289 834 1485 891 expositis
1514 848 1588 889 per
1617 832 1739 874 litora

334 890 516 940 armatis,
558 891 639 931 late
679 891 870 940 vastavit,
901 900 942 932 et
981 900 1268 946 procurrentes
1307 893 1359 933 ab
1399 891 1516 941 urbe,
1550 889 1740 930 secundis

335 945 494 1001 aliquot
533 947 703 1003 proeliis,
745 947 927 1003 trepidos
966 947 1075 988 intra
1114 949 1266 988 moenia
1308 947 1521 1004 compulit.
1565 946 1739 1002 jamque

334 1002 413 1057 ipsi
449 1003 543 1044 urbi
580 1003 773 1045 terribilis
807 1012 910 1054 erat,
943 1003 1128 1059 6Qquum,
1162 1005 1374 1060 vdispositis
1414 1003 1545 1044 omnis
1578 1002 1740 1058 generis

335 1059 564 1109 tormentis,
601 1075 683 1100 non
717 1060 812 1115 vagi
847 1060 971 1100 modo
1002 1059 1110 1101 circa
1140 1076 1294 1111 muros,
1329 1070 1482 1102 temere
1516 1059 1738 1114 adpropin-

334 1123 525 1169 quantes,
559 1115 629 1156 sed
662 1116 785 1157 etiam
817 1117 889 1171 qui
929 1116 970 1156 in
1005 1117 1180 1158 navibus
1220 1126 1350 1167 erant,
1388 1117 1496 1158 saxis
1531 1123 1737 1157 tormento

334 1171 606 1213 emicantibus
646 1172 1036 1228 ⁶³percutiebantur.
1110 1174 1330 1215 Revocatis
1363 1173 1494 1229 igitur
1532 1172 1574 1212 in
1613 1186 1738 1212 naves

334 1227 550 1277 militibus,
590 1229 820 1284 omissaque
857 1229 1162 1271 Thessalonicae
1201 1229 1525 1286 obpugnatione,
1567 1227 1735 1268 AEniam

333 1282 427 1323 inde
454 1293 615 1340 petunt.
647 1285 882 1342 quindecim
914 1285 1042 1326 millia
1073 1301 1269 1342 passuum
1297 1302 1344 1327 ea
1376 1287 1475 1327 urbs
1507 1285 1637 1334 abest,
1666 1284 1737 1325 ad-

333 1353 475 1380 versus
517 1341 708 1396 Pydnam
748 1342 896 1397 posita,
937 1342 1064 1383 fertili
1103 1358 1214 1398 agro.
1290 1342 1542 1384 Pervastatis
1582 1342 1737 1382 finibus

331 1396 435 1450 ejus,
458 1396 639 1452 legentes
667 1413 796 1447 oram,
820 1398 1099 1453 Antigoneam
1129 1399 1387 1455 perveniunt.
1419 1398 1491 1449 ibi,
1513 1397 1663 1454 egressi
1694 1397 1736 1437 in

331 1460 498 1503 terram,
534 1454 667 1509 primo
702 1462 743 1495 et
783 1462 999 1495 vastarunt
1038 1470 1158 1510 agros
1192 1455 1358 1511 passim,
1394 1463 1434 1496 et
1475 1455 1734 1510 aliquantum

331 1508 486 1563 praedae
507 1510 772 1552 contulerunt
793 1510 846 1551 ad
866 1526 1000 1552 naves.
1052 1511 1147 1552 dein
1171 1512 1332 1567 palatos
1352 1527 1420 1553 eos
1440 1510 1574 1552 adorti
1596 1511 1736 1551 Mace-

330 1564 472 1615 dones,
503 1566 622 1607 mixti
652 1567 812 1622 pedites
841 1568 1099 1622 equitesque,
1130 1568 1336 1623 fugientes
1372 1568 1499 1609 effuse
1535 1567 1590 1608 ad
1624 1581 1736 1608 mare

330 1622 549 1676 persecuti,
571 1623 820 1678 quingentos
849 1623 978 1663 ferme
1006 1624 1259 1674 occiderunt,
1281 1633 1322 1666 et
1352 1639 1434 1665 non
1463 1623 1599 1664 minus
1619 1638 1735 1679 cepe-

329 1686 440 1718 runt.
501 1678 589 1718 Nec
609 1679 738 1728 aliud,
760 1694 885 1734 quam
907 1679 1053 1720 ultima
1073 1680 1303 1729 necessitas,
1325 1695 1457 1736 quum
1484 1680 1664 1735 recipere
1691 1695 1733 1720 se

329 1740 423 1774 tuto
452 1733 505 1774 ad
535 1750 658 1775 naves
687 1735 1020 1790 prohiberentur,
1048 1736 1204 1777 animos
1225 1737 1405 1778 militum
1432 1737 1732 1784 Romanorum,

329 1788 451 1830 simul
483 1790 766 1846 desperatione
800 1792 880 1832 alia
911 1792 1068 1842 salutis,
1098 1793 1220 1834 simul
1252 1793 1514 1848 indignitate,
1539 1792 1730 1834 irritavit.

330 1845 631 1902 Redintegrata
659 1848 701 1887 in
732 1848 850 1888 litore
879 1863 1022 1904 pugna
1050 1858 1122 1890 est.
1154 1850 1352 1905 adjuvere
1373 1858 1428 1899 et,
1452 1849 1525 1904 qui
1551 1849 1593 1889 in
1621 1848 1734 1889 navi-

328 1901 406 1942 bus
436 1912 562 1944 crant.
626 1904 693 1944 Ibi
724 1904 1003 1945 Macedonum
1035 1905 1202 1947 ducenti
1232 1907 1359 1947 ferme
1390 1906 1511 1953 caesi3
1553 1920 1629 1961 par
1658 1920 1733 1946 nu-

327 1972 465 1999 merus
502 1967 660 2014 captus
721 1960 792 2001 Ab
825 1962 1064 2016 Antigonea
1095 1962 1233 2003 classis
1267 1963 1468 2017 profecta,
1504 1962 1557 2003 ad
1584 1977 1731 2017 agrum

328 2014 609 2056 Pallenensem
649 2017 950 2058 exscensionem
983 2017 1036 2058 ad
1070 2019 1357 2074 populandum
1392 2018 1502 2059 fecit.
1564 2018 1731 2058 Finium

326 2069 360 2109 is
389 2086 487 2126 ager
518 2072 881 2115 Cassandrensium
911 2082 1013 2125 erat,
1036 2074 1156 2131 longe
1177 2075 1453 2118 fertilissimus
1478 2074 1610 2116 omnis
1633 2090 1734 2127 orae,

366 2212 407 2241 59
444 2211 573 2251 Idipsum
594 2216 668 2253 quod
689 2216 806 2251 accidit,
828 2217 1004 2254 poenitentiae

321 2254 484 2293 relinquens
505 2256 612 2296 Iocum]
637 2258 752 2288 Scabra
775 2258 929 2288 Gronovio
960 2259 1002 2288 vi·

323 2295 412 2326 detur
438 2297 504 2327 haec
527 2299 635 2333 oratio,
660 2310 719 2330 non
744 2300 839 2330 nobis.
883 2301 1004 2331 *Nulla

325 2337 374 2368 hic
400 2339 457 2369 erit
478 2339 653 2376 difficultas,
674 2342 699 2372 si
722 2342 753 2372 in
776 2343 1004 2384 interpretando

325 2381 528 2412 membrorum
555 2383 693 2414 ordinem
717 2385 885 2415 inverteris.
908 2387 1000 2418 ‘sfir-

325 2424 456 2453 nilentioe
508 2427 669 2465 relinquens
723 2428 825 2461 locum,
879 2430 1003 2467 idipsum

324 2467 397 2504 quod
411 2468 526 2502 accidit,
541 2467 573 2497 id
589 2474 645 2503 est,
661 2470 741 2509 quod
758 2469 883 2510 quidem
902 2470 1002 2512 ipsum

322 2507 448 2544 accidit,
461 2519 570 2551 nempe
582 2516 616 2540 ut
630 2521 732 2551 regem
744 2511 919 2553 poeniteret.

366 2551 406 2581 60
444 2552 580 2582 Pecmziae
620 2560 743 2592 partem,
788 2556 860 2594 quod
895 2555 1004 2596 ficerat

323 2599 425 2623 nactus
464 2595 505 2625 Et
526 2595 607 2625 hunc
633 2595 734 2626 locum
756 2597 1005 2638 Gronoviuspost

323 2635 429 2666 Freins
452 2636 564 2667 emium
615 2638 798 2679 conjecturis
847 2640 1002 2671 sollicitat.

323 2677 422 2708 Nobis
447 2678 521 2708 nihil
550 2679 668 2710 videtur
694 2691 760 2712 esse
783 2681 859 2712 vitii.
906 2682 999 2711 Pecto-

321 2721 376 2749 wziae
408 2728 529 2759 partem,
568 2723 685 2753 scilicet
710 2725 748 2753 vid
790 2726 862 2763 quod
892 2723 1000 2764 fuerat

322 2769 432 2793 nactus.

364 2805 401 2834 61
437 2805 473 2835 In
502 2819 560 2837 rem
587 2809 785 2838 emendabilem
810 2830 818 2837 .
843 2831 850 2838 .
874 2832 881 2839 .
905 2809 999 2848 lapsus

319 2848 388 2886 esse]
416 2848 518 2879 Potest
543 2851 662 2882 toleraii
680 2851 848 2891 vulgatum.
896 2853 998 2892 Magis

1045 2222 1149 2247 tamen
1171 2217 1319 2259 placeret,
1349 2216 1431 2259 quod
1456 2215 1579 2256 subjicit
1605 2216 1727 2247 Grono-

1046 2260 1123 2295 vius,
1136 2262 1145 2290 i
1149 2272 1167 2290 n
1179 2272 1302 2291 errorem
1316 2281 1325 2290 .
1347 2281 1355 2290 .
1370 2260 1582 2290 emendabilem.

1098 2303 1139 2333 62
1175 2303 1273 2337 Quum
1316 2303 1455 2341 dispositis
1494 2303 1583 2331 omnis
1614 2303 1730 2343 generis

1046 2346 1207 2385 tormentis]
1232 2345 1282 2375 Ab
1306 2344 1342 2375 iis
1379 2344 1431 2385 qui
1460 2342 1493 2373 in
1517 2344 1592 2374 urbe
1628 2349 1727 2375 erant.

1045 2387 1097 2417 *T
1098 2393 1149 2419 ota
1169 2387 1312 2429 periodus
1333 2387 1449 2417 habere
1469 2386 1590 2417 videtur
1610 2385 1729 2427 aliquid

1044 2430 1164 2460 obscuri
1204 2436 1326 2471 propter
1366 2429 1493 2459 nimiam
1531 2428 1726 2461 brevitatem.

1046 2473 1159 2502 Sensus
1181 2478 1247 2502 est:
1273 2472 1401 2513 jamque
1423 2470 1481 2512 ipsi
1497 2471 1563 2501 urbi
1584 2471 1728 2502 terribilis

1047 2520 1122 2549 erat,
1138 2525 1232 2555 quum
1255 2515 1355 2545 subito
1377 2524 1523 2544 conversa
1552 2519 1597 2543 est
1626 2524 1726 2544 rerum

1045 2556 1150 2592 facies,
1180 2557 1334 2598 dispositis
1368 2566 1458 2597 super
1501 2555 1584 2586 urbis
1625 2566 1727 2587 muros

1046 2599 1215 2635 tormentis,
1230 2599 1341 2640 quibus
1361 2598 1505 2633 Romani,
1526 2604 1557 2628 et
1579 2598 1611 2628 in
1633 2599 1724 2639 agris,

1046 2646 1077 2671 et
1092 2641 1123 2671 in
1138 2641 1211 2682 ipsis
1226 2652 1347 2682 quoque
1363 2641 1492 2672 navibus
1509 2641 1725 2682 percutieban-

1043 2689 1102 2714 tur.
1153 2684 1263 2724 Itaque
1292 2684 1437 2714 absistere
1470 2683 1593 2725 incepto
1626 2683 1724 2714 coacti

1043 2731 1125 2757 sunt.
1326 2749 1343 2756 -

1085 2770 1125 2799 63
1164 2769 1421 2810 Percutiebanqu]
1468 2769 1551 2810 Lege
1593 2774 1723 2808 percute-

1044 2818 1153 2841 rentur.
1344 2813 1361 2820 ⁹
