1831 3194
511 104 760 143 LIBROR.
795 101 1067 140 DEPERD.

1430 103 1450 135 ²0

1456 103 1502 139 Ξ

661 305 931 359 LXXXI.

160 417 207 458 L.
221 416 333 458 Sulla
352 413 543 459 Athenas,
561 426 659 465 quas
676 411 908 457 Archelaus,
926 404 1130 460 prcefectus
1145 401 1423 450 Mithridatis,
1437 415 1499 440 oc-

99 480 283 527 cuparat,
306 471 566 520 circumsedit,
597 475 632 508 et
662 481 744 508 cum
775 479 922 519 magno
951 464 1088 504 labore
1117 460 1380 514 expugnavit.
1410 457 1501 497 urbi

98 533 339 582 libertatem,
371 535 407 569 et
437 528 594 574 civibus,
626 539 713 579 quce
742 523 977 571 habuerant,
1007 520 1199 560 reddidit.
1258 515 1500 569 Magnesia,

100 602 189 642 quae
207 589 291 628 sola
321 588 364 626 in
385 585 485 626 Asia
505 584 650 624 civitas
670 583 712 621 in
723 582 818 634 fide
847 583 1060 627 mansciat,
1081 589 1227 616 summa
1259 573 1409 613 virtute
1429 572 1502 610 ad·-

98 659 229 686 versus
248 643 535 685 Mithridatem
558 638 720 692 defensa
742 644 811 678 est.
876 637 896 677 1
902 637 1083 675 'ra’terea
1111 633 1312 672 Thracum
1340 630 1379 670 in
1402 629 1459 668 M
1458 641 1503 667 a-

100 701 262 743 cedonia
283 700 451 741 continet
470 704 600 753 gesta.

652 843 946 899 LXXXII.

156 957 270 998 Sulla
290 956 425 1008 copias
444 954 561 1008 regis,
577 966 675 1007 qnce,
697 949 946 992 Macedonia
968 950 1170 998 occupata,
1188 943 1227 982 in
1253 940 1503 982 Thessaliam

100 1019 305 1062 venerant,
324 1013 463 1064 proelio
483 1011 594 1061 vicit,
610 1009 719 1049 coesis
738 1008 901 1047 hostium
922 1010 1073 1044 centum
1094 1001 1279 1047 millibus,
1302 1004 1339 1038 et
1361 997 1504 1037 castris

101 1085 252 1125 quoque
272 1069 522 1122 expugnatis.
582 1068 794 1106 Renovato
824 1062 965 1102 deinde
988 1060 1102 1107 bello,
1123 1059 1260 1097 iterum
1291 1055 1503 1094 exercitum

101 1129 204 1182 regis
216 1127 338 1180 ficdit
358 1140 408 1165 ac
437 1125 594 1165 delevit.
655 1121 876 1163 Archelaus
905 1132 987 1158 cum
1018 1117 1141 1156 classe
1169 1113 1285 1166 regia
1315 1110 1437 1152 Sullae
1464 1123 1506 1150 se

101 1184 288 1225 tradidit.
347 1183 398 1223 L.
427 1181 604 1222 Valerius
635 1180 803 1220 Flaccus
823 1176 966 1223 consul,
989 1173 1141 1225 collega
1175 1171 1330 1217 Cinnoe,
1354 1167 1503 1216 missus,

103 1248 147 1281 ut
166 1242 289 1283 Sullce
315 1240 546 1285 succederet,
567 1243 730 1290 propter
750 1234 966 1275 avaritiam
994 1230 1142 1270 invisus
1161 1226 1355 1268 exercitui
1374 1238 1457 1274 suo,
1478 1237 1505 1262 a

106 1299 152 1339 C.
171 1297 355 1339 Fimbria
386 1296 516 1350 legato
536 1295 670 1347 ipsius,
691 1293 843 1333 ultima?
872 1288 1056 1330 audaciae
1084 1285 1248 1332 homine,
1271 1283 1416 1322 occisus
1435 1286 1504 1327 est,

103 1362 143 1396 et
163 1355 368 1408 imperium
399 1355 455 1393 ad
476 1351 691 1393 Fimbriam
721 1349 971 1389 translatum.
1032 1344 1238 1384 Praeterea
1267 1343 1507 1392 expugnatae

106 1414 151 1453 in
172 1412 272 1454 Asia
301 1411 416 1451 urbes
444 1424 470 1449 a
492 1409 753 1453 Mithridate,
776 1412 811 1445 et
841 1403 1056 1444 crudeliter
1086 1400 1247 1451 direpta
1272 1395 1504 1449 provincia,

104 1470 417 1522 incursionesque
444 1467 644 1507 Thracam
666 1464 706 1504 in
731 1460 1031 1509 Macedoniam,
1050 1455 1290 1508 referuntur.

640 1596 971 1653 LXXXIII.

166 1710 209 1751 C.
227 1708 408 1750 Fimbria
425 1708 468 1747 in
491 1706 588 1747 Asia
599 1703 710 1758 ficsis
723 1703 866 1756 proelio
885 1702 1042 1755 aliquot
1051 1696 1260 1752 preelectis
1282 1694 1508 1735 Mithrida-

107 1767 171 1818 tis,
193 1767 328 1807 urbem
358 1767 600 1818 Pergamum
626 1762 743 1814 cepit,
774 1761 1039 1811 obsessumque
1065 1769 1211 1809 regem,
1243 1766 1320 1792 non,
1348 1751 1508 1791 multum

107 1822 252 1875 abficit,
283 1823 379 1877 quin
409 1826 580 1874 caperet.
646 1818 789 1860 Urbem
819 1817 946 1866 Ilion,
978 1827 1065 1868 quse
1093 1827 1133 1853 se
1159 1809 1359 1864 potestati
1387 1808 1510 1848 Sulla:

106 1880 346 1928 reservabat,
380 1877 628 1933 expugnavit
658 1890 706 1915 ac
740 1873 896 1921 delevit,
927 1878 964 1912 et
995 1883 1180 1924 magnam
1209 1872 1366 1919 partem
1400 1863 1510 1904 Asice

107 1938 271 1990 recepit.
350 1937 463 1978 Sulla
502 1934 634 1975 multis
671 1931 824 1984 praeliis
868 1930 1049 1970 Thracas
1080 1925 1237 1966 cecidit.
1291 1924 1416 1969 Quum
1454 1920 1508 1960 L.

111 1996 245 2035 Cinna
260 2000 297 2034 et
321 1994 393 2034 Cn.
408 1992 604 2045 Papirius
627 1989 772 2036 Carbo,
796 1988 845 2028 ab
864 2002 904 2027 se
924 1986 1022 2038 ipsis
1041 1983 1212 2024 consules
1222 1994 1296 2033 per
1316 1977 1511 2018 biennium

107 2053 246 2098 creati,
283 2051 420 2090 bellum
454 2055 590 2090 contra
623 2046 778 2087 Sullam
804 2049 1013 2097 pararent,
1050 2039 1226 2097 effectum
1260 2043 1313 2077 est
1344 2049 1422 2088 per
1457 2034 1510 2074 L.

116 2109 157 2149 V
152 2108 313 2148 aleriam
335 2108 521 2147 Flaccum
538 2103 755 2157 principem
780 2107 952 2148 senatus,
976 2099 1045 2153 qui
1064 2096 1281 2137 orationem
1313 2093 1351 2132 in
1372 2097 1513 2132 senatu

112 2165 263 2215 habuit,
285 2171 323 2204 et
336 2178 415 2217 per
436 2177 511 2210 eos,
529 2161 599 2215 qui
612 2160 833 2200 concordia’
851 2156 1074 2205 studebant,
1090 2160 1133 2194 ut
1153 2150 1275 2205 legati
1290 2151 1346 2189 acl
1358 2149 1511 2190 Sullam

110 2223 160 2263 de
177 2236 283 2275 pace
311 2222 573 2261 mitterentur.
636 2218 771 2258 Cinna
799 2215 850 2255 ab
880 2213 1057 2254 ezercitu
1084 2225 1167 2257 suo,
1200 2221 1309 2262 quem
1341 2206 1512 2246 invitum

111 2279 274 2333 cogebat
296 2292 414 2318 naves
435 2276 703 2321 conscendere,
727 2280 764 2313 et
785 2273 970 2312 adversus
989 2269 1139 2310 Sullam
1154 2263 1368 2318 proficisci,
1392 2263 1513 2301 inter-

94 2338 233 2391 ftctus
262 2341 328 2376 est.
391 2334 644 2375 Consulatum
678 2329 805 2371 Carbo
833 2329 936 2369 solus
961 2325 1101 2380 gessit.
1163 2321 1288 2366 Sulla,
1321 2333 1435 2372 quum
1469 2318 1512 2356 in,

112 2394 258 2434 Asiam
288 2391 518 2446 trajecisset,
544 2402 684 2442 pacem
714 2400 797 2427 cum
828 2384 1077 2425 Mithridate
1095 2379 1228 2432 fecit;
1275 2376 1307 2400 ¹⁹
1321 2377 1380 2416 ita
1410 2380 1454 2414 ut
1476 2375 1511 2414 is

111 2452 262 2491 cederet
285 2448 502 2501 provinciis
522 2447 640 2495 Asia,
660 2443 876 2496 Bithynia,
902 2438 1174 2492 Cappadocia.
1215 2433 1412 2479 Fimbria,
1443 2432 1511 2470 de-

113 2513 237 2548 sertus
258 2507 308 2546 ab
328 2505 512 2552 exercitu,
536 2504 605 2557 qui
624 2503 681 2541 ad
708 2500 859 2541 Sullam
881 2497 1103 2543 transierat,
1126 2495 1142 2534 i
1136 2507 1210 2546 pse
1238 2506 1278 2531 se
1291 2488 1509 2542 percussit:

113 2564 404 2616 inpetravitque
424 2563 472 2602 de
491 2575 601 2601 servo
621 2573 700 2607 suo,
719 2556 896 2610 praebens
915 2554 1108 2600 cervicem,
1131 2557 1172 2590 ut
1191 2563 1231 2590 se
1251 2547 1455 2588 occideret.

161 2677 199 2705 19
226 2676 273 2705 Ita
295 2682 327 2705 ut
351 2678 374 2706 is
397 2677 505 2705 cederet
532 2675 610 2709 Asia,
636 2672 789 2711 Bithynia,
832 2666 999 2711 provinciae
1021 2666 1185 2698 Romanae,
1202 2661 1256 2692 sed
1270 2669 1375 2700 regna.
1413 2656 1512 2701 Lega-

120 2719 315 2758 Cappadocia]
363 2718 480 2748 Omnes
510 2716 579 2746 libri
618 2721 649 2746 et
675 2719 793 2745 veteres
836 2721 904 2741 mus
933 2720 1002 2740 cum
1032 2707 1155 2748 Sigonio
1183 2705 1215 2734 in
1243 2704 1450 2733 commentar.
1481 2707 1515 2726 m

118 2761 193 2791 editi
224 2765 294 2790 ante
324 2760 357 2790 ere}
386 2761 455 2790 Asia
483 2759 600 2790 habent
626 2757 795 2797 provinciis.-
840 2754 946 2784 Fastos
969 2751 1008 2782 ad
1031 2760 1145 2780 annum
1169 2748 1242 2777 669.
1266 2747 1306 2774 im
1329 2748 1361 2771 fut
1385 2742 1408 2769 is
1433 2741 1512 2769 cede—

119 2814 181 2843 qua
196 2802 226 2831 in
243 2812 316 2832 voce
334 2802 452 2842 aliquid
468 2801 535 2832 vitii
558 2806 615 2836 est,
632 2810 727 2841 quum
742 2797 796 2828 Bi·
840 2802 883 2825 ret
912 2795 1061 2834 provincia
1084 2793 1163 2826 Asia,
1190 2787 1340 2826 Bithynia,
1366 2783 1514 2822 Clll'lffldss·

121 2845 229 2886 thynia
243 2850 274 2875 ct
299 2844 498 2886 Cappadocia
520 2854 580 2874 non
603 2848 705 2875 essent
726 2847 800 2872 tune
843 2841 897 2868 cia.
1295 2830 1304 2850 ”
