1816 3159
246 59 320 104 396

288 170 418 208 Sospitae
436 178 542 198 cruore
556 172 737 205 manarunt,
754 174 807 205 23,
819 174 872 199 31.
901 169 932 198 in

290 222 363 252 agro
391 214 561 251 Capenate,
588 213 625 241 ad
650 213 752 241 lucum
779 213 932 247 Feroniae,

292 261 426 294 quatuor
439 257 525 291 signa
535 256 687 293 sanguine
697 257 797 284 multo
808 257 886 284 diem
899 265 934 284 ac

293 305 416 329 noctem
438 301 603 332 sudarunt,
631 303 683 331 27,
701 303 731 328 4.
778 298 875 337 Signa
902 299 934 327 in

295 343 452 382 Capitolio
469 346 642 377 constrata,
661 345 714 377 40,
732 345 781 369 45.

251 388 402 422 Prodigia.
428 386 578 414 Simulacr
604 394 632 412 111
648 385 786 413 sunonis
804 385 936 423 Sospitae

296 431 427 459 Lanuvii
446 428 628 463 lacrimavit,
646 431 700 462 40,
716 431 762 458 19.

273 490 317 496 —
335 474 385 506 Sol
405 475 512 501 rubere
524 472 606 499 visus
617 470 710 499 solito
724 471 834 508 magis,
850 471 939 499 simi-

294 518 393 554 lisque
417 517 600 552 sanguineo,
628 517 680 549 25,
707 518 734 544 7.
758 523 810 551 per
832 518 935 543 totum

295 561 374 589 diem
392 559 530 588 Priverni
549 566 656 586 sereno
675 556 766 585 ruber
788 558 862 594 fuit,
880 561 935 594 31,

300 608 346 632 12.

274 664 317 671 -.
334 646 412 674 §.llis
428 645 511 673 orbis
528 644 626 672 minui
645 644 727 672 visus
745 644 864 681 Cumis,
882 648 936 679 30,

296 694 346 717 38.
364 700 381 717 υ
399 689 424 716 (ἰ.
444 690 540 716 etiam
554 691 607 722 22,
629 691 654 715 1.

274 749 317 754 --
334 732 418 760 Soles
436 733 496 760 duo
513 731 584 765 visi,
604 735 658 766 28,
681 733 726 758 11.
750 734 802 765 29,
824 734 872 758 14.

276 777 419 804 —Soles
444 779 505 804 tres
531 773 623 802 simul
651 773 846 809 effulserunt,

298 822 348 847 26.

275 879 317 886 ·-
332 862 436 891 Sortes
456 871 512 890 sua
529 865 641 899 sponte
655 863 844 894 extenuatae,
861 868 939 887 una·

298 915 357 944 que
374 906 487 934 excidit
498 906 542 933 ita
553 904 686 942 scripta:
702 904 771 932 Miz
782 914 798 930 o
816 914 831 931 s
842 903 937 931 telum

298 950 451 985 concutit,
467 953 518 980 22.
542 951 567 976 l.

277 1009 321 1015 ——
337 992 458 1031 Species
471 992 527 1020 viii
543 990 681 1027 majoris,
700 999 789 1027 quam
808 998 863 1027 pro
881 989 938 1017 l1u-

299 1046 392 1066 mano
407 1036 529 1069 habitu,
543 1034 808 1071 augustiorisqnc,
824 1033 891 1061 visa
906 1032 939 1059 in

298 1080 403 1118 quiete
420 1079 543 1116 utrique
559 1077 693 1112 consuli,
712 1081 743 1112 8,
762 1078 792 1104 6.
817 1076 940 1114 Species

299 1123 460 1152 hominum
479 1123 559 1149 circa
585 1130 667 1149 aram
693 1120 725 1148 in
752 1119 845 1154 coelo,
869 1128 939 1147 cum

297 1166 429 1195 candida
444 1169 541 1200 veste,
557 1168 610 1199 24,
634 1166 683 1192 10.

278 1226 322 1233 —-
338 1210 436 1247 Spicae
466 1208 657 1236 metentibus
674 1208 810 1234 cruentae
828 1205 859 1232 in
873 1214 939 1233 cor-

298 1254 367 1282 bem
381 1252 530 1286 cecidere,
548 1255 600 1285 22,
622 1254 644 1277 1.
664 1248 854 1278 metentibus
871 1257 940 1276 cru·

883 776 936 807 41,

299 1301 381 1325 entae
398 1296 483 1330 visae,
501 1298 553 1327 23,
576 1297 622 1321 11.

277 1356 320 1363 --
337 1340 489 1377 Siagnum
504 1338 657 1369 Mantuae,
673 1334 803 1364 effusum
822 1335 941 1364 Mincio

300 1383 398 1418 amni,
413 1385 577 1410 cruentum
594 1380 707 1408 visum.
726 1383 779 1411 24,
800 1382 848 1408 10.

280 1443 323 1449 -—·
339 1425 494 1464 Strepitus
506 1434 574 1453 cum
588 1422 740 1451 horrendo
750 1421 870 1460 fragore
883 1421 944 1450 La-

300 1469 386 1498 nuvii
405 1470 436 1496 in
454 1469 517 1496 aede
532 1467 670 1495 Junonis
686 1465 941 1503 Sospitaeeditus‚

302 1515 566 1547 29,14.31,12.

278 1575 322 1582 -—
335 1556 486 1585 Tabernae
504 1553 680 1582 Frusinone
695 1553 733 1580 de
745 1551 824 1580 coelo
837 1554 943 1588 tactae,

301 1605 355 1631 30,
372 1604 424 1628 313.
441 1603 473 1626 et
489 1597 677 1631 Minturnis,
693 1598 747 1631 36,
763 1599 814 1625 37.

280 1663 323 1669 --
337 1643 461 1672 Taurus
491 1651 560 1670 cum
590 1641 728 1678 quinque
752 1637 852 1666 vaccis
880 1647 944 1667 uno

301 1686 444 1715 fulminis
460 1686 523 1713 ictu
537 1682 720 1714 exanimati,
737 1686 789 1711 42.
808 1686 859 1710 20.

280 1749 323 1755 —
334 1731 517 1767 Tempestas
533 1732 621 1756 atrox
637 1727 725 1760 signa
741 1734 827 1753 aenca
842 1724 873 1752 iu
886 1724 944 1752 Ca-

302 1773 413 1812 pitolio
431 1772 555 1809 dejecit,
572 1775 625 1805 40,
642 1774 672 1798 2.
698 1769 793 1797 forem
821 1777 857 1796 (x
882 1768 945 1795 aede

305 1819 413 1851 Lunae,
433 1825 501 1853 quae
518 1815 550 1842 in
567 1813 729 1842 Aventino
747 1815 805 1843 est,
824 1815 943 1849 raptam

303 1860 389 1894 tulit,
404 1863 434 1887 et
451 1860 482 1886 in
497 1857 624 1895 posticis
640 1855 810 1894 parietibus
825 1855 945 1882 Cereris

303 1903 410 1941 1empli
429 1902 550 1937 adfixit,
577 1900 648 1928 ib'd.
678 1899 768 1936 si5ua
796 1898 827 1925 in
855 1898 945 1925 Circo

302 1947 438 1975 maximo
451 1954 520 1973 cum
532 1943 699 1977 columnis,
715 1941 828 1978 quibus
841 1950 946 1979 super-

303 1990 440 2022 stabant,
457 1988 581 2023 evertit,
600 1986 671 2014 ibsd.
684 1985 744 2013 vul.
763 1989 791 2012 et
808 1987 860 2013 45.

279 2051 322 2058 ...-
337 2032 501 2070 Templum
516 2030 653 2059 «Iunonis
669 2027 802 2057 Laciniae
820 2027 946 2056 decoelo

302 2081 436 2110 tactum,
461 2079 515 2109 37,
531 2078 561 2102 3.

286 2136 318 2141 —-
337 2119 486 2148 Tenebrae
504 2118 571 2145 luce
587 2115 718 2147 obortae,
734 2117 790 2149 38,
806 2115 859 2141 36.

281 2178 325 2186 --·
336 2163 428 2192 'serr->1
441 2160 560 2199 ingenti
576 2162 664 2188 motu
677 2165 840 2192 concussa,
850 2160 882 2192 3,
898 2158 945 2183 10.

302 2205 504 2242 multifariam
521 2204 617 2242 pluit,
635 2206 686 2237 10,
704 2205 755 2230 31.
773 2200 835 2229 vid,
848 2204 874 2228 et
891 2202 946 2233 35,

304 2254 356 2283 21,
380 2253 436 2284 37,
453 2253 483 2277 3.
507 2252 561 2280 42,
579 2250 631 2274 20.
654 2249 710 2280 45,
731 2246 779 2272 16.
796 2243 947 2276 Anagniae

305 2299 378 2322 ante
388 2298 506 2330 porlam
522 2291 594 2323 icta,
605 2289 685 2317 diem
696 2297 731 2317 ac
745 2291 867 2315 noctem
880 2284 946 2313 sine

305 2335 458 2370 nlloignis
468 2335 619 2363 alimento
628 2331 715 2364 arsit,
728 2335 780 2363 27,
792 2333 822 2359 4.
834 2328 945 2366 Arpini

306 2378 471 2416 campestri
500 2386 571 2411 agro
598 2376 629 2404 ir1
655 2376 816 2411 ingentem
842 2371 945 2400 sinum

305 2422 457 2451 consedit.
469 2425 523 2453 30,
535 2424 562 2448 2.
574 2417 757 2456 ingentibus
766 2415 905 2444 cavernis
915 2415 945 2443 i11

305 2465 466 2493 Veliterno
483 2472 556 2500 agro
586 2461 738 2491 consedit.
763 2459 947 2496 arboresque

305 2510 338 2537 in
355 2506 544 2546 profundum
559 2504 690 2537 haustae,
708 2506 762 2538 30,
778 2506 831 2531 38.
844 2502 907 2530 vid.
920 2506 948 2530 et

306 2556 360 2583 32.
379 2555 410 2581 9.

284 2614 327 2620 --
342 2595 447 2624 Terrae
464 2593 567 2621 motus
585 2588 794 2628 prodigiosus,
825 2591 876 2622 15,
899 2591 945 2615 10.

304 2639 408 2667 Terrae
425 2635 562 2665 motibus
580 2632 692 2662 crebris
709 2636 793 2659 tecta
814 2631 845 2658 in
866 2631 947 2668 agris

306 2685 417 2716 ruzint,
434 2684 465 2711 4,
480 2681 529 2707 21.

285 2742 328 2748 --
343 2723 464 2752 Tiberis
501 2719 680 2749 inundatio.
715 2721 770 2751 ΞΟ,
799 2719 850 2743 38.
881 2715 949 2744 loca

309 2768 402 2806 plana
420 2765 503 2794 urbis
517 2762 697 2793 inundavit.
716 2764 773 2795 35,
790 2764 820 2788 9.

283 2828 325 2836 —
337 2811 439 2839 Vacca
475 2817 560 2837 aenca
583 2804 741 2845 Syracusis
768 2802 806 2831 ab
837 2802 947 2835 agresti

702 58 877 96 INDEX
908 59 965 96 IN
998 59 1046 96 T.
1078 58 1212 95 Livu
1254 44 1257 45 ’

1020 169 1254 205 ta11roinita,ac
1267 169 1383 198 semine
1394 171 1567 208 adspe1·sa,4
1578 176 1585 199 1
1596 194 1604 208 ,
1614 176 1660 203 17.

979 213 1131 247 Prodigia.
1155 213 1326 250 Vesparum
1340 213 1450 251 ingens
1460 223 1589 243 examen
1602 217 1661 244 Ca·

1021 265 1088 293 puae
1106 256 1137 283 in
1155 256 1255 285 forum
1274 256 1443 294 advolavit,
1456 258 1529 286 ctin
1550 258 1662 287 Manis

1021 299 1085 327 aede
1101 301 1251 331 consedit,
1268 304 1322 334 35,
1335 303 1363 329 9.

1000 359 1043 365 —
1055 342 1117 370 Via
1132 342 1256 380 publica
1267 342 1398 371 Lanuvii
1416 344 1452 371 de
1469 343 1548 372 coelo
1565 348 1662 380 tacta,

1023 389 1079 419 32,
1098 389 1128 415 9.

1000 428 1200 456 —Victoria
1217 428 1247 457 in
1273 429 1337 458 aede
1367 429 1563 464 Concordiae,
1595 439 1662 467 quae

1024 470 1055 497 in
1073 471 1208 500 culmine
1223 477 1299 506 erat,
1315 473 1445 501 fulmine
1459 473 1532 507 icta,
1546 475 1600 507 26,
1612 477 1664 503 23.

1002 529 1044 535 -—
1062 514 1117 543 vir
1133 515 1232 543 factus
1249 525 1285 544 ex
1301 514 1442 550 muliere,
1461 519 1514 552 24,
1537 520 1583 544 10.

1002 573 1044 579 -—
1061 555 1276 595 Vit11lus,jan1
1298 559 1388 592 ictus,
1405 570 1421 587 e
1444 560 1589 588 manibus
1616 569 1664 588 sa-

1024 600 1229 630 crificantium
1258 611 1324 630 sese
1351 603 1516 640 proripuit,
1532 603 1664 631 multos-

1025 654 1083 681 que
1107 644 1343 673 circumstantes
1374 655 1481 674 cruore
1509 646 1666 684 respersit,

1026 692 1079 723 21,
1099 690 1150 716 63.

1003 749 1046 754 —-
1060 730 1182 764 Vorago
1199 730 1229 758 in
1244 730 1323 761 foro,
1338 735 1368 765 7,
1380 733 1408 759 6.

1004 788 1047 795 -—
1062 774 1131 802 Vox
1146 774 1257 811 ingens
1274 774 1380 802 audita
1395 784 1431 801 ex
1448 774 1560 803 Albani
1579 784 1668 804 mon-

1026 818 1065 845 tis
1082 818 1164 852 luco,
1186 820 1214 851 1,
1232 821 1282 845 3¹..
1314 817 1452 845 coelcstis
1476 828 1512 846 ex
1543 818 1666 847 Albano

1026 864 1134 889 monte
1151 860 1257 896 missa,
1277 860 1352 888 ibid.
1370 870 1407 888 ex
1427 862 1516 888 Arsia
1532 862 1609 889 silva
1625 862 1666 890 si-

1026 904 1124 932 lentio
1140 904 1241 931 noctis
1266 903 1360 934 edita,
1385 907 1416 931 et
1437 905 1552 932 credissa
1569 905 1667 933 Silva-

1028 947 1070 977 ni.
1089 951 1120 982 2,
1137 951 1165 977 7.
1183 946 1334 974 divinitus
1351 947 1463 974 emissa
1478 948 1514 975 de
1531 948 1667 976 adventu

1026 990 1201 1025 Gallorum,
1228 994 1259 1026 5,
1289 993 1340 1018 32.
1372 990 1478 1018 audita
1508 1001 1524 1019 e
1553 991 1669 1030 templo

1028 1034 1161 1061 Matutae
1178 1034 1265 1068 Deae,
1285 1035 1316 1068 6,
1335 1037 1387 1061 33.

1004 1093 1047 1100 —-
1062 1076 1195 1105 Vulcani
1213 1080 1304 1114 caput
1323 1078 1409 1109 arsit,
1423 1080 1540 1112 34,45.

1004 1134 1048 1141 --
1065 1119 1228 1148 Vulturius
1254 1120 1389 1147 Priverni
1421 1119 1576 1158 frequenti
1600 1121 1668 1150 foro

1028 1163 1060 1191 in
1077 1163 1237 1191 tabernam
1264 1162 1399 1197 devolat,
1423 1167 1475 1199 27,
1496 1167 1542 1191 ll.
1584 1166 1670 1193 Caere

1031 1206 1145 1234 volavit
1163 1206 1194 1234 in
1212 1207 1305 1234 aedem
1323 1206 1424 1238 Jovis,
1444 1210 1498 1241 27,
1517 1211 1567 1235 23.

984 1249 1162 1287 Prodigium
1181 1259 1198 1277 a
1214 1250 1370 1277 Matronis
1386 1254 1597 1288 procuratum,
1616 1255 1671 1287 27,

1027 1296 1079 1322 37.

985 1335 1130 1372 Prodigia
1146 1343 1207 1372 quo
1224 1335 1285 1363 ritu
1302 1340 1479 1373 procurata,
1502 1341 1554 1373 24,
1576 1341 1622 1365 10.
1639 1342 1669 1366 ct

1024 1380 1156 1417 passsm,
1170 1378 1445 1416 ub‘prodigiorum
1458 1389 1488 1407 m
1506 1383 1584 1409 nti'o.

1006 1440 1049 1445 —
1065 1422 1115 1450 vix
1132 1422 1267 1460 expiata,
1284 1426 1336 1454 27,
1355 1427 1405 1450 23.
1423 1426 1478 1458 41,
1501 1427 1548 1453 19.

987 1465 1024 1494 ad
1041 1466 1186 1503 Prodigio
1207 1465 1359 1493 elicienda
1386 1476 1401 1493 e
1432 1466 1591 1495 mentibus
1622 1467 1668 1495 di-

1030 1509 1124 1544 vinis,
1137 1517 1190 1537 ara
1204 1509 1277 1537 Jovi
1290 1508 1391 1537 Elicio
1405 1518 1423 1536 a
1438 1509 1543 1538 Numa
1555 1510 1670 1547 dicala,

1034 1556 1063 1587 ι,
1082 1556 1135 1580 20.

988 1595 1201 1630 Prodigiorum
1239 1594 1417 1633 procuratio
1455 1596 1594 1635 pertinet
1632 1597 1670 1625 ud

1032 1638 1227 1676 pontificem,
1250 1642 1279 1673 1,
1298 1641 1347 1666 20.

1005 1698 1049 1704 —
1064 1682 1172 1719 religio
1185 1681 1298 1709 retinet
1312 1681 1484 1715 consulem,
1503 1686 1554 1717 23,
1572 1686 1626 1711 36.

988 1726 1132 1762 Prodigia
1152 1724 1250 1763 (quod
1271 1725 1393 1752 evenire
1410 1723 1488 1753 solet
1514 1725 1607 1754 motis
1624 1735 1670 1754 se-

1030 1769 1090 1797 mel
1127 1768 1158 1796 in
1190 1768 1369 1805 religionem
1408 1768 1533 1803 animis)
1572 1769 1671 1798 multa

1031 1811 1194 1846 nunciata,
1210 1815 1241 1839 et
1257 1815 1372 1839 temere
1387 1812 1514 1847 credita,
1539 1815 1592 1846 21,
1617 1816 1669 1841 6-2.

1030 1856 1063 1883 vi
1072 1855 1091 1882 l.
1127 1859 1157 1882 ct
1188 1858 1242 1889 24,
1278 1858 1325 1882 10.
1350 1854 1483 1883 ludibria
1509 1855 1667 1884 oculorum

1031 1898 1214 1934 auriumque
1238 1897 1356 1925 credita
1371 1907 1424 1934 pro
1441 1897 1532 1931 veris,
1550 1902 1603 1934 24,
1618 1903 1671 1929 44.

1030 1942 1062 1970 in
1077 1940 1228 1978 Prodigiis
1244 1940 1429 1969 nunciandis
1444 1951 1537 1978 p1ava
1563 1942 1671 1979 religio

1029 1984 1122 2012 etiam
1150 1983 1288 2012 minimis
1302 1984 1411 2012 inserit
1437 1985 1533 2020 Deos,
1551 1989 1602 2018 27,
1621 1989 1673 2014 23.

1030 2028 1176 2064 Prodigia
1192 2027 1276 2055 nulla
1291 2028 1455 2056 admodum
1475 2028 1671 2057 nunciaban-

1031 2076 1083 2099 tur
1100 2072 1131 2099 in
1148 2070 1306 2108 publicum
1325 2071 1404 2099 Livii
1423 2081 1501 2107 a1vo,
1515 2076 1569 2107 43,
1592 2075 1638 2100 15.

990 2113 1181 2143 Proditionis
1211 2122 1303 2151 supra
1329 2115 1527 2151 septuaginta
1555 2115 1671 2144 Nolani

1032 2157 1172 2186 damnati
1190 2157 1287 2185 securi
1303 2158 1532 2194 percutiuntur,
1547 2162 1600 2191 23,
1622 2162 1673 2189 17.

992 2197 1168 2229 Proditores
1183 2200 1336 2229 libertatis
1352 2201 1428 2229 dant
1440 2210 1561 2240 poenaS,
1578 2205 1608 2236 2,
1626 2205 1657 2231 5.

990 2239 1117 2277 Proelia,
1129 2243 1191 2273 vid.
1210 2244 1326 2272 Praelia.

989 2284 1138 2323 PioErna,
1154 2287 1315 2325 oppidum.
1327 2287 1381 2319 36,
1398 2291 1447 2316 14.

990 2328 1150 2359 Proletarii
1168 2335 1317 2368 rogantur
1331 2333 1536 2364 sacramento,
1557 2334 1605 2363 12,
1621 2334 1671 2359 22.

990 2371 1242 2403 promontorium
1261 2374 1479 2408 Anemurium,
1494 2378 1547 2409 33,
1566 2377 1616 2403 20.

1011 2435 1054 2441 —-
1069 2416 1240 2454 Apollinis,
1257 2420 1314 2450 30,
1332 2420 1382 2444 24.

1011 2475 1054 2480 -
1069 2459 1254 2494 Brundusii,
1275 2463 1323 2491 10,
1342 2462 1373 2487 2.

1011 2518 1054 2525 —
1069 2502 1230 2537 Calabriae,
1247 2506 1302 2537 42,
1319 2505 1371 2529 48.

1010 2560 1053 2568 —-
1069 2545 1275 2583 Calycadnus,
1296 2547 1350 2577 38,
1363 2547 1415 2573 38.

1011 2606 1054 2612 -—-
1071 2589 1297 2622 Canastraeum,
1313 2590 1368 2620 44,
1389 2591 1437 2615 ll.

1011 2646 1055 2653 -—
1072 2631 1307 2665 Chelidonium,
1322 2634 1376 2666 33,
1393 2633 1444 2657 41.

1011 2689 1055 2696 -
1073 2675 1239 2712 Corycum,
1256 2677 1309 2705 37,
1333 2677 1377 2702 12.
1396 2677 1425 2701 et
1443 2678 1494 2702 29.

1012 2717 1203 2745 —Junonis
1220 2717 1348 2752 Acraeae,
1363 2721 1416 2754 32,
1436 2721 1486 2744 23.

1011 2775 1054 2782 ·-
1066 2760 1195 2792 Lecton,
1212 2764 1267 2794 37,
1278 2763 1329 2788 37.

1013 2821 1055 2827 —-
1071 2804 1217 2840 Leucate,
1235 2805 1287 2836 26,
1302 2804 1352 2830 26.
