1805 3174
513 42 547 78 1⁷1
557 41 710 79 ISTOR
722 41 847 78 [Anu
857 41 895 76 M
930 41 1133 78 Llssltos.

112 149 144 178 1..
162 150 315 187 Valerius,
332 151 478 189 interrex,
492 155 523 188 5,
542 156 591 183 17.

110 193 143 222 L.
170 194 311 223 Valerius
336 196 468 234 legatus,
497 204 619 224 auream
650 197 798 224 crateram

152 237 268 266 donum
286 239 424 276 Apollini
449 239 585 276 Delphos
611 238 682 271 fert,
700 243 732 274 5,
749 243 798 266 28.

152 288 298 319 exceptus
323 291 340 310 a
368 281 582 320 Liparensium
608 282 730 320 piratis,
755 282 800 310 ‹li-

154 324 304 361 mittitur,
321 326 392 354 ibfd.

109 365 143 394 L.
161 367 316 404 Valerius,
334 368 480 406 magister
494 369 647 405 equitum,
664 371 695 403 5,
711 372 763 396 48.

112 409 146 437 1..
162 410 315 446 Valerius,
343 412 489 450 magister
518 412 659 449 equitum
686 411 801 447 dictus,

155 458 186 488 8,
207 457 252 482 is.

110 496 145 524 1..
162 496 302 525 Valerius
329 497 360 525 in
388 497 489 525 locum
518 497 563 525 M.
583 498 719 526 Cornelii
744 497 801 526 Ce-

150 539 235 579 thegi
251 540 402 569 sufficitur
418 540 570 578 pontifex,
585 546 640 577 33,
656 545 706 569 42.

108 581 144 612 L.
158 583 311 618 Valerius,
338 583 483 612 tribunus
505 582 615 622 plebis,
642 585 680 612 ad
705 592 803 622 popu-

151 626 216 655 lum
238 627 312 655 tulit
332 627 368 655 de
395 627 461 665 lege
485 627 588 665 Oppia
613 627 803 666 abroganda,

151 674 204 703 34,
238 673 263 699 1.
287 670 353 706 ejus
380 676 488 699 contra
512 671 663 699 Cato-iem
689 679 803 700 consu-

153 713 213 741 lem
230 714 343 748 oratio,
363 718 394 742 5.
682 739 685 742 .

108 755 142 784 1..
160 756 301 785 Valerius
330 755 474 793 Flaccus,
498 757 646 796 magister
661 756 803 795 equitum

152 799 266 836 dictus,
283 805 316 837 9,
332 805 362 831 7.

110 842 145 871 L.
162 843 302 872 Valerius
326 844 466 876 Flaccus,
483 843 581 872 aedilis
607 843 733 879 curulis,
749 847 804 879 31,

151 890 182 914 4.
207 890 328 915 creatur
350 891 478 925 praetor,
495 891 545 917 49.
571 888 702 916 sortitur
725 887 803 915 Sici-

152 930 239 966 liam,
254 933 308 965 32,
329 934 355 960 1.
378 929 500 963 consul,
523 934 579 965 33,
598 935 651 959 42.
674 931 804 959 sortitur

152 971 289 1006 Italiam,
306 977 357 1002 43.
374 973 440 1009 ejus
457 982 503 1001 res
519 978 626 1012 gestae,
642 977 696 1009 34,
708 978 758 1003 21.
775 978 805 1001 (t

152 1019 203 1045 46.
217 1016 338 1054 legatus
355 1016 539 1051 consularis,
556 1018 613 1046 sub
630 1018 690 1045 Μ’.
702 1017 803 1045 Acilio

153 1060 279 1088 consule
303 1069 365 1088 rem
397 1061 477 1097 gerit
502 1060 539 1088 ad
563 1060 802 1098 Thermopylas,

151 1105 207 1139 36,
233 1107 280 1134 17.
298 1108 328 1132 et
342 1107 388 1133 19.
407 1103 441 1131 fit
457 1112 580 1139 censor,
597 1108 652 1139 39,
669 1108 720 1132 40.
737 1104 804 1140 ejus

151 1155 288 1175 censurae
304 1150 386 1182 acta,
402 1150 541 1175 42-44,
559 1147 700 1184 princeps
716 1155 806 1175 sena-

150 1193 216 1224 tus,
231 1198 326 1226 quum
342 1198 453 1218 censor
467 1193 558 1223 esset,
570 1190 668 1219 lectus
679 1193 738 1224 est,
752 1193 804 1219 52.

150 1233 293 1271 pontifex
308 1233 452 1268 moritur,
468 1237 523 1269 40,
537 1236 592 1262 42.

111 1277 147 1304 L.
165 1276 305 1305 Valerius
322 1276 492 1314 Poplicola,
507 1276 654 1305 tribunus
667 1276 803 1305 militum

152 1320 309 1349 consulari
319 1324 488 1358 potestate,
501 1324 531 1351 5.
547 1323 596 1348 26.
607 1320 768 1355 iterum‚6,
779 1324 803 1348 l.

151 1363 290 1397 tertium,
302 1367 331 1392 5.
342 1367 502 1401 quartum,
518 1367 569 1392 21.
580 1365 738 1400 qujntum,
753 1366 804 1393 27.

110 1405 147 1435 L.
167 1406 308 1435 Valerius
326 1406 451 1435 Potitus
467 1407 584 1444 primus
597 1407 742 1435 adversus
753 1407 805 1435 de-

153 1450 304 1478 cemviros
328 1453 434 1478 movet
458 1455 627 1486 certamen,
650 1454 682 1483 3,
699 1453 753 1479 39.
775 1453 806 1477 et

153 1496 205 1521 41.
222 1502 292 1521 cum
310 1492 356 1522 M.
370 1493 505 1522 Horatio
525 1494 662 1532 Appium
680 1493 806 1530 expellit

152 1536 235 1572 foro,
252 1540 304 1567 49.
331 1545 400 1564 cum
418 1537 522 1565 eodem
549 1537 670 1574 legatur
686 1537 723 1564 ad
741 1537 805 1574 ple-

152 1579 237 1616 bem,
256 1583 391 1608 50—53,
420 1583 452 1608 et
468 1580 502 1608 fit
515 1580 638 1616 consul,
656 1583 706 1608 55.
724 1580 805 1618 leges

150 1622 258 1651 sertin
286 1623 417 1661 gratiam
442 1623 554 1661 plebis,
578 1623 650 1651 ibid.
675 1623 741 1659 ejus
759 1633 805 1651 res

149 1669 248 1704 gestae
265 1666 297 1694 in
321 1666 414 1698 bello,
440 1668 492 1695 60.
507 1670 537 1694 ct
556 1668 608 1695 61.
633 1667 807 1704 triumphat

155 1710 222 1737 sine
232 1709 419 1737 auctoritate
434 1710 576 1745 Patrum,
587 1710 804 1748 populijussu.

155 1754 208 1781 63.
225 1752 251 1780 si
276 1752 472 1781 consulatum
500 1753 694 1789 continuari,
724 1754 806 1782 nolle

155 1805 198 1828 se,
212 1796 390 1834 proficetur,
408 1798 460 1825 64.
476 1795 536 1824 vid.
554 1799 582 1824 e!
598 1801 630 1832 4,
647 1799 677 1825 6.

112 1839 147 1868 1..
170 1839 312 1867 Valerius
336 1839 473 1875 Potitus,
498 1839 645 1868 tribunus
668 1839 804 1868 mil‘tum

155 1883 311 1911 consulari
325 1885 492 1920 potestate,
504 1886 536 1918 4,
552 1886 604 1912 49.
616 1883 742 1919 iterum,
754 1887 805 1913 58.

154 1926 296 1958 tertium,
314 1930 386 1961 5,1.
405 1930 563 1963 quartum,
578 1929 626 1954 10.
643 1926 804 1963 quintum,

157 1972 208 1997 14.
236 1978 254 1997 a
273 1968 400 1998 Faleriis
427 1969 567 2004 ingentes
596 1970 713 2007 praedas
729 1970 805 2005 agit,

155 2011 230 2040 ibid.

118 2054 154 2082 L.
171 2054 315 2083 Valerius
341 2055 464 2084 Potitus
487 2056 597 2084 consul
619 2059 750 2085 creatur.
774 2061 807 2093 5,

154 2101 209 2127 31.
232 2097 306 2126 facit
329 2099 419 2127 ludos
447 2108 590 2137 magnos,
613 2099 684 2127 ibid.
715 2102 806 2130 caedit

155 2141 286 2178 AEquos,
299 2141 374 2170 ibid.
389 2141 575 2180 triumphat,
592 2142 666 2171 ibid.

112 2183 146 2211 L.
162 2184 306 2212 Valerius
321 2185 457 2221 Potitus,
474 2185 620 2219 interrex,
639 2190 672 2222 5,
688 2191 742 2217 31.

113 2226 148 2255 L.
165 2227 307 2256 Valerius
319 2228 454 2264 Potitus,
469 2228 616 2261 interrex,
633 2231 666 2265 6,
680 2233 708 2258 5.

112 2269 147 2298 L.
164 2271 305 2300 Valerius
329 2271 439 2309 Tappo
465 2277 587 2300 creatur
612 2278 737 2311 praetor,
752 2277 805 2302 35.

159 2317 208 2343 10.
226 2314 358 2343 sortitur
373 2314 523 2350 Siciliam,
541 2319 593 2344 20.

115 2356 151 2386 L.
166 2356 309 2386 Valerius
326 2358 361 2387 C.
378 2357 414 2387 F.
427 2358 536 2395 Tappo
554 2362 675 2386 creatur
695 2359 806 2388 trium-

155 2401 202 2429 vir
216 2400 345 2429 coloniae
363 2401 562 2438 deducendae,
584 2406 639 2437 87,
655 2404 706 2430 46.

115 2443 149 2472 1..
167 2443 309 2473 Valerius
327 2445 358 2472 P.
371 2445 406 2474 F.
417 2445 545 2473 Flaccus
561 2448 681 2473 creatur
697 2445 808 2474 trium-

158 2486 205 2515 vir
221 2487 351 2516 coloniae
366 2488 562 2521 deducendae,
580 2492 636 2522 37.
654 2490 706 2517 46.

116 2529 161 2558 Μ.
179 2530 321 2558 Valerius
349 2529 469 2560 fecialis
498 2530 575 2560 facit
599 2531 652 2570 Sp.
678 2531 808 2560 Fusium

157 2576 274 2610 patrem
292 2575 462 2611 patratum,
481 2577 510 2609 1,
528 2578 580 2603 24.

116 2614 161 2643 Μ.
188 2615 342 2652 Valerius,
364 2615 531 2646 Publicolae
554 2618 662 2653 frater,
687 2617 809 2652 consul,

159 2658 332 2697 triumphat
348 2660 385 2688 de
403 2660 538 2693 Sabinis,
557 2665 590 2697 2,
609 2662 657 2688 16.
681 2662 713 2690 in
730 2670 811 2698 pug-

159 2710 201 2730 na
217 2703 255 2730 ad
282 2702 435 2740 Regillum
459 2704 575 2739 lacum,
599 2708 709 2742 petens
732 2704 809 2733 Tar-

120 2744 682 2820 Mffuiiiissffifisipsirinliergffitelssi'rio'
749 2790 810 2820 suit

160 2809 279 2869 primus
291 2808 436 2868 dictator,
455 2811 487 2869 2,
505 2837 540 2861 18
646 2813 653 2821 .
670 2801 732 2821 non

1468 51 1537 83 431

845 150 905 180 Μ’.
931 150 1088 187 Valerius,
1116 151 1219 180 Volesi
1248 153 1280 181 F.
1298 154 1431 183 dictator
1455 165 1538 186 crea-

886 198 951 230 tur,
986 198 1018 230 2,
1049 199 1102 223 30.
1137 196 1174 224 dc
1199 196 1321 225 Sabinis
1353 199 1538 237 triumphat,

887 241 937 267 31.
963 247 1056 275 quum
1082 238 1197 276 populo
1223 239 1375 278 indulgeri
1400 247 1539 279 cuperet,

888 281 1127 319 aspernantibus
1153 282 1297 310 Patribus
1321 283 1387 319 «jns
1415 286 1538 315 relatio-

891 334 975 360 nem,
990 325 1113 353 abdicat
1130 334 1161 353 sc
1175 325 1343 361 dictatura,
1363 327 1433 354 inid.

848 368 893 396 M.
908 368 1050 396 Valerius
1066 377 1164 406 augur
1181 369 1323 400 moritur,
1341 374 1373 403 3,
1389 374 1416 399 7.

846 412 893 439 M.
911 410 1067 447 Valerius,
1079 416 1226 449 quaestor,
1239 416 1272 448 3,
1290 416 1340 440 35.
1356 413 1539 448 eonsul,.'31.

848 456 893 483 M.
923 454 1078 490 Valerius,
1109 455 1253 484 tribunus
1293 454 1440 492 militnm,
1470 466 1540 484 Cum

891 497 982 527 Gallo
1013 498 1161 536 singulari
1189 499 1356 527 certamine
1384 508 1541 538 pugnam,

889 549 907 569 a
919 551 1014 569 corvo
1035 542 1130 579 galcae
1147 542 1301 570 insidente
1316 542 1454 579 adjutus,
1471 543 1543 571 hos-

890 589 951 613 tem
977 584 1157 619 obtruncat,
1187 590 1218 621 7,
1238 587 1289 614 26.
1313 586 1416 614 decem
1444 586 1542 614 bobus

890 636 1043 665 aureaque
1067 637 1182 657 corona
1198 630 1347 665 donatur,
1366 629 1439 658 ibid.
1467 630 1544 657 Cor-

890 680 947 699 vus
963 676 1104 708 vocatur,
1124 672 1196 700 ibid.
1213 675 1276 701 tres
1299 677 1330 701 ct
1351 672 1463 712 viginti
1485 681 1541 701 an-

893 723 949 742 nos
982 719 1074 743 natus
1099 716 1208 744 consul
1236 720 1369 752 creatur,
1395 716 1468 745 ibid.
1495 726 1542 744 se-

892 757 1027 787 cundum
1053 759 1175 795 consul,
1200 763 1249 790 27.
1276 759 1374 788 vincit
1398 759 1540 793 Volscos,

892 801 976 839 capit
1005 802 1174 838 Satricum,
1206 807 1237 831 et
1259 802 1443 841 triumphat,
1468 803 1542 831 ibid.

891 846 1019 873 tertium
1037 846 1158 879 consul,
1172 849 1223 874 28.
1248 846 1394 875 adversus
1420 846 1542 874 Samni-

890 891 937 916 tes
949 888 1167 926 proficiscitur,
1192 893 1245 918 32.
1269 889 1334 925 ejus
1366 889 1403 918 ad
1431 889 1544 918 milites

891 932 1084 968 adhortatio,
1103 933 1175 960 said.
1204 933 1362 961 familiaris
1378 935 1426 962 est
1452 932 1544 960 militi

891 975 966 1010 dux,
999 979 1052 1004 33.
1090 975 1211 1004 invadit
1245 976 1363 1014 primus
1401 976 1543 1004 omnium

892 1018 1010 1054 hostes,
1026 1022 1058 1047 et
1074 1019 1184 1055 vincit,
1208 1019 1283 1048 ibid.
1305 1020 1483 1057 triumphat
1506 1019 1544 1047 de

892 1061 1096 1096 Samnitibus,
1137 1066 1189 1090 38.
1232 1062 1366 1091 dictator
1410 1066 1546 1098 creatur,

891 1108 946 1134 39.
987 1105 1172 1133 seditionem
1213 1105 1429 1134 rebellantium
1463 1106 1544 1134 mili-

890 1151 959 1175 tum
985 1148 1158 1185 componit,
1180 1152 1232 1176 40.
1263 1152 1290 1176 et
1317 1152 1368 1177 41.
1394 1152 1539 1186 quartum

891 1191 1014 1226 consul,
1033 1195 1064 1227 8,
1086 1193 1133 1219 16.
1159 1191 1242 1228 capit
1259 1191 1348 1220 Cales
1366 1191 1544 1228 Ausonum,

891 1233 966 1263 i‘az'd.
993 1243 1029 1262 ex
1059 1235 1334 1263 senatusconsulto
1357 1235 1544 1274 triumphat,

891 1276 966 1306 ibid.
991 1277 1139 1312 interrex,
1172 1281 1219 1308 17.
1243 1282 1273 1307 et
1299 1281 1330 1310 9,
1357 1282 1384 1308 7.
1410 1279 1545 1307 dictator

892 1321 1077 1357 secundum,
1093 1324 1143 1356 10,
1155 1325 1185 1349 3.
1195 1321 1382 1359 triumphat,
1395 1324 1423 1349 5.
1434 1322 1543 1350 consul

892 1363 1052 1400 quintum,
1071 1366 1101 1393 6.
1129 1364 1226 1402 legem
1244 1364 1303 1393 fert
1331 1364 1369 1392 de
1392 1374 1543 1402 provoca-

891 1406 989 1439 tione,
1007 1407 1101 1435 tertio
1117 1410 1184 1435 tum
1200 1407 1239 1435 ab
1261 1407 1336 1436 urbe
1352 1408 1480 1437 condita
1500 1409 1544 1436 la-

890 1453 969 1484 tam,
982 1459 1105 1488 semper
1121 1459 1139 1478 a
1158 1450 1276 1478 familia
1291 1450 1409 1487 eadem,
1422 1456 1451 1481 9.
1468 1460 1545 1481 con-

892 1492 940 1520 sul
950 1498 1085 1530 sextum,
1096 1494 1134 1522 T.
1145 1494 1265 1522 Manlio
1275 1494 1434 1527 suffectus,
1452 1499 1500 1524 11.

851 1538 900 1567 Μ.
915 1536 1056 1565 Valerius
1081 1537 1181 1570 Falto,
1198 1538 1396 1574 quaestorius,
1413 1538 1444 1566 in
1473 1538 1545 1566 Asi-

892 1589 940 1608 am
959 1581 996 1608 ad
1014 1580 1157 1608 Attalum
1188 1581 1308 1618 legatus
1324 1581 1472 1615 mittitur,
1490 1585 1544 1616 29,

897 1626 945 1651 11.
978 1623 1078 1651 aedilis
1104 1621 1233 1658 curulis,
1256 1627 1310 1655 30.
1337 1626 1387 1652 26.
1422 1629 1544 1653 creatur

892 1670 1018 1704 praetor,
1033 1670 1064 1695 et
1088 1667 1233 1695 Bruttios
1258 1667 1450 1705 provinciam
1478 1677 1545 1696 sor-

892 1709 981 1741 titur.
1013 1713 1065 1739 40.
1092 1714 1122 1738 et
1145 1714 1198 1738 41.
1228 1710 1254 1738 ei
1281 1714 1466 1749 prorogatur
1486 1711 1544 1739 im-

894 1753 1024 1790 perium,
1058 1758 1094 1782 ut
1126 1753 1156 1781 in
1192 1752 1365 1782 Sardiniam
1396 1754 1545 1791 trajiciat,

893 1800 949 1831 31,
970 1801 998 1824 s.

851 1839 1042 1870 M.Valerius
1054 1839 1544 1878 Laevinus.praet01·,sor:iturju-

893 1883 1105 1911 risdictionem
1132 1884 1338 1922 peregrinam,
1361 1883 1412 1912 sed
1438 1887 1546 1921 postea

894 1926 1008 1954 bellurn
1019 1926 1344 1964 administrare-jussus
1354 1930 1415 1962 est,
1426 1930 1479 1959 23,
1492 1931 1545 1957 24.

893 1973 945 1998 30.
958 1973 1011 1998 32.
1024 1974 1075 1998 37.
1093 1974 1124 1998 et
1135 1974 1186 1998 38.
1200 1980 1255 2007 pro
1271 1974 1402 2008 praetore
1415 1979 1545 2008 praeesse

889 2012 1020 2050 jubetur
1035 2022 1095 2041 orae
1118 2012 1284 2042 maritimae
1309 2013 1346 2042 ad
1371 2013 1547 2042 Brundusi-

894 2065 960 2092 um,
975 2059 1089 2088 24,10.
1102 2057 1204 2086 mittit
1214 2057 1260 2086 M.
1272 2057 1406 2089 Livium,
1420 2056 1545 2094 quiTa-

895 2104 1018 2127 rentum
1043 2103 1184 2135 tueatur,
1210 2103 1260 2128 20.
1291 2101 1329 2128 ad
1351 2110 1421 2129 eum
1453 2100 1546 2134 legati

894 2143 933 2171 ab
949 2142 1056 2178 Oric0‚
1072 2146 1124 2171 40.
1149 2143 1216 2180 ejus
1233 2152 1279 2171 res
1295 2146 1390 2180 gestas
1403 2144 1436 2171 in
1457 2143 1543 2171 Grae-

895 2186 942 2214 cia
969 2186 1115 2214 adversus
1143 2186 1338 2224 Philippum,
1371 2186 1444 2215 ibis.
1474 2195 1545 2224 pro-

893 2232 1001 2263 rogato
1024 2228 1153 2267 irnperio
1177 2229 1343 2258 mandatur
1368 2229 1396 2257 ei
1426 2228 1548 2258 Graecia

893 2276 925 2300 et
947 2272 1147 2308 Macedonia,
1165 2277 1217 2302 44.
1232 2272 1358 2307 iterum,
1374 2276 1427 2308 25,
1441 2277 1471 2300 3.
1498 2282 1545 2300 res

894 2318 1002 2353 gestae,
1027 2318 1080 2349 26,
1113 2318 1249 2344 24-26.
1286 2316 1396 2344 consul
1433 2315 1545 2344 absens

892 2363 1027 2395 creatur,
1044 2362 1094 2387 22.
1122 2359 1210 2387 venit
1235 2359 1381 2395 Romam,
1408 2363 1457 2389 27.
1482 2357 1548 2387 Ita-

892 2402 964 2430 liam
994 2402 1136 2437 sortitus‚
1166 2402 1357 2440 provinciam
1387 2406 1545 2440 permutat

894 2454 964 2474 curn
1004 2445 1153 2474 Marcello
1183 2445 1311 2480 collega,
1343 2449 1394 2475 29.
1434 2445 1544 2474 suadet

894 2487 1051 2518 Patribus,
1068 2492 1104 2517 ut
1120 2497 1211 2517 omne
1227 2497 1349 2524 aurum,
1365 2492 1543 2526 argentum,

895 2541 935 2560 aes
950 2531 1109 2568 signatum
1131 2531 1162 2559 in
1189 2532 1349 2569 publicum
1367 2530 1542 2565 conferant,

895 2577 949 2603 36.
972 2574 1078 2603 Sicilia
1093 2575 1179 2604 omni
1196 2576 1310 2604 Poenos
1336 2573 1475 2611 expellit,
1491 2578 1544 2603 40.

895 2618 1027 2647 Romam
1046 2619 1136 2653 reilit,
1151 2622 1183 2647 et
1208 2627 1254 2646 res
1276 2618 1308 2646 in
1326 2617 1431 2645 Sicilia
1445 2621 1546 2650 gestas

897 2665 1013 2696 narrat,
1036 2665 1090 2696 27,
1120 2665 1148 2690 5.
1173 2661 1239 2697 ejus
1268 2660 1459 2689 concertatio
1475 2669 1545 2689 cum

898 2704 1044 2733 Patribus
1069 2705 1106 2733 de
1132 2704 1284 2732 dictatore
1300 2702 1445 2737 dicendo,
1467 2702 1543 2733 ibid.

897 2747 924 2775 ei
954 2752 1155 2786 prorogatum
1182 2745 1359 2783 imperium,
1392 2749 1441 2772 22.
1473 2755 1544 2782 pro-

898 2791 1021 2826 consul,
1044 2800 1079 2819 ex
1105 2789 1209 2818 Sicilia
1233 2790 1265 2817 in
1290 2789 1426 2817 Africam
1450 2789 1543 2826 profi-

898 2834 1038 2869 ciscitur,
1071 2837 1124 2869 28,
1152 2836 1182 2861 4.
1208 2831 1327 2870 legatus
1347 2832 1384 2860 ad
1402 2832 1544 2861 Attalum
