1831 3194
447 92 564 129 Llss.
596 89 721 127 XLII.
769 89 902 126 cAP.
933 89 1128 127 XXXIX.
1443 96 1492 134 67

74 209 163 243 tore
184 202 309 252 facto,
331 216 454 257 quem
481 202 763 240 Romanorum
791 200 929 239 favere
960 199 1083 239 rebus
1105 198 1202 241 satis
1231 210 1488 256 compertum
1504 213 1590 243 U.(t.
1608 213 1681 243 581.

74 267 177 309 crat,
210 259 461 301 transierunt
492 258 532 297 in
567 256 837 296 Thessaliam.
901 257 966 296 Eo
997 256 1123 311 legati
1145 257 1428 307 Acarnanum,
1449 255 1591 298 cvl-C·
1612 255 1680 285 171.

77 318 320 358 Boeotorum
361 314 524 355 exsules
566 321 778 354 venerunt.
854 314 1092 353 Acarnanes
1138 314 1332 354 nunciare
1368 314 1488 369 jussi,

77 373 178 422 Quae
195 374 386 425 Philippi
403 373 589 424 primum,
608 371 803 410 Antiochi
818 371 963 410 deinde
983 371 1096 418 bello,
1113 371 1268 423 decepti
1287 370 1491 424 ³¹210llici-

73 431 294 471 tationibus
313 431 435 483 regis,
458 430 647 468 adversus
662 429 854 480 populum
876 428 1100 467 Romanum
1126 430 1419 477 commisissent,
1444 444 1490 468 ea

72 489 304 542 corrigendi
333 488 573 527 occasionem
605 487 689 525 z'tlz's
719 485 907 524 oblatam.
967 486 1012 525 Si
1043 487 1145 525 mole
1171 487 1307 525 meriti
1325 487 1491 526 clemen-

73 547 172 585 tiam
187 546 334 598 populi
350 544 530 584 Romani
550 543 709 596 experti
729 548 866 590 essent,
884 542 980 582 bene
1001 544 1184 582 merendo
1203 543 1491 583 liberalitatem

74 604 367 655 experirentur.
449 600 606 641 Boeotis
655 599 969 654 exprobratum,
1007 599 1242 640 societatem
1287 616 1354 641 eos
1396 616 1489 641 cum

78 662 228 700 Perseo
256 658 456 715 junxisse.
504 657 566 706 iis,
590 672 721 712 quum
751 656 916 711 culpam
938 656 979 695 in
1004 657 1240 707 Ismeniam,
1263 657 1490 713 principem

74 716 244 757 alterius
272 715 418 772 partis,
441 714 689 763 conferrent,
711 712 745 736 ³²
757 721 797 754 ct
819 713 1020 768 quasdam
1043 713 1230 754 civitates
1252 714 1491 755 dissentien-

76 782 136 815 tes
167 773 207 813 in
239 787 423 813 caussam
455 771 670 819 deductas,
696 772 983 823 adpariturum
1015 772 1059 810 id
1088 785 1179 819 esse,
1215 771 1402 811 Marcius
1431 787 1492 811 re-

76 830 265 887 spondit:
298 830 469 883 singulz's
498 830 601 869 enim
632 828 865 869 civitatibus
885 829 934 867 cle
953 842 993 868 se
1014 829 1114 880 ipsis
1143 830 1375 868 consulendi
1399 835 1492 881 pot-

74 895 248 940 estatem¹
249 887 448 940 facturos.
511 885 808 926 Thessalorum
833 884 1012 925 Larissae
1029 885 1110 926 fuit
1124 885 1354 925 concilium.
1378 885 1434 925 ibi
1452 894 1492 926 et

79 944 292 986 Thessalis
311 944 492 1000 benigna
512 942 684 983 materia
703 942 858 997 gratias
879 942 1027 997 agendi
1047 943 1245 983 Romanis
1275 957 1352 998 pro
1374 942 1494 983 liber-

79 1002 177 1043 tatis
207 1017 377 1042 munere
397 1000 504 1047 fuit;
533 1007 574 1040 et
596 999 757 1054 legatis,
775 999 905 1053 quod,
923 1007 963 1039 et
988 998 1173 1054 Philippi
1196 1000 1313 1054 prius
1334 1007 1374 1039 et
1399 1008 1494 1055 post

79 1059 280 1099 Antiochi
320 1058 444 1107 bello,
476 1057 586 1097 enise
617 1056 751 1112 adjuti
788 1071 812 1095 a
850 1063 974 1110 gente
1012 1055 1309 1095 Thessalorum
1346 1065 1492 1096 essent.

79 1116 156 1156 hac
186 1124 336 1156 mutua
363 1114 751 1155 commemoratione
782 1113 1025 1152 meritorum
1056 1112 1213 1152 accensi
1241 1112 1366 1152 animi
1388 1112 1495 1153 mul-

77 1172 271 1213 titudinis
301 1171 354 1212 ad
384 1171 523 1211 omnia
551 1169 824 1219 decernenda,
856 1183 952 1224 quae
985 1170 1165 1209 Romani
1194 1168 1360 1210 vellent.
1424 1171 1494 1210 Se-

75 1229 261 1270 cundum
291 1229 369 1269 hoc
399 1228 618 1268 concilium
650 1226 776 1282 legati
806 1242 831 1266 a
862 1227 1013 1267 Perseo
1043 1242 1140 1281 rege
1167 1235 1386 1275 venerunt,
1408 1227 1491 1282 pri·
1506 1235 1613 1275 Legati
1631 1246 1649 1266 a

76 1287 162 1328 vati
192 1287 372 1327 maxime
401 1285 572 1340 hospitii
603 1281 770 1333 fiducia,
793 1282 907 1339 quod
929 1283 965 1323 ei
995 1291 1217 1339 paternum
1248 1298 1343 1324 cum
1376 1284 1489 1323 Mar·
1502 1281 1615 1327 Perseo
1630 1278 1670 1310 ad

76 1343 140 1384 cio
170 1352 270 1385 erat.
337 1343 408 1384 Ab
438 1342 566 1397 hujus
607 1340 922 1382 necessitudinis
964 1341 1352 1381 commemoratione
1393 1324 1670 1389 orsi’Marmum.

77 1401 288 1456 petierunt
328 1400 470 1456 legati,
500 1400 543 1439 in
579 1398 847 1453 conloquium
882 1397 1073 1438 veniendi
1114 1398 1201 1452 regi
1244 1405 1504 1452 potestatem.

77 1458 243 1500 faceret.
306 1457 509 1505 Marcius,
534 1457 590 1496 Et
605 1470 645 1496 se
667 1456 726 1494 ita
744 1470 768 1494 a
787 1461 910 1507 patre
930 1469 999 1494 suo
1020 1456 1232 1506 accepisse,
1250 1453 1375 1504 dixit,
1392 1455 1494 1493 ami-

76 1515 216 1555 citiam
237 1516 530 1567 hospitiumque
550 1527 631 1553 cum
657 1512 855 1564 Philippo
871 1511 1020 1565 fuisse.
1053 1512 1215 1551 minime
1248 1512 1497 1551 inmemorem

77 1573 383 1612 necessitudinis
403 1570 485 1624 ejus
500 1571 739 1623 legationem
768 1583 853 1608 eom
876 1570 1100 1621 suscepisse.
1164 1569 1441 1620 conloquium,
1462 1569 1500 1608 si

76 1631 178 1670 satis
193 1631 388 1670 commode
405 1629 571 1676 valeret,
588 1627 808 1680 nonfuisse
824 1627 1044 1666 dilaturum
1060 1644 1072 1664 .·
1096 1639 1212 1674 nunc,
1235 1625 1304 1664 nbi
1320 1626 1497 1677 primum

70 1693 220 1740 posset,
247 1688 304 1727 ad
333 1687 508 1727 Peneum
522 1685 695 1740 flumen,
719 1698 798 1737 quo
829 1684 1026 1723 transitus
1052 1682 1103 1722 ab
1137 1681 1351 1722 Homoli0¹
1371 1684 1499 1722 Dium

79 1751 189 1792 esset,
209 1744 443 1797 praemissis,
467 1744 536 1797 qui
556 1743 798 1781 nunciarent
819 1742 921 1794 regi,
945 1747 1142 1781 venturos.

138 1802 376 1842 XXXIX.
410 1802 468 1841 Et
497 1808 588 1841 tum
618 1798 790 1854 quidem
820 1798 873 1838 ab
905 1798 989 1839 Dio
1021 1798 1198 1838 Perseus
1232 1797 1275 1837 in
1303 1797 1501 1838 interiora

78 1860 195 1915 regni
226 1859 408 1915 reeipitfl·
439 1872 494 1907 se,
516 1856 596 1897 levi
627 1871 730 1896 aura
760 1855 845 1911 spei
876 1855 1053 1911 objecta,
1076 1854 1192 1910 quod
1223 1855 1411 1894 Marcius
1438 1855 1501 1910 ip-

80 1917 165 1957 sius
201 1931 345 1957 caussa
384 1914 610 1970 suscepisse
650 1928 692 1953 se
732 1912 981 1968 legationem
1022 1911 1207 1952 dixisset.
1270 1912 1372 1952 Post
1412 1911 1500 1951 dies

80 1988 235 2029 paucos
255 1973 309 2014 ad
339 1971 614 2013 constitutum
635 1970 772 2011 locum
793 1976 1009 2010 venerunt.
1071 1969 1258 2024 Magnus
1278 1968 1500 2009 comitatus
1515 1975 1682 2017 Conloqui-

82 2030 165 2071 fuit
186 2030 341 2086 regius,
364 2043 496 2085 quum
518 2028 760 2077 amicorum,
783 2033 875 2067 tum
903 2025 1130 2067 satellitum
1158 2025 1285 2066 turba
1306 2025 1498 2080 stipante.
1513 2020 1656 2091 umffleff
1665 2029 1711 2050 re-

82 2087 179 2128 Non
208 2087 365 2127 minore
395 2085 560 2142 agmine
590 2084 717 2140 legati
747 2091 967 2133 venerunt,
1001 2091 1043 2124 et
1074 2083 1127 2124 ab
1158 2082 1328 2122 Larissa
1356 2081 1500 2123 multis
1512 2067 1713 2146 ἓὲζὲξῒᾘέῐῃ

81 2144 446 2200 prosequentibus,
479 2150 521 2183 et
560 2140 840 2197 legationibus
880 2140 1130 2189 civitatium,
1165 2153 1262 2195 quae
1303 2153 1502 2179 convene-

82 2209 175 2242 rant
198 2201 423 2250 Larissam,
446 2207 487 2241 et
516 2198 759 2239 renunciare
789 2196 961 2238 domum
992 2204 1118 2246 certa,
1146 2211 1243 2252 quae
1273 2195 1500 2245 audissent,

81 2257 288 2300 volebant.
352 2258 494 2298 Inerat
524 2271 625 2296 cura
656 2255 782 2295 insita
812 2253 1059 2295 mortalibus
1086 2252 1257 2293 videndi
1286 2252 1501 2307 congredi-

81 2322 196 2356 entes
228 2314 407 2356 nobilem
437 2328 592 2369 regem,
615 2320 655 2353 et
685 2310 831 2367 populi
861 2310 1059 2367 principis
1090 2318 1295 2351 terrarum
1315 2308 1502 2349 omnium

83 2371 252 2428 legatos.
316 2373 546 2426 Postquam
566 2370 609 2410 in
630 2375 853 2424 conspectu
876 2375 1097 2417 steterunt,
1119 2366 1338 2407 dirimente
1367 2380 1501 2414 amne,

83 2429 311 2485 paullisper
331 2425 676 2469 internunciando
698 2425 910 2465 cunctatio
930 2424 1029 2473 fuit,
1051 2424 1137 2465 utri
1168 2421 1500 2479 transgrederen-

83 2494 165 2526 tur.
199 2485 359 2541 aliquid
386 2484 445 2525 illi
475 2484 601 2540 regiae
631 2482 853 2538 majestati,
884 2480 1044 2537 aliquid
1073 2480 1116 2520 hi
1146 2480 1292 2536 populi
1324 2479 1501 2519 Romani

443 2592 451 2616 l
472 2594 581 2623 Omolio
594 2593 691 2623 Gron.
708 2591 797 2621 Crev.
885 2593 910 2610 ffl
927 2591 1031 2628 recepit
1046 2588 1137 2619 Eaed.

88 2693 213 2729 cedunt,
241 2693 408 2734 legendum
438 2705 503 2724 esse
530 2699 664 2733 praetore,
692 2690 775 2732 quod
862 2691 902 2720 32
932 2690 971 2719 Et
1000 2690 1137 2729 quasdam
1159 2687 1303 2726 civitates]
1349 2685 1390 2714 Et.
1420 2683 1503 2714 dice-

88 2736 230 2777 SlgOffiUS
245 2737 391 2767 voluerat·
819 2739 886 2763 rent
911 2732 1063 2774 quasdam
1086 2731 1239 2765 civitates,
1264 2739 1333 2769 quae
1361 2726 1503 2756 dissenti-

138 2780 174 2808 31
217 2779 474 2810 pollicitationibus
498 2780 588 2820 regis]
635 2778 679 2809 At
713 2776 773 2807 duo
818 2781 896 2811 rent,
923 2777 961 2805 ab
994 2774 1130 2805 Ismenia
1154 2778 1185 2803 et
1207 2770 1313 2801 Persei
1335 2768 1505 2799 fautoribus

88 2832 175 2861 reges
199 2821 348 2851 nominati
371 2828 452 2858 sunt,
470 2819 633 2864 Philippus
656 2827 686 2851 et
707 2819 772 2849 An-
817 2819 968 2849 deductas
991 2827 1056 2847 esse
1076 2817 1108 2846 in
1124 2815 1361 2860 illamleausam‚
1382 2818 1505 2842 coactas

90 2865 218 2894 tion-lius.
269 2865 348 2901 Lege
365 2874 436 2903 ergo
454 2866 546 2904 regiis.
820 2872 885 2891 esse
902 2861 987 2891 illam
1004 2866 1121 2900 partem
1138 2867 1234 2896 sequi.

894 2908 963 2942 πρ
