1831 3194
475 109 725 150 LIBROR.
756 109 1032 149 DEPERD.
1414 119 1488 154 935

80 222 253 263 tribunus
277 222 408 275 plebis
446 221 580 262 creari
611 221 728 260 vellet
762 220 979 270 Gracchus,
1016 226 1179 261 auctore
1219 220 1275 260 P.
1311 221 1488 264 Cornelio

79 280 250 328 Nasica,
273 281 316 320 in
349 279 555 333 Capitolio
575 278 626 317 ab
646 277 897 330 optimatibus
925 280 1073 319 occisus
1101 284 1169 327 est,
1192 279 1291 319 ictus
1317 279 1489 330 primum,

61 337 316 391 fingmentis
338 336 622 382 subselliorum,
644 341 682 375 et
715 336 821 376 inter
842 335 953 384 alios,
975 337 1042 390 qui
1061 337 1106 376 in
1126 336 1262 375 eadem
1292 337 1489 378 seditione

79 395 198 434 occisi
225 401 350 442 erant,
373 394 587 446 insepultus
606 392 646 431 in,
667 393 818 447 flumen
842 391 1052 446 projectus.
1111 393 1196 434 Res
1219 399 1422 446 pra’tcrca
1444 395 1488 434 in

78 452 224 493 Sicilia
246 452 361 492 vario
381 457 514 492 eventu
535 450 589 489 acl
595 464 723 490 versus
725 450 930 504 Jicgitivos
947 457 1087 505 gestas
1107 450 1287 492 continet.

699 643 854 697 LIX.

136 756 392 805 Numantini,
405 756 523 809 sanie
543 758 684 809 coacti,
701 758 774 810 ipsi
793 773 833 799 se
845 772 926 811 per
945 758 1065 798 vicem
1087 760 1291 799 tradentes
1311 759 1489 799 trucida-

77 820 227 854 verunt.
290 815 464 868 Captam
498 816 632 857 urbem
670 815 807 868 Scipio
846 812 1065 867 Afiicanus
1099 816 1258 864 delevit,
1288 822 1327 856 et
1358 818 1407 857 cle
1441 830 1489 856 ea

74 871 343 923 triumphavit,
373 874 670 926 quartodecimo
704 887 810 913 anno
837 879 932 926 post
969 871 1267 927 Karthaginem
1305 873 1487 914 deletam.

72 928 127 969 P.
153 928 346 981 Rupilius
361 932 498 970 consul
518 931 560 971 in
582 931 728 972 Sicilia
744 944 827 970 cum
831 929 1029 984 fugitivis
1044 930 1271 971 debellavit.
1331 931 1488 971 Aristo-

74 985 199 1034 nicus,
228 987 335 1039 regis
370 988 564 1028 Eumenis
572 988 713 1040 filius,
749 987 886 1028 Asiam
922 988 1126 1039 occupavit
1136 1011 1149 1033 ,·
1199 1002 1329 1041 quum,
1365 994 1488 1028 testa-

74 1049 205 1083 mento
224 1043 358 1083 Attali
373 1046 481 1098 regis
500 1046 637 1099 legata
664 1046 814 1098 populo
834 1044 1033 1093 Romano,
1056 1044 1187 1084 libera
1217 1059 1297 1085 esse
1317 1045 1489 1085 deberet.

74 1099 276 1141 Adversus
305 1114 394 1141 eum
423 1103 476 1142 P.
497 1102 682 1143 Licinius
714 1101 880 1142 Crassus
908 1103 1054 1150 consul,
1077 1115 1194 1155 quum
1225 1103 1327 1142 idem
1349 1103 1490 1154 ponti-

58 1157 144 1211 fex
165 1157 358 1198 maximus
388 1165 498 1208 esset,
524 1160 644 1212 (quod
672 1172 882 1213 numquam
911 1165 1035 1199 antea
1053 1158 1216 1211 jactum
1246 1158 1350 1210 erat)
1372 1165 1490 1199 extra

74 1214 242 1255 Italiam
272 1213 480 1267 profectus,
497 1217 648 1269 praelio
669 1216 803 1264 victus
823 1222 859 1256 et
886 1217 1036 1256 occisus
1057 1222 1127 1257 est.
1189 1216 1255 1257 M.
1281 1217 1490 1269 Perperna

74 1273 207 1312 consul
243 1273 387 1313 victum
418 1273 687 1315 Aristonicum
716 1273 756 1314 in
787 1274 1031 1314 deditionem
1064 1274 1228 1326 accepit.
1289 1272 1339 1321 Q.
1360 1274 1490 1314 Pom-

71 1329 190 1382 peius
224 1334 263 1370 et
301 1330 349 1377 Q.
388 1329 593 1381 Metellus,
631 1337 724 1371 tunc
755 1332 931 1384 primum
958 1337 1126 1385 uterque
1160 1345 1210 1371 ex
1236 1331 1355 1384 plebe
1369 1331 1491 1385 facti

74 1399 266 1436 censores,
307 1387 473 1428 lustrum
512 1389 789 1429 condiderunt.
872 1388 1002 1429 censa
1041 1394 1133 1429 sunt
1170 1389 1314 1429 civium
1353 1388 1490 1441 capita

74 1449 251 1484 trecenta
281 1446 555 1497 septemdecim
592 1446 738 1494 millia,
770 1445 1000 1499 octingenta
1030 1445 1173 1499 viginti
1206 1446 1302 1493 tria,
1324 1451 1491 1498 -prceter

73 1502 249 1554 pupillos
288 1507 326 1542 et
365 1502 517 1543 viduas.
601 1502 650 1550 Q.
689 1501 877 1542 Metellus
915 1516 1053 1542 censor
1086 1503 1252 1550 censuit,
1285 1507 1330 1542 ut
1360 1515 1491 1542 omnes

75 1564 312 1612 cogerentur
331 1559 471 1599 ducere
491 1573 646 1608 umores,
669 1560 884 1600 liberorum
905 1560 1163 1600 creandorum
1184 1572 1338 1600 caussa.
1359 1565 1491 1599 exstat

77 1616 210 1656 oratio
229 1614 326 1669 ejus,
349 1630 465 1670 quam
495 1616 699 1670 Augustus
723 1617 873 1665 Caesar,
896 1629 1012 1670 quum
1033 1617 1082 1656 de
1103 1617 1349 1656 maritandis
1377 1617 1490 1656 ordi-

77 1672 190 1713 nibus
209 1679 358 1726 ageret,
381 1672 414 1697 ⁶⁹
430 1674 534 1714 velut
540 1675 593 1721 ,in
614 1674 698 1713 lta‘c
717 1679 900 1726 tempora
913 1674 1106 1725 scriptam
1121 1674 1165 1713 in
1183 1680 1324 1714 senatu
1344 1673 1490 1714 recita-

78 1730 151 1771 vit.
214 1731 259 1771 C.
282 1729 446 1771 Atinius
476 1731 614 1771 Labeo
634 1731 814 1771 tribunus
830 1729 959 1782 plebis
983 1729 1033 1778 Q.
1056 1730 1265 1770 Metellum
1285 1745 1489 1779 censorem,

79 1801 105 1828 a
125 1800 200 1842 quo
221 1788 264 1827 in
285 1794 427 1828 senatu
446 1788 613 1842 legendo
635 1789 873 1841 praeteritus
893 1793 991 1836 erat,
1015 1789 1063 1828 de
1082 1801 1182 1827 saxo
1203 1787 1318 1841 dejici
1332 1787 1460 1841 jussit
1477 1806 1490 1827 .-

78 1845 185 1898 quod
213 1846 421 1897 nefleret,
450 1846 575 1885 ceteri
602 1845 752 1885 tribuni
775 1845 908 1898 plebis
937 1845 1093 1885 auxilio
1111 1844 1296 1897 suerunt.
1359 1844 1492 1893 Quum

82 1901 215 1943 Carbo
231 1902 414 1943 tribunus
435 1902 568 1955 plebis
587 1903 836 1958 rogationem
867 1902 1031 1953 tulisset,
1051 1901 1084 1928 7⁰
1099 1908 1143 1942 ut
1164 1903 1336 1942 eumdem
1366 1902 1492 1943 tribu-

80 1972 172 1998 num
189 1958 334 2011 plebis,
355 1960 505 2013 quoties
529 1959 658 2008 vellet,
684 1974 822 2000 creare
850 1960 985 2000 liceret
1001 1982 1016 2006 ‚·
1049 1959 1295 2014 rogationem
1325 1957 1408 2013 ejus
1439 1959 1490 1999 P.

81 2015 308 2069 Africanus
335 2017 579 2070 gravissima
610 2018 788 2058 oratione
818 2016 1036 2063 dissuasit‚·
1073 2017 1116 2056 in
1151 2030 1231 2071 qua
1266 2017 1387 2065 dixit,
1421 2015 1491 2056 Ti.

83 2071 327 2114 Gracchum
354 2072 448 2127 jure
484 2087 637 2114 caesum
674 2073 817 2114 videri.
895 2072 928 2099 ⁷¹
945 2073 1156 2114 Gracchus
1185 2079 1325 2114 contra
1363 2074 1493 2114 suasit

80 2131 329 2184 rogationem
348 2148 359 2170 .-
391 2129 425 2157 72
440 2132 511 2171 secl
529 2132 666 2184 Scipio
686 2132 830 2172 tenuit.
892 2131 1012 2171 Bella
1033 2132 1139 2172 inter
1157 2131 1395 2172 Antiochum
1419 2130 1493 2185 Sy-

80 2189 167 2237 ria’,
191 2193 229 2227 et
253 2187 472 2228 Phraatem
505 2188 749 2228 Parthorum
780 2202 909 2242 regem
935 2194 1067 2242 gesta,
1087 2202 1157 2229 nec
1185 2189 1318 2242 magis
1346 2188 1494 2242 quieta?

81 2259 143 2285 res
163 2244 338 2299 AEgypti
365 2244 606 2299 referuntur.
664 2246 919 2296 Ptolemaeus,
939 2246 1158 2300 Euergetes
1184 2246 1495 2300 cognominatus,

80 2301 129 2342 ob
149 2302 316 2342 nimiam
345 2302 624 2343 crudelitatem
652 2303 736 2344 suis
766 2302 926 2352 invisus,
949 2302 1108 2343 incensa
1135 2315 1161 2343 a
1186 2303 1336 2356 populo
1365 2303 1494 2356 regia,

127 2442 168 2473 69
208 2442 293 2473 Velut
317 2444 347 2473 in
376 2443 434 2473 hoec
460 2449 585 2483 tempora
612 2444 763 2484 scriptam]
809 2443 879 2474 ferri
899 2442 957 2473 nisi
973 2443 1012 2474 ad
1035 2441 1203 2479 tribunum,
1221 2441 1304 2483 quod
1326 2439 1493 2472 absurdum

84 2484 170 2516 Ante
193 2484 353 2526 Sigonium
375 2484 467 2516 editi:
491 2487 569 2517 velut
585 2497 614 2516 eo
634 2492 765 2526 tempore.
809 2492 864 2517 est.
912 2485 1019 2516 Creare
1032 2486 1127 2517 habet
1142 2485 1330 2527 Campanus.

85 2527 146 2559 Ille
168 2527 299 2559 correxit
321 2538 359 2559 ex
371 2533 432 2559 vet.
448 2528 504 2559 lib.
521 2529 572 2560 cui
595 2528 765 2570 adstipula-
852 2529 891 2559 71
930 2527 1082 2559 Gracchus
1103 2527 1219 2568 contra]
1253 2527 1386 2558 Videtur
1409 2525 1492 2557 exci-

85 2574 135 2600 tur
158 2570 348 2612 Campanus.
392 2570 493 2602 Recte
509 2573 540 2601 in
555 2573 613 2602 haec
628 2578 764 2611 tempora.
810 2569 895 2602 disse'
913 2581 1108 2613 praenomen:
1147 2570 1181 2602 C.
1206 2569 1357 2601 Gracchus
1381 2575 1494 2600 contra.

87 2612 229 2644 Habetur
248 2613 331 2644 enim
352 2613 430 2645 ratio
445 2625 582 2656 personae
606 2614 698 2651 Livii,
715 2614 770 2657 qui
813 2614 1030 2646 Gnoxvovms.

86 2654 229 2695 Augusto
243 2656 372 2697 aequalis
385 2656 453 2687 fuit.
855 2658 896 2688 72
925 2657 981 2688 Sed
1003 2657 1097 2696 Scipio
1119 2655 1228 2696 tenuit]
1253 2655 1324 2686 Hoc
1346 2652 1415 2694 quis
1437 2651 1492 2681 de-

132 2697 173 2727 70
200 2697 241 2727 Ut
262 2701 391 2729 eumdem
413 2701 563 2730 tribunum
583 2701 682 2740 plebis,
699 2711 767 2740 quo·
812 2700 901 2736 derit,
922 2700 1085 2731 incertum.
1129 2698 1191 2729 Sed
1220 2697 1373 2731 Andreas,
1397 2695 1493 2725 Cam-

88 2741 140 2770 ties
154 2740 248 2776 vellet,
264 2744 357 2772 creari
372 2743 483 2783 liceret]
510 2742 667 2774 Emendat
688 2743 767 2774 Gro-
812 2753 923 2785 panus,
946 2743 1042 2773 MSS.
1065 2740 1213 2773 Hearnii:
1249 2739 1368 2770 censuit.
1412 2736 1492 2767 Vul-

89 2781 216 2813 novius:
273 2789 306 2813 ut
342 2786 471 2815 eumdem
499 2787 650 2816 tribunum
684 2787 769 2825 plebi,
814 2791 894 2827 gatae
916 2785 1058 2816 lectionis
1086 2794 1193 2815 sensus
1221 2779 1399 2813 commodus
1426 2784 1491 2811 est:

91 2826 197 2865 quoties
225 2826 321 2863 vellet,
343 2837 441 2857 creare
463 2828 571 2859 liceret.
618 2829 711 2864 Sane,
735 2834 770 2859 ut
813 2831 907 2860 tenuit
921 2828 1123 2871 propositum,
1138 2825 1225 2857 vicit.

92 2867 183 2908 vulgo
205 2867 328 2907 legitur,
351 2868 385 2899 τὸ
406 2870 490 2900 vellet
511 2880 572 2902 non
600 2876 701 2912 potest
722 2881 768 2902 re-
