1816 3159
274 84 422 134 xxxiv
767 63 1230 120 PRAEFATIO.

276 227 379 283 illa,
403 238 516 286 quae
542 215 755 282 plurima
772 213 820 259 in
839 208 1062 273 singulos
1083 208 1186 255 fere
1212 218 1371 252 annos
1398 199 1605 263 colligit,
1624 214 1735 261 paiz-

279 305 366 353 tim
389 293 703 349 incredibilia
725 297 774 339 et
799 287 1004 338 omnino
1027 302 1170 343 vana,
1195 282 1378 348 partim
1413 280 1475 328 ab
1498 276 1737 342 imperitis
1813 333 1816 343 ἰ

283 377 562 430 hominibus
598 371 724 420 falso
761 366 934 416 habita
968 380 1057 429 pro
1095 361 1345 417 monstris,
1379 373 1536 423 quum
1570 363 1740 405 tamen
1813 344 1816 422 Ι

282 458 403 508 nihil
427 457 478 504 in
502 454 560 502 iis
586 454 736 505 esset,
763 446 904 512 quod
930 459 1035 492 non
1058 459 1122 490 ex
1147 441 1193 489 vi
1216 441 1327 504 ipsa
1345 452 1507 486 rerum
1530 440 1579 482 et
1600 438 1741 481 natu·

285 555 349 586 rae
368 534 560 597 legibus
580 529 774 578 flueret.
848 523 949 573 Sed
968 538 1073 570 non
1091 526 1224 568 recte
1240 516 1478 582 judicant
1496 514 1560 562 de
1577 510 1739 566 Livio,
1812 504 1816 590 Ι

287 616 371 680 qui
395 614 505 660 haec
532 606 700 658 omnia
722 605 785 653 ab
810 619 869 652 eo
897 608 981 651 aut
1005 617 1096 665 pro
1124 597 1251 647 veris
1276 599 1563 650 memorata,
1583 594 1669 638 aut
1692 587 1744 635 in
1813 592 1816 639 Ι

76 707 208 753 Liviiylff
290 691 579 755 religionem
597 701 740 734 versa
761 698 870 731 esse
894 679 1199 729 existimant.
1269 673 1388 738 Ipse
1413 689 1465 720 se
1489 668 1655 719 multis
1671 666 1745 714 lo-
1811 641 1816 723 Ι

73 751 221 836 {siffis
291 773 361 821 cis
387 764 640 818 defendit:
678 769 733 810 ut
757 775 914 825 quum
949 757 1035 806 lib.
1060 753 1212 803 XXI.
1251 767 1364 815 cap.
1392 752 1469 798 62.
1493 744 1747 811 prodigio·
1812 730 1816 860 Ι

1813 861 1816 897 Ι

1813 898 1816 1028 Ι

1814 1038 1816 1066 Ι

291 865 399 898 rum
427 841 794 894 enarrationem
819 837 890 886 sic
916 835 1133 885 orditur:
1184 831 1376 886 Romoe,
1403 835 1489 877 aut
1512 827 1644 875 eirea
1667 842 1747 872 ur-

295 929 395 976 bem
417 925 573 973 multa
597 938 652 970 ea
674 920 827 968 hieme
845 915 1087 982 prodigia
1095 912 1259 976 facta,
1283 916 1370 957 aut
1392 907 1541 971 (quod
1565 904 1750 952 evenire
1813 955 1815 961 Ι

295 1006 415 1055 solet
437 1003 580 1051 motis
600 998 741 1048 semel
754 998 806 1045 in
828 995 1117 1061 religionem
1140 989 1337 1051 animis)
1355 986 1508 1034 multa
1521 982 1754 1030 nunciata

297 1090 344 1130 et
376 1090 544 1130 temere
578 1077 766 1126 credita
800 1082 928 1123 sunt.
1000 1072 1195 1120 Rursus
1227 1060 1313 1114 lib‘.
1341 1061 1571 1112 XXVII.
1600 1077 1645 1109 c.
1669 1063 1751 1106 23.

303 1159 471 1208 Cumis
487 1158 624 1220 (adeo
638 1154 854 1202 minimis
871 1152 1017 1199 etiam
1039 1150 1179 1197 rebus
1194 1161 1355 1210 prava
1380 1142 1559 1207 religio
1584 1138 1755 1186 inserit
1814 1136 1816 1185 ξ

300 1238 431 1300 deos)
446 1249 603 1282 mures
627 1234 677 1280 in
694 1232 794 1279 cede
817 1228 964 1276 Jovis
981 1243 1152 1275 aurum
1176 1224 1350 1271 rosisse
1371 1220 1652 1267 nunciatum
1672 1222 1756 1264 est.

309 1314 406 1362 Ubi
429 1311 522 1361 etsi
541 1309 609 1358 rei
629 1323 832 1372 prorsus
851 1301 1132 1353 incredibili
1158 1301 1309 1348 fidem
1328 1297 1498 1361 potius
1517 1295 1759 1357 derogare
1813 1285 1816 1355 Ι

306 1391 563 1445 debuerat,
591 1385 820 1434 absurdae
857 1387 989 1430 certe
1024 1376 1384 1443 superstitionis
1421 1373 1608 1423 crimen
1643 1389 1672 1419 a
1707 1388 1760 1418 se
1813 1365 1816 1437 Ι

306 1467 514 1532 repellit.
586 1464 688 1512 Sed
713 1476 959 1525 nusquam
984 1474 1128 1507 suum
1155 1457 1220 1504 de
1244 1455 1320 1502 his
1346 1453 1494 1501 rebus
1509 1449 1760 1513 judicium
1813 1438 1816 1509 Ι

309 1552 396 1593 aut
431 1543 667 1609 apertius,
695 1547 780 1589 aut
808 1539 962 1587 fusius
999 1535 1236 1600 explicat,
1259 1548 1410 1597 quam
1445 1530 1532 1578 lib.
1558 1526 1761 1576 XLIII.
1813 1516 1816 1592 Ι

311 1640 356 1670 c.
378 1626 453 1672 13.
525 1619 645 1668 Non
660 1635 763 1667 sum
780 1618 978 1672 nescius,
1000 1612 1177 1678 inquit,
1199 1612 1259 1662 ab
1277 1612 1440 1659 eadem
1455 1608 1763 1674 negligentia
1811 1595 1816 1673 Ι

310 1717 406 1763 qua
429 1700 559 1747 niltil
591 1700 704 1746 deos
726 1696 1015 1762 portendere
1044 1693 1192 1759 vulgo
1226 1707 1351 1738 nune
1383 1689 1597 1742 credant,
1621 1701 1767 1748 neque

310 1778 537 1826 nunciari
552 1777 809 1824 admodum
826 1773 929 1821 ulla
944 1770 1186 1836 prodigia
1201 1768 1254 1816 in
1269 1766 1535 1832 publicum,
1553 1779 1699 1826 neque
1713 1764 1766 1809 in

315 1857 514 1905 annales
538 1855 731 1918 referri.
776 1851 999 1899 Ceterum
1022 1856 1068 1896 et
1082 1846 1205 1893 milii
1221 1851 1431 1893 vetustas
1445 1858 1520 1889 res
1535 1840 1767 1888 scribenti

316 1936 472 1984 nescio
490 1938 732 1997 quopaeto
748 1929 976 1990 antiquus
990 1926 1056 1972 sit
1068 1924 1280 1971 animus.-
1304 1920 1575 1984 etquaedam
1587 1917 1767 1982 religio
1808 1907 1810 1930 Ι

317 2021 402 2068 est,
416 2028 520 2075 qnoe
539 2011 616 2057 illi
629 2003 1002 2073 prudentissimi
1021 2001 1119 2048 viri
1129 1999 1326 2064 publice
1344 1996 1650 2059 suscipienda
1667 2010 1770 2042 een-

318 2092 519 2145 suerint,
545 2105 601 2136 ea,
627 2103 719 2151 pro
748 2083 971 2149 indignis
1005 2079 1177 2128 habere
1211 2095 1315 2142 quse
1338 2077 1391 2124 in
1418 2090 1545 2122 meos
1576 2073 1771 2120 annales

321 2168 542 2231 reseram.
615 2164 699 2213 Ex
733 2163 809 2210 his
844 2160 1064 2225 profecto
1107 2162 1242 2221 patet
1277 2154 1421 2218 plura
1463 2167 1591 2207 eum,
1630 2149 1770 2215 quod

111 2255 267 2330 ξέιῒ-οῑὶὲ-
326 2243 527 2293 Curtius
564 2242 629 2289 de
662 2258 714 2289 se
750 2244 970 2295 testatur,
995 2233 1340 2289 transcribere,
1366 2246 1518 2294 quam
1553 2228 1770 2284 credere,
1808 2253 1810 2256 ·

132 2322 139 2330 ¹
163 2323 170 2330 ’
206 2320 213 2328 ’
252 2321 260 2329 ’
320 2329 376 2368 <et
397 2320 506 2369 sola
539 2315 845 2381 antiquitatis
870 2311 1190 2362 veneratione
1225 2309 1505 2357 adductum
1530 2304 1663 2353 eain
1687 2321 1772 2352 an·
1811 2345 1812 2348 ,

324 2397 467 2444 nales
493 2413 612 2444 suos
630 2394 876 2450 retulisse,
897 2409 1007 2456 quae
1034 2389 1126 2438 etsi
1151 2387 1309 2436 futilia
1332 2403 1442 2435 esse
1458 2383 1771 2446 intelligeret,

328 2475 425 2523 illis
450 2481 619 2522 tamen
642 2468 1044 2535 prudentissimis
1070 2465 1181 2515 viris
1204 2462 1493 2527 gravissima
1517 2460 1623 2508 visa
1646 2475 1771 2516 esse,
1808 2487 1813 2506 ,⁴

331 2560 395 2609 et,
421 2557 664 2615 tanquam
690 2549 842 2597 missa
867 2565 897 2595 a
921 2546 1032 2603 diis,
1059 2544 1257 2609 publice
1281 2547 1514 2604 suscepta
1544 2537 1778 2587 memine-
1810 2556 1812 2560 ’

331 2637 420 2680 rat.

401 2705 536 2761 Quin
561 2703 710 2752 etiam
733 2699 857 2748 illud
879 2700 1120 2746 affirmare
1142 2711 1246 2744 non
1265 2694 1617 2752 dubitabimus,
1638 2689 1781 2755 perti·
1810 2718 1812 2738 ;

337 2785 505 2834 nuisse
543 2783 607 2831 ad
640 2779 857 2830 historiae
894 2778 1063 2836 fidem,
1089 2782 1141 2824 ut
1163 2774 1385 2839 prodigia
1418 2772 1517 2828 illa,
1543 2767 1784 2833 quemad-
