1831 3194
500 71 886 111 HISTORIARUM
922 75 1134 112 LIBROS.
1459 84 1506 117 28

110 183 259 218 Annibal,
271 192 369 212 annos
380 183 473 211 ferme
483 190 593 211 novem
606 187 712 219 natus,
724 183 795 212 hos-

152 233 214 257 tem
233 237 263 256 se
277 227 382 264 populi
396 225 528 255 Romani
543 225 606 254 fore
618 226 796 264 jurejuran-

153 273 195 299 do
211 270 387 304 adstringit,
403 273 456 305 91,
478 273 502 296 1.
521 269 688 306 imperator
706 270 736 298 in
755 270 799 299 lo-

153 324 223 343 cuni
241 313 422 343 Asdrubalis
445 312 592 344 succedit.
612 318 643 341 3.
660 312 726 349 ejus
746 314 800 342 do-

154 363 201 386 tes
228 362 259 386 et
287 356 462 394 ingenium,
486 359 514 383 4.
540 364 586 383 res
615 356 680 392 ejus
708 360 801 395 gcstae

154 402 300 429 adversus
316 399 416 428 varios
434 399 594 435 Hispaniae
612 399 756 438 populos,
774 404 803 429 5.

155 445 330 483 Saguntum
358 446 530 480 oppugnat,
556 444 585 470 6.
609 443 803 475 vulneratur.

156 488 184 516 7.
203 496 266 516 non
282 485 422 515 admittit
445 486 561 523 legatos
579 486 806 521 Romanorum,

157 535 186 559 8.
201 535 326 559 centum
340 529 571 566 quinquaginta
587 529 683 558 millia
697 529 807 558 habuit.

157 574 189 602 in
206 573 311 609 armis,
325 572 398 601 ibid.
413 573 586 600 dedendum
604 581 673 601 eum
692 573 807 601 Roma·

159 617 206 645 nis
226 620 333 645 censet
352 616 482 652 Hanno,
503 619 549 643 10.
595 615 734 644 Annibal
753 616 807 645 Sa-

157 663 292 699 guntum
330 659 425 697 capit,
461 663 507 687 14.
539 658 606 695 ejus
642 663 808 698 apparatus

158 704 195 732 ad
213 703 341 736 bellum,
358 707 410 732 91.
426 702 541 731 transit
556 703 693 739 Iberum,
708 706 739 731 et
752 704 812 740 Py-

158 756 294 775 renaeum
311 744 427 775 saltum
444 751 581 784 superat,
595 750 646 774 93.
659 745 717 774 sibi
734 756 809 775 con-

159 790 245 819 ciliat
266 790 385 826 Gallos,
403 794 452 817 94.
470 789 588 826 trajicit
608 789 810 825 Rhodanum,

161 838 211 864 97.
228 833 372 862 hortatur
393 832 520 868 milites,
537 836 588 862 30.
606 834 685 871 petit.
701 834 811 861 Galliae

159 877 416 912 mediterranea‚³
426 880 450 904 1.
460 879 529 905 tran
537 877 578 904 sit
586 877 692 914 Alpes,
702 880 755 905 39.
766 877 813 905 in-

159 921 297 955 greditur
314 919 449 953 Italiam,
463 924 515 948 38.
533 919 743 948 Taurinorum
763 929 812 947 ur-

166 964 235 992 bem
251 967 421 1002 expugnat,
438 967 489 992 39.
519 963 669 991 Annibali
688 967 813 1001 quantae

162 1007 260 1044 copiae
276 1007 395 1035 fuerint
412 1006 443 1034 in
462 1005 583 1034 Italiam
606 1010 813 1045 transgresso,

164 1050 237 1079 ibid.
258 1049 349 1078 rebus
373 1049 470 1088 prius,
487 1058 558 1077 mox
575 1050 676 1078 verbis
701 1050 816 1078 milites

165 1094 320 1126 hortatur,
340 1097 390 1122 42.
417 1097 445 1120 et
467 1102 480 1120 s
500 1102 546 1130 qq.
571 1093 728 1130 promittit
752 1093 815 1120 suis

166 1137 304 1174 puerilia,
321 1140 374 1165 45.
394 1136 490 1163 vincit
515 1137 674 1164 Romanos
700 1136 736 1164 ad
759 1136 814 1164 'ri-

165 1180 284 1214 cinum,
301 1182 353 1208 46.
376 1188 448 1207 mox
472 1179 508 1206 ad
530 1179 688 1215 Trebiam,
712 1183 761 1208 54.
788 1183 817 1207 et

165 1233 246 1262 seqq.
270 1223 393 1251 saucius
415 1222 534 1250 excedit
558 1232 663 1261 pugna
687 1223 723 1251 ad
743 1222 817 1251 Eu]—

167 1267 288 1305 porium
306 1275 400 1304 prope
418 1265 620 1298 Placentiam.
635 1267 686 1296 57.
698 1270 818 1305 pugnat

167 1319 273 1339 rursus
290 1319 360 1338 cum
379 1309 575 1347 Sempronio,
589 1313 639 1339 59.

211 1353 308 1382 altero
331 1353 422 1382 oculo
445 1353 580 1391 capitur,
605 1357 657 1385 99,
676 1357 703 1381 9.
722 1352 821 1380 vincit

168 1396 327 1426 Romanos
351 1397 388 1424 ad
408 1396 640 1432 Trasimenum,
659 1396 773 1432 lacurn,
790 1400 820 1424 4.

168 1443 288 1479 etaeqq.
335 1437 433 1468 Italiae
457 1448 545 1473 agros
569 1439 722 1474 devastat,
740 1444 771 1469 9.
787 1448 823 1467 ex

171 1483 316 1521 Hirpinis
332 1482 364 1511 in
378 1482 539 1511 Samnium
557 1483 684 1519 transit,
698 1483 823 1510 ducem-

171 1535 231 1564 que
255 1526 375 1554 itineris
393 1525 488 1564 virgis
505 1534 617 1554 caesnm
643 1526 673 1554 in
699 1534 823 1554 crucem

170 1569 268 1606 tollit,
288 1573 334 1597 13.
352 1570 415 1597 duo
438 1569 535 1597 millia
551 1568 645 1597 ferme
662 1569 756 1597 boum
773 1577 823 1597 ac-

171 1613 272 1642 censis
295 1612 441 1641 cornibus
468 1613 500 1640 in
528 1618 651 1641 montes
675 1612 827 1647 concitat,

175 1658 224 1685 16.
238 1656 305 1693 ejus
322 1655 410 1684 dolus
427 1656 463 1684 ad
477 1656 649 1693 augendam
664 1656 826 1684 dictatoris

172 1699 333 1732 invidiam,
365 1702 416 1728 23.
448 1699 484 1727 ad
515 1702 671 1727 certamen
703 1698 828 1737 prolicit

174 1742 358 1780 magistrum
382 1742 536 1779 equitum,
560 1746 611 1771 28.
633 1742 699 1779 ejus
725 1743 761 1770 de
786 1742 826 1773 Q.

175 1786 265 1815 Fabii
294 1785 424 1814 Maximi
448 1786 565 1814 virtute
593 1785 827 1820 testimonium,

175 1833 229 1860 30.
243 1829 396 1858 exercitus
418 1828 559 1858 omnium
582 1838 682 1858 rerum
699 1828 830 1867 penuria

177 1872 311 1908 laborat,
326 1875 376 1900 40.
392 1872 507 1901 relictis
525 1873 648 1909 castris,
666 1872 771 1907 fugam
789 1872 830 1899 si-

176 1916 290 1952 mulat,
310 1919 362 1944 41.
382 1916 449 1953 ejus
473 1915 592 1944 insidiae
616 1917 759 1947 detectae,
777 1919 829 1944 49.

177 1960 244 1997 ejus
257 1959 365 1997 inopia
379 1964 410 1988 et
426 1959 576 1992 anxietas,
590 1963 640 1988 43.
654 1959 691 1987 ad
706 1960 831 1987 Cannas

179 2006 281 2031 castra
296 2002 399 2041 ponit,
417 2002 488 2031 ibid.
506 2002 601 2031 aciem
619 2002 760 2037 instruit,
777 2004 830 2034 46,

179 2046 280 2075 vincit
296 2046 454 2074 Romanos
471 2054 585 2084 magna
602 2046 701 2082 clade,
713 2050 763 2076 49.
780 2045 831 2074 sed

182 2089 230 2117 uti
247 2089 378 2117 victoria
394 2089 505 2124 nescit,
523 2093 573 2117 51.

223 2132 306 2160 vesci
330 2132 436 2160 docuit
462 2132 644 2170 corporibus
673 2131 833 2167 humanis,

184 2179 238 2211 93,
255 2179 283 2203 5.
332 2176 470 2213 Capuam
496 2176 595 2210 venit,
617 2179 646 2205 7.
664 2174 746 2213 apud
770 2175 832 2203 Mi-

184 2218 253 2247 nios
269 2219 390 2247 Celeres
407 2219 592 2253 diversatur,
611 2221 636 2245 8.
653 2218 718 2254 ejus
736 2218 767 2246 in
786 2227 832 2245 sc-

185 2266 262 2290 natu
286 2263 447 2301 Campano
470 2262 585 2296 oratio,
604 2265 650 2289 10.
670 2262 701 2289 in
726 2270 834 2299 agrum

183 2305 343 2334 Nolanum
356 2305 492 2334 traducit
506 2305 686 2334 exercitum.
702 2308 750 2333 14.
768 2305 834 2333 Nu-

185 2349 296 2377 ceriam
320 2349 352 2377 in
377 2349 566 2377 deditionem
586 2348 712 2386 accipit,
733 2351 780 2376 15.
799 2347 836 2375 ad

186 2392 300 2421 Nolam
315 2392 452 2421 vincitur
467 2401 484 2420 a
498 2391 657 2424 Marcello,
676 2393 722 2419 16.
741 2391 836 2419 Acer-

186 2444 235 2464 ras
259 2435 376 2474 diripit,
407 2440 438 2464 ct
466 2435 640 2464 Casilinum
664 2437 839 2472 oppugnat,

188 2481 239 2508 17.
256 2482 305 2507 18.
318 2478 384 2516 ejus
399 2479 569 2507 exercitum
584 2478 750 2516 Campanae
763 2477 838 2505 deli-

187 2521 242 2550 ciae
264 2527 428 2558 enervant,
444 2522 517 2551 ibid.
532 2531 570 2550 ex
593 2521 730 2550 hibernis
747 2521 839 2553 redit,

188 2564 362 2594 Casilinum
378 2570 629 2603 oppugnaturus,
650 2568 698 2595 19.
715 2564 781 2601 ejus
805 2564 843 2592 ad

189 2607 367 2646 Philippum
392 2609 486 2647 legati
509 2608 768 2646 intercipiuntur,
787 2611 838 2636 34.

190 2650 358 2688 Campanis
385 2661 474 2690 opem
503 2652 622 2680 laturus
654 2653 692 2680 ad
721 2651 840 2680 Hamas

190 2695 347 2731 pervenit,
364 2697 415 2723 36.
432 2696 472 2724 ab
492 2695 654 2724 obsidione
671 2695 840 2723 Cumarum

192 2736 332 2770 discedit,
348 2742 400 2768 37.
417 2748 486 2767 cum
503 2739 639 2767 exercitu
656 2738 770 2766 Nolam
787 2748 842 2776 op-

192 2783 388 2817 pugnaturus
410 2781 541 2818 accedit,
558 2786 609 2811 43.
655 2781 767 2810 Nolam
787 2791 842 2819 op-

193 2826 327 2862 pugnat,
344 2827 394 2852 44.
412 2824 478 2861 ejus
492 2825 613 2863 equites
630 2824 713 2853 mille
728 2825 842 2853 duceu-

1512 83 1533 117 5

886 186 910 214 ti
947 185 1149 224 septuaginta
1181 187 1243 216 duo
1281 188 1318 216 ad
1353 189 1537 219 Marcellum

887 229 1119 267 transfugiunt,
1135 232 1188 259 46,

932 273 1077 301 Puteolos
1090 272 1205 302 frustra
1216 276 1331 310 tentat,
1346 279 1399 312 94,
1417 280 1463 303 13.
1479 277 1538 305 Ta-

889 320 1011 344 rentum
1031 324 1083 353 per
1100 317 1307 353 proditionem
1326 319 1425 356 capit,
1440 323 1494 354 25,
1512 325 1540 347 3.

891 365 920 389 9.
950 363 996 388 10.
1019 359 1184 389 consilium
1216 360 1282 396 ejus
1311 362 1346 388 de
1369 362 1543 390 Tarentina

891 401 989 431 classe
1003 401 1033 430 in
1047 403 1187 440 apertuffi
1202 400 1284 432 r'nare
1297 404 1478 438 emittenda,
1493 409 1542 434 11.

892 447 951 475 Cn.
965 446 1109 474 Fulvium
1124 450 1286 485 praetorem
1301 448 1399 477 vincit
1411 449 1447 476 ad
1463 449 1543 476 Her-

892 490 1037 524 doneam,
1058 493 1110 518 21.

937 533 968 561 in
995 533 1198 570 Campaniam
1229 533 1403 567 contendit,
1433 535 1486 566 96,
1515 537 1544 561 5.

893 577 1111 614 oppugnanda:
1129 577 1237 604 Romae
1260 576 1424 605 consilium
1449 576 1545 614 capit,

895 619 925 649 7.
942 619 1003 647 tria
1019 619 1116 647 millia
1131 628 1278 657 passuum
1302 619 1340 647 ab
1357 621 1458 648 Roma
1481 629 1545 648 cas-

895 665 945 691 tra
959 662 1054 699 locat,
1078 666 1125 690 10.
1144 663 1232 692 irrito
1254 662 1379 701 incepto
1403 663 1547 700 discedit,

901 710 911 734 l
924 710 950 734 l.

939 748 1144 777 Cn.Fulvium
1156 748 1371 786 proconsulem
1383 759 1452 778 cum
1463 758 1549 778 exer-

898 793 962 821 citu
974 792 1090 827 fundit,
1105 796 1158 827 97,
1179 796 1201 819 1.
1217 792 1283 828 ejus
1294 792 1330 820 de
1341 793 1384 820 M.
1400 793 1550 821 Marcello

894 835 1062 873 judicium,
1080 839 1126 864 14.
1141 836 1176 863 de
1194 836 1301 867 Fabio,
1320 838 1365 864 16.
1385 836 1549 874 Metapon-

898 884 965 907 tum
984 888 1014 907 se
1031 879 1153 916 recipit,
1169 879 1240 906 ibid.
1260 879 1422 907 Lacinium
1447 880 1550 917 copias

900 924 1054 956 admovet,
1071 925 1121 950 25.
1147 922 1285 950 Marcelli
1303 931 1413 959 corpus
1431 923 1554 960 sepelit,

901 970 952 994 98.
965 965 1031 1002 ejus
1045 965 1161 993 annulo
1176 965 1220 993 uti
1238 970 1369 994 conatus
1386 966 1422 993 ad
1437 966 1552 1004 decipi-

901 1010 997 1038 endos
1011 1009 1220 1046 Salapitanos.
1236 1013 1357 1036 suamet
1370 1009 1434 1047 ipse
1447 1010 1553 1037 fraude

902 1052 1037 1090 capitur,
1055 1052 1126 1079 ibid.
1146 1052 1214 1080 viso
1238 1052 1337 1089 capite
1357 1052 1555 1088 Asdrubalis,

903 1105 934 1124 se
965 1095 1166 1132 Carthaginis
1198 1094 1355 1123 fortunam
1388 1105 1554 1132 agnoscere

904 1138 991 1171 dicit,
1011 1142 1060 1167 51.
1078 1137 1184 1166 onmia
1204 1138 1320 1165 auxilia
1336 1139 1367 1166 in
1385 1143 1555 1167 extremum

906 1182 1004 1211 Italiae
1032 1181 1182 1220 angulum
1207 1181 1352 1210 Bruttios
1384 1183 1558 1218 contrahit,

907 1225 983 1254 ibid.

949 1267 1096 1303 adversis,
1113 1276 1204 1305 quam
1222 1267 1365 1295 secundis
1382 1267 1484 1301 rebus,
1500 1268 1558 1296 mi-

909 1311 1045 1344 rabilior,
1064 1315 1116 1343 98,
1139 1314 1185 1338 19.
1203 1311 1241 1339 ad
1263 1311 1401 1339 Jnnonis
1425 1311 1561 1339 Lacinia:

908 1355 1060 1393 templum
1086 1358 1225 1382 aestatem
1250 1355 1326 1392 agit.
1345 1356 1395 1382 4G.
1413 1363 1496 1382 aram
1518 1354 1560 1382 ibi

911 1399 1032 1427 dedicat
1049 1407 1118 1426 cum
1136 1398 1260 1435 ingenti
1274 1407 1373 1426 rerum
1392 1397 1429 1426 ab
1447 1408 1478 1426 se
1493 1407 1561 1436 ges-

911 1447 1015 1470 tarum
1032 1440 1141 1476 titulo,
1160 1441 1234 1468 ibid.

956 1483 1194 1519 Locrostendit,
1205 1487 1257 1518 29,
1270 1488 1298 1513 7.
1311 1483 1439 1512 adverso
1452 1483 1564 1521 proelio

911 1527 1083 1568 perculsus,
1096 1528 1266 1556 Crotonem
1280 1527 1450 1556 exercitum
1465 1527 1563 1556 abdu-

913 1572 970 1607 cit,
987 1573 1040 1600 36.

956 1623 991 1642 ex
1004 1613 1097 1642 Italia
1112 1615 1286 1649 revocatur,
1300 1618 1355 1648 30,
1370 1618 1398 1643 9.
1417 1617 1464 1643 19.
1482 1614 1565 1642 fren-

915 1658 991 1686 dens
1019 1667 1053 1686 ac
1075 1665 1202 1695 gemens
1229 1665 1295 1684 eam
1325 1656 1487 1693 relinquit,
1515 1661 1567 1686 90.

915 1701 982 1738 ejus
1000 1710 1068 1729 cum
1087 1700 1232 1738 Scipione
1249 1700 1455 1737 colloquium,
1471 1704 1521 1730 99.
1538 1705 1567 1728 ct

915 1754 996 1784 seqq.
1015 1752 1086 1772 suos
1103 1744 1139 1771 ad
1158 1752 1292 1781 pugnam
1311 1743 1455 1772 hortatur
1471 1747 1503 1771 et
1519 1743 1566 1770 in-

917 1788 1022 1821 struit,
1037 1791 1089 1816 32.
1109 1786 1208 1815 victus
1231 1787 1436 1815 Adrumetum
1461 1787 1567 1824 profu-

917 1831 975 1866 git,
991 1835 1042 1860 35.
1061 1839 1147 1868 spem
1171 1829 1281 1858 salutis
1305 1829 1378 1858 alibi
1403 1839 1466 1858 non
1490 1839 1570 1865 esse,

917 1883 1009 1913 quam
1038 1874 1071 1902 in
1102 1881 1176 1911 pace
1206 1872 1414 1911 impetranda,
1444 1873 1571 1907 fatetur,

919 1918 994 1946 ibid.
1010 1917 1194 1951 Gisgonem,
1209 1916 1246 1944 ad
1264 1916 1502 1945 dissuadendam
1517 1925 1570 1954 pa-

920 1971 985 1990 cem
1008 1960 1241 1999 procedentem,
1262 1969 1299 1988 ex
1323 1960 1479 1998 superiore
1501 1958 1571 1988 loco

920 2004 1070 2040 detrahit,
1087 2007 1139 2032 37.
1182 2004 1297 2032 Poenos
1314 2004 1345 2032 in
1363 2003 1449 2032 curia
1463 2003 1571 2032 flentes

922 2048 1012 2080 ridet.
1031 2051 1062 2076 ut
1078 2047 1231 2084 increpat,
1247 2051 1300 2076 44.

965 2091 1096 2119 nuncios
1108 2088 1252 2119 etliteras
1262 2090 1299 2118 ad
1311 2089 1503 2119 Antiochum
1515 2089 1572 2118 mi-

922 2134 997 2162 sisse
1014 2133 1226 2168 insimulatur,
1244 2138 1300 2168 33,
1318 2137 1369 2162 45.
1388 2136 1501 2171 praetor
1520 2133 1571 2170 ju-

923 2178 1029 2206 dicum
1058 2177 1246 2215 potentiam,
1271 2186 1395 2214 gravem
1423 2176 1573 2208 libertati,

923 2220 1051 2255 minuit,
1076 2222 1127 2248 46.
1152 2220 1351 2258 vectigalium
1377 2220 1573 2258 publicorum

924 2264 1060 2293 rationes
1076 2273 1145 2292 cum
1165 2263 1222 2291 fide
1239 2268 1269 2291 et
1286 2263 1453 2301 prudentia
1476 2263 1571 2291 admi-

922 2307 1050 2342 nistrat,
1065 2312 1096 2335 et
1118 2306 1258 2345 corrigit,
1275 2307 1349 2334 ibid.
1368 2311 1397 2334 et
1413 2310 1466 2336 47.
1512 2306 1573 2335 Ro-

923 2350 1006 2380 mani
1018 2350 1206 2385 Carthagine
1215 2349 1405 2379 Annibalem
1416 2355 1577 2386 accusant,

924 2395 997 2423 ibid.
1022 2393 1146 2432 aufugit
1177 2393 1215 2421 ad
1246 2402 1346 2428 regem
1370 2393 1580 2430 Antiochum,

926 2442 976 2467 48.
994 2440 1047 2468 49.
1063 2446 1154 2474 quem
1173 2436 1210 2465 ad
1227 2436 1341 2465 bellum
1359 2437 1509 2469 concitat,
1523 2440 1578 2472 34,

927 2483 979 2510 60.
996 2480 1153 2508 concitare
1169 2484 1301 2508 conatur
1317 2480 1443 2512 Poenos,
1458 2482 1508 2508 61.

971 2523 1037 2560 ejus
1061 2533 1129 2552 cum
1155 2525 1189 2552 P.
1205 2523 1302 2552 Villio
1325 2526 1358 2551 ct
1379 2524 1410 2551 P.
1433 2522 1578 2560 Scipione

928 2567 1078 2596 Africano
1095 2567 1299 2604 colloquium,
1317 2570 1371 2601 35,
1394 2570 1440 2594 14.
1454 2569 1579 2603 propter

929 2610 1084 2647 colloquia
1117 2619 1186 2638 cum
1217 2610 1312 2638 Villio
1342 2613 1515 2645 suspectus,
1547 2618 1578 2637 se

929 2654 1011 2691 apud
1041 2653 1236 2682 Antiochum
1275 2652 1415 2681 oratione
1452 2657 1578 2689 purgat,

934 2701 983 2727 19.

972 2739 1038 2776 ejus
1055 2740 1092 2767 de
1108 2739 1189 2767 bello
1199 2739 1340 2766 Romano
1357 2736 1468 2771 oratio,
1481 2740 1536 2773 36,
1551 2743 1580 2769 7.

930 2792 1015 2817 eum,
1034 2786 1069 2811 ut
1087 2786 1188 2810 vatem
1213 2780 1353 2809 omnium
1379 2789 1447 2817 quae
1468 2791 1578 2811 evenc-

932 2830 1013 2862 rant,
1029 2825 1199 2854 admiratur
1217 2822 1407 2859 Antiochus,
1431 2827 1477 2854 15.
