1831 3194
490 125 609 163 LIB.
641 123 763 162 XLV.
810 124 942 162 CAP.
973 124 1023 161 X.
1393 131 1463 168 177

53 234 202 275 demum
233 234 298 275 vir
326 235 419 283 erit,
439 233 547 288 cujus
573 233 749 274 animum
775 247 846 274 nec
870 246 1068 287 prospera
1081 232 1200 289 flatu
1219 246 1288 274 suo
1308 231 1462 288 efferet,
1475 245 1516 276 U.
1532 246 1566 275 c.
1584 245 1657 275 584.

55 306 125 332 nec
154 293 324 333 adversa
352 291 562 345 infringet.
626 289 807 331 Consilio
838 290 1019 340 dimisso,
1051 289 1196 332 tuendi
1227 305 1327 331 cura
1355 288 1565 345 regisA·C·
1585 287 1655 318 ¹68·

57 350 106 398 Q.
132 349 244 389 sElio
274 349 507 389 mandatur.
570 349 635 388 Eo
655 347 722 388 dic
744 355 783 388 ct
813 347 1012 389 invitatus
1042 347 1095 388 ad
1125 347 1332 388 consulem
1367 349 1465 387 Pcr-

56 420 164 453 scus,
187 414 227 447 et
249 406 353 446 alius
374 405 505 445 omnis
526 404 561 445 ci
592 405 722 445 honos
748 404 917 446 habitus
947 413 1022 454 cst,
1045 404 1117 460 qui
1147 403 1289 445 haberi
1320 404 1361 444 in
1391 404 1464 445 tali

55 461 226 503 fortuna
247 469 421 515 poterat.

116 520 200 559 IX.
233 519 458 560 Exercitus
479 517 628 559 deinde
650 518 691 559 in
716 518 891 559 hiberna
911 517 1104 559 dimissus
1125 525 1198 559 est.
1241 517 1464 559 maximam
1477 525 1582 574 Regni
1596 525 1668 574 Ma-

57 584 217 629 partem
257 575 469 629 copiarum
511 575 792 629 Amphipolis,
833 575 1014 630 reliquas
1054 575 1300 630 propinquae
1340 569 1665 629 urbesceflommfi-

55 640 317 688 acceperunt.
379 632 463 674 Hic
483 632 575 673 finis
596 632 709 683 belli,
732 647 863 687 quum
885 632 1202 687 quadriennium
1219 631 1464 674 continuum
1477 622 1534 643 ‘¹¹⁵‘

54 689 255 730 bellatum
278 698 397 739 esset,
420 690 527 731 inter
549 691 759 730 Romanos
780 705 826 730 ac
849 690 999 730 Persea
1014 689 1118 730 fuit:
1152 689 1346 745 idemque
1371 689 1466 730 finis

54 745 184 787 incliti
219 746 252 770 ³⁵
265 761 338 802 per
360 747 546 802 Europae
565 746 813 803 plerumque
832 754 959 802 atque
981 746 1127 787 Asiam
1147 760 1310 787 omnem
1334 746 1464 802 regni.

54 801 89 826 ³5
106 802 356 845 Vicesimum
387 803 440 845 ab
472 805 648 853 Carano,
680 803 753 859 qui
784 803 943 860 primus
972 803 1177 859 regnavit,
1211 804 1361 844 Persea
1389 818 1466 843 nu-

55 860 283 902 merabant.
345 861 536 911 Perseus,
560 862 608 910 Q.
634 859 800 910 Fulvio,
823 859 874 900 L.
898 859 1059 901 Manlio
1088 859 1343 909 consulibus,
1374 875 1466 914 reg-

57 930 159 957 num
200 917 382 973 accepit:
416 933 441 958 a
472 925 617 958 senatu
658 932 731 958 rex
763 925 824 958 est
858 916 1106 973 adpellatus‚
1142 917 1204 957 M.
1227 916 1373 967 Junio,
1409 919 1464 957 A.

57 973 221 1015 Manlio
250 973 506 1015 consulibus:
544 974 733 1030 regnavit
763 973 954 1015 undecim
985 988 1124 1015 annos.
1187 973 1469 1014 Macedonum

55 1030 234 1072 obscura
255 1031 481 1072 admodum
502 1029 614 1071 fama
631 1044 762 1086 usque
783 1030 835 1071 ad
854 1030 1098 1086 Philippum
1116 1031 1319 1086 Amyntae
1335 1030 1469 1070 filium

57 1086 163 1128 fuit:
195 1087 292 1129 inde
313 1103 360 1128 ac
389 1101 464 1144 per
492 1102 589 1128 eum
618 1102 798 1128 crescere
828 1101 959 1142 quum
990 1087 1196 1142 coepisset,
1220 1087 1405 1142 Europae
1427 1102 1469 1127 se

60 1151 200 1184 tamen
229 1144 384 1185 finibus
407 1144 628 1194 continuit,
652 1144 858 1185 Graeciam
878 1158 1042 1185 omnem
1063 1144 1129 1185 etd
1150 1151 1311 1200 partem
1335 1144 1471 1183 Thra-

58 1200 133 1241 ciae
153 1208 280 1257 atque
304 1201 463 1258 Illyrici
484 1201 687 1256 amplexa.
750 1200 999 1257 Superfudit
1015 1200 1164 1241 deinde
1186 1200 1286 1242 sein
1303 1200 1467 1241 Asiam:

57 1264 100 1298 et
121 1258 320 1299 tredecim
341 1257 472 1309 annis,
494 1258 648 1313 quibus
675 1257 918 1299 Alexander
946 1257 1150 1313 regnavit,
1172 1257 1355 1313 primum
1385 1273 1471 1298 om-

57 1313 140 1365 nia,
163 1330 249 1371 qua
276 1316 499 1356 Persarum
529 1329 659 1371 prope
688 1315 872 1356 inmenso
903 1315 1037 1371 spatio
1065 1314 1286 1369 imperium
1315 1314 1469 1365 fuerat,

60 1385 147 1412 suae
167 1372 338 1414 ditionis
356 1372 468 1413 fecit.
529 1373 696 1413 Arabas
715 1372 812 1413 hinc
835 1371 1098 1428 Indiamque,
1120 1370 1246 1427 ³⁷qua
1265 1379 1471 1413 terrarum

57 1428 233 1471 ultimus
264 1429 358 1471 finis
394 1429 591 1471 Rubrum
620 1444 734 1470 mare
774 1428 1054 1484 amplectitur,
1085 1428 1334 1483 peragravit.
1378 1436 1471 1468 tum

57 1485 288 1527 maximum
319 1486 363 1526 in
395 1487 517 1527 terris
549 1486 832 1527 Macedonum
861 1499 1037 1540 regnum
1067 1499 1326 1540 nomenque;
1374 1483 1471 1525 inde

58 1549 193 1583 morte
224 1542 457 1584 Alexandri
487 1543 733 1584 distractum
771 1542 813 1583 in
847 1542 986 1583 multa
1018 1556 1161 1596 regna,
1192 1541 1295 1582 dum
1334 1541 1389 1582 ad
1428 1557 1470 1582 se

59 1599 240 1655 quisque
268 1614 368 1656 opes
398 1600 582 1656 rapiunt,
612 1598 646 1623 3⁸
660 1599 884 1640 lacerantes
914 1597 1096 1639 viribus:
1141 1613 1165 1638 a
1194 1613 1356 1639 summo
1385 1598 1473 1638 cul-

59 1655 171 1696 mine
191 1656 376 1698 fortunae
396 1657 450 1697 ad
471 1656 668 1698 ultimum
689 1656 812 1697 finem
834 1663 1001 1697 centum
1022 1654 1330 1711 quinquaginta
1344 1669 1471 1696 annos

58 1712 188 1754 stetit.

70 1804 73 1808 ,
118 1769 177 1810 Χ.
209 1770 407 1811 Victoriae
435 1770 641 1811 Romanae
670 1770 783 1810 fama
811 1784 944 1825 quum
973 1768 1219 1824 pervasisset
1241 1767 1283 1809 in
1309 1767 1470 1819 Asiam,

60 1826 268 1877 Antenor,
288 1826 363 1883 qui
392 1842 488 1868 cum
517 1827 645 1868 classe
674 1826 906 1868 lemborum
937 1826 990 1867 ad
1013 1826 1178 1866 Phanas
1199 1826 1349 1875 stabat,
1375 1826 1473 1866 Cas-

61 1882 268 1924 sandriam
294 1884 390 1925 inde
415 1884 590 1941 trajecit.
652 1885 700 1925 C.
724 1883 944 1939 Popillius,
966 1882 1040 1938 qui
1067 1883 1121 1924 ad
1149 1881 1304 1923 Delum
1331 1882 1473 1938 praesi-

59 1938 129 1981 dio
158 1940 335 1982 navibus
366 1940 658 1982 Macedoniam
687 1940 928 1996 petentibus
957 1947 1059 1989 erat,
1081 1947 1303 1995 postquam
1334 1938 1473 1980 debel-

61 1995 195 2037 latum
221 1997 264 2038 in
295 1997 558 2047 Macedonia,
581 2006 623 2039 et
653 1997 829 2039 statione
859 1997 1073 2037 submotos
1102 1996 1285 2037 hostium
1315 1995 1472 2037 lembos

60 2052 238 2105 audivit,
260 2054 438 2097 dimissis
457 2062 498 2095 et
519 2054 608 2110 ipse
629 2053 784 2095 Atticis
805 2053 996 2104 navibus,
1018 2052 1071 2094 ad
1099 2061 1334 2109 susceptam
1363 2052 1473 2108 lega-

60 2109 216 2151 tionem
246 2110 526 2168 peragendam
565 2111 761 2167 navigare
802 2111 1042 2167 AEgyptum
1071 2109 1233 2166 pergit:
1267 2118 1314 2151 ut
1356 2110 1473 2165 prius

59 2166 283 2209 obcurrere
314 2168 528 2210 Antiocho
557 2177 710 2224 posset,
741 2182 869 2223 quam
909 2167 963 2209 ad
1003 2166 1283 2207 Alexandreae
1322 2166 1475 2207 moenia

59 2223 285 2267 accederet.
347 2227 489 2276 Quum
510 2224 914 2280 praeterveherentur
936 2223 1081 2263 Asiam
1102 2223 1245 2279 legati,
1276 2231 1316 2264 et
1341 2224 1475 2278 Lory-

60 2294 130 2321 ma
157 2281 379 2333 venissent,
409 2281 484 2338 qui
512 2289 660 2337 portus
690 2281 839 2337 viginti
868 2279 1011 2336 paullo
1045 2280 1224 2336 amplius
1263 2280 1394 2321 millia
1422 2280 1475 2321 ab

64 2337 219 2379 Rhodo
238 2339 371 2390 abest,
393 2354 444 2381 ex
474 2339 648 2380 adverso
673 2339 767 2379 urbi
797 2338 876 2394 ipsi
905 2337 1090 2393 positus;
1123 2336 1329 2393 principes
1359 2337 1475 2378 Rho-
1486 2342 1691 2415 Rhodumlin·

1486 2392 1681 2470 {ltffizssfmssl

1486 2481 1594 2502 norum
1610 2470 1650 2502 ad

113 2545 156 2577 35
191 2548 252 2577 Per
289 2547 418 2587 Europoe
458 2548 644 2589 plerumque]
690 2547 750 2577 Per
847 2547 888 2578 37
927 2546 995 2580 Qua
1037 2552 1185 2576 terrarum
1228 2547 1350 2576 ultimus
1382 2546 1474 2587 finis]
1487 2515 1597 2588 3352)-

63 2587 211 2628 majorem
238 2590 372 2632 Europae
393 2595 527 2632 partem.
569 2591 751 2630 Plerumque
794 2588 874 2625 Iino,
917 2594 953 2619 ut
980 2594 1062 2619 recte
1092 2588 1168 2620 vidit
1198 2588 1384 2625 Gronovius,
1418 2600 1476 2627 qua

68 2629 191 2670 Europae
216 2631 295 2663 dixit
323 2633 442 2669 Livius,
471 2639 506 2664 ut
531 2632 697 2664 Sallustius
718 2632 751 2663 in
794 2638 941 2662 terrarum
976 2633 1091 2662 ultimos
1116 2633 1197 2673 fines
1233 2632 1368 2662 Rubrum
1399 2641 1478 2660 mare

64 2673 219 2713 :ugurtha
232 2676 399 2715 plerumque
411 2678 511 2706 noctis.
531 2676 707 2707 Smoums.
794 2676 989 2713 amplectitur.
1036 2675 1137 2705 Rubri
1160 2674 1253 2705 maris
1279 2674 1401 2704 nomine
1430 2673 1476 2701 in-

107 2716 149 2746 36
184 2716 354 2748 Vicesimum
382 2720 417 2749 ab
448 2719 579 2759 Carano]
627 2718 747 2748 Nume—
791 2717 891 2758 telligi
907 2729 926 2748 a
947 2717 1036 2748 Livio
1057 2728 1141 2748 mare
1164 2716 1307 2747 Indicum
1324 2716 1390 2756 jam
1412 2725 1478 2744 mo-

64 2767 116 2789 rus
144 2759 229 2789 haud
255 2759 349 2791 dubie
373 2761 551 2792 mendosus.
595 2761 748 2797 Justinus,
793 2760 918 2791 nuimus
934 2761 972 2790 ad
989 2761 1010 2790 l.
1026 2761 1132 2790 XLII.
1149 2770 1177 2792 c.
1193 2761 1245 2790 52.

63 2801 87 2832 l.
113 2801 276 2832 XXXIII.
299 2812 328 2833 c.
350 2804 382 2834 2.
404 2804 532 2844 triginta
554 2803 750 2835 Macedoniae
837 2805 877 2834 38
902 2804 1076 2834 Lacerantes
1110 2802 1234 2841 viribus]
1280 2801 1363 2841 Lege
1408 2809 1479 2830 cum

66 2854 154 2885 reges
168 2850 332 2891 numerat:
356 2846 509 2878 Eusebius
531 2846 564 2877 in
584 2846 749 2882 Chronico.
796 2846 964 2882 Gronovio,
982 2846 1115 2876 laceratis
1130 2845 1247 2874 viribus.

63 2897 173 2918 novem
189 2892 221 2917 et
236 2887 375 2927 triginta.

135 2944 229 2970 VOI..
255 2944 311 2971 IV.
883 2944 910 2969 N

542 2446 559 2470 d
573 2454 600 2478 et
616 2447 638 2479 l.
652 2458 687 2478 ae
700 2446 799 2478 Gron.
815 2446 907 2478 Crev.
