1826 3149
549 280 623 344 T.
680 277 952 343 LIVII
1027 272 1543 343 PATAVINI

798 424 1063 473 Lissa
1121 423 1290 471 XLn.

911 558 1170 582 ..ψ-

123 681 209 711 [Rc.
227 681 300 712 579.
334 662 396 714 L.
418 672 776 713 POSTUMIUS
798 672 994 721 Albinus,
1019 672 1080 711 M.
1098 670 1301 734 Popillius
1320 670 1471 710 Laenas
1504 681 1635 722 quum
1671 680 1757 706 om-

121 723 162 754 A.
174 724 210 754 C.
230 724 298 755 1723.

121 766 155 795 L.
175 767 282 796 Postu-

332 730 445 770 nium
478 728 659 784 primum
692 728 743 769 de
776 728 996 784 provinciis
1029 727 1362 782 exercitibusque
1395 725 1448 766 ad
1481 732 1668 765 senatum
1695 737 1758 762 re-

118 786 536 845 mi0‚2i[.P0-tllliSSss¹¹t>
579 784 758 840 Ligures
800 785 967 840 utrique
1009 784 1162 825 decreti
1199 792 1319 824 sunt:
1372 791 1419 824 ut
1452 795 1578 822 novas
1618 778 1756 829 ambo,

119 852 308 898 plilioquss.
330 842 482 897 quibus
503 857 592 882 eam
624 841 877 896 provinciam
910 840 1158 890 obtinerent,
1191 840 1386 895 legiones,
1423 838 1552 891 (binae
1585 835 1758 892 singulis

121 894 302 925 I’rov1nc1ae.
330 899 526 952 decretae)
561 905 601 938 et
636 897 792 938 socifim
827 896 968 938 Latini
1000 896 1175 937 nominis
1196 897 1302 937 dena
1332 895 1461 936 millia
1492 894 1682 950 peditum
1715 900 1756 933 et

124 2104 291 2144 Magistra-

122 2155 210 2178 tuum
227 2148 255 2178 R
261 2157 321 2177 om.

123 2191 224 2233 prisca
237 2200 300 2220 mo-

123 2234 232 2264 destia.

331 961 550 996 sexcenosa
590 954 765 1009 equites,
806 962 847 995 et
888 953 1222 1009 supplementum
1259 952 1476 1008 Hispaniae
1511 950 1592 992 tria
1629 949 1759 995 millia

361 1012 520 1053 editum
555 1012 839 1051 Romanorum
874 1011 1112 1057 scriberent,
1142 1018 1182 1051 et
1219 1010 1419 1050 ducentos
1452 1007 1623 1063 equites
1684 1004 1758 1046 Ad

330 1027 407 1109 lioc
435 1068 546 1109 mille
567 1076 607 1109 et
630 1067 847 1123 quingenti
876 1067 1036 1123 pedites
1070 1066 1248 1107 Romani
1280 1081 1375 1107 cum
1409 1073 1575 1106 centum
1609 1062 1758 1126 equiti-

330 1125 409 1166 bus
431 1125 551 1166 scribi
567 1125 698 1181 jussi;
731 1140 826 1165 cum
847 1124 1001 1180 quibus
1020 1131 1191 1179 praetor,
1213 1123 1280 1164 cui
1304 1122 1493 1163 Sardinia
1524 1119 1756 1175 obtigisset,

331 1182 372 1222 in
410 1182 618 1222 Corsicam
652 1190 930 1237 transgressus
960 1181 1117 1221 bellum
1149 1189 1336 1235 gereret3
1380 1178 1545 1220 interim
1579 1177 1643 1217 M.
1662 1175 1758 1217 Ati-

331 1238 425 1289 lius,
460 1247 579 1279 vetus
611 1247 780 1294 praetor,
814 1237 1066 1294 provinciam
1099 1237 1302 1278 obtineret
1338 1235 1580 1276 Sardiniam.
1644 1234 1759 1273 Prae-

331 1305 440 1336 tores
461 1295 609 1336 deinde
641 1295 872 1350 provincias
905 1294 1038 1336 sortiti
1071 1302 1182 1343 sunt,
1205 1295 1259 1334 A.
1276 1293 1434 1334 Atilius
1468 1293 1668 1333 Serranus
1689 1305 1759 1330 ur-

331 1352 495 1401 banam,
540 1353 586 1392 C.
612 1351 787 1392 Cluvius
829 1351 984 1392 Saxula
1028 1351 1135 1392 inter
1174 1350 1282 1391 cives
1322 1358 1363 1391 et
1403 1348 1657 1406 peregrinos,
1702 1346 1756 1387 N.

333 1408 489 1449 Fabius
528 1409 663 1449 Buteo
698 1408 943 1464 Hispaniam
980 1407 1224 1456 citeriorem,
1258 1407 1320 1447 M.
1340 1406 1554 1447 Matienus
1590 1403 1758 1445 ulterio-

331 1480 432 1515 rem,
456 1466 518 1505 Μ.
540 1465 694 1505 Furius
729 1465 940 1521 Crassipes
976 1464 1170 1514 Siciliam,
1195 1465 1241 1504 C.
1267 1462 1475 1504 Cicereius
1512 1460 1756 1502 Sardiniam.

335 1522 585 1577 Priusquam
620 1521 888 1577 magistratus
922 1521 1294 1577 proficiscerentur,
1318 1518 1478 1560 senatui
1509 1516 1682 1574 placuit,
1704 1517 1757 1557 L.

331 1578 594 1619 Postumium
624 1577 833 1618 consulem
868 1577 921 1618 ad
951 1593 1098 1632 agrum
1129 1577 1344 1632 publicum
1374 1591 1399 1616 a
1424 1575 1588 1631 privato
1621 1572 1760 1614 termi-

330 1635 512 1675 nandum
540 1634 581 1674 in
606 1633 875 1689 Campaniam
906 1633 991 1681 ire3
1035 1634 1155 1688 cujus
1187 1632 1396 1687 ingentem
1428 1631 1599 1672 modum
1630 1629 1759 1686 possi-

329 1691 426 1731 dere
461 1690 658 1746 privatos,
691 1689 908 1745 paullatim
943 1689 1190 1745 proferendo
1225 1689 1340 1738 fines,
1369 1688 1595 1729 constabat.
1658 1686 1758 1737 Hic,

330 1747 462 1787 iratus
496 1746 777 1796 Praenestinis,
800 1747 929 1802 quod,
951 1761 1045 1786 cum
1067 1762 1114 1786 eo
1145 1746 1335 1801 privatus
1369 1744 1554 1786 sacrificii
1579 1743 1624 1783 in
1655 1750 1760 1784 tem-

332 1803 402 1859 plo
425 1805 626 1844 Fortuna}
659 1803 843 1843 faciundi
876 1818 1019 1843 caussa
1050 1803 1262 1858 profectus
1295 1810 1415 1851 esset,
1437 1800 1539 1841 nihil
1559 1801 1602 1840 in
1623 1815 1665 1840 se
1686 1800 1761 1839 ho-

333 1860 514 1909 norifice,
546 1875 680 1915 neque
712 1859 891 1915 publice,
925 1874 1059 1914 neque
1092 1859 1301 1915 privatim,
1323 1859 1481 1899 factum
1514 1873 1538 1898 a
1571 1858 1758 1897 Praenes-

333 1916 429 1957 tinis
450 1924 569 1966 esset,
591 1916 834 1972 priusquam
867 1916 919 1956 ab
942 1917 1077 1957 Roma
1107 1916 1449 1971 proficisceretur,
1471 1914 1611 1955 literas
1645 1914 1759 1953 Prae-

334 1981 447 2025 neste
480 1973 604 2023 misit,
627 1982 675 2013 ut
708 1973 784 2013 sibi
817 1973 1084 2028 magistratus
1117 1972 1282 2013 obviam
1315 1972 1460 2021 exiret,
1483 1971 1619 2011 locum
1652 1970 1759 2026 pub-

334 2029 409 2069 lice
429 2038 607 2085 pararct,
631 2029 702 2070 ubi
724 2029 1014 2080 diverteretur,
1031 2030 1319 2085 jumentaque,
1343 2043 1475 2084 quum
1496 2027 1625 2068 exiret
1646 2026 1758 2078 inde,

333 2094 488 2141 praesto
516 2094 660 2127 essent.
721 2087 835 2127 Ante
868 2086 979 2127 hunc
1012 2085 1235 2136 consulem,
1257 2101 1376 2126 nemo
1410 2099 1609 2140 umquam
1642 2082 1760 2124 sociis

334 2143 375 2182 in
396 2142 482 2183 ulla
514 2158 556 2182 re
577 2143 689 2183 oneri
711 2151 783 2183 aut
817 2142 973 2183 sumtui
1005 2142 1098 2183 fuit.
1122 2142 1215 2183 ideo
1247 2142 1514 2198 magistratus
1548 2139 1671 2181 mulis
1699 2147 1761 2181 ta·-

332 2199 648 2254 bernaculisque
668 2208 708 2240 et
729 2199 839 2239 omni
868 2199 947 2239 alio
980 2199 1255 2240 instrumento
1287 2198 1455 2239 militari
1487 2197 1759 2247 ornabantur,

337 2271 387 2296 ne
420 2255 523 2312 qnid
556 2256 636 2296 tale
669 2256 918 2311 imperarent
953 2255 1081 2296 sociis.
1113 2255 1276 2311 privata
1309 2254 1489 2310 hospitia
1522 2254 1758 2300 habebant;

335 2327 382 2352 ea
412 2312 589 2367 benigne
621 2312 874 2367 comiterque
906 2312 1118 2353 colebant:
1165 2312 1397 2366 domusque
1430 2325 1573 2351 eorum
1609 2310 1760 2349 Romae

334 2368 568 2423 hospitibus
608 2369 820 2423 patebant,
862 2368 976 2423 apud
1025 2384 1130 2423 quos
1169 2368 1268 2424 ipsis
1308 2366 1458 2408 diverti
1502 2381 1590 2406 mos
1639 2375 1757 2407 esset.

338 2425 502 2479 Legati,
525 2424 597 2479 qni
619 2433 786 2480 repente
814 2424 954 2479 aliquo
986 2425 1263 2473 mitterentur,
1286 2423 1449 2478 singula
1474 2424 1666 2478 jumenta
1685 2437 1760 2477 per

336 2481 503 2536 oppida,
526 2481 603 2521 iter
624 2496 707 2535 qua
731 2480 999 2521 faciundumb
1028 2489 1130 2530 erat,
1152 2480 1433 2536 imperabant:
1466 2479 1587 2520 aliam
1618 2478 1760 2534 inpen-

338 2553 421 2578 sam
445 2538 539 2578 socii
562 2537 600 2577 in
635 2537 901 2592 magistratus
936 2538 1145 2577 Romanos
1177 2552 1258 2577 non
1290 2536 1507 2577 faciebant.
1568 2535 1761 2590 ¹Injuria

338 2594 709 2643 consulis,‘etimnsi
737 2594 867 2649 justa,
888 2608 970 2633 non
1005 2593 1203 2634 tamenin
1236 2592 1482 2648 magistratu
1516 2591 1758 2642 exercenda,

636 2707 650 2723 ³
666 2710 802 2733 meantes
818 2704 913 2733 Gron.
932 2702 1022 2732 Crev.
1155 2702 1352 2743 bsuciendum
1369 2701 1462 2733 Crev.

387 2802 535 2841 lltijzu'ia
559 2804 690 2837 cuns-ulis,
708 2804 815 2832 etiamsi
828 2802 931 2841 justa]
960 2802 1030 2831 Ma-
1075 2803 1189 2839 hilaria
1217 2802 1326 2840 justa?
1370 2800 1546 2832 Emendant
1576 2803 1640 2831 ira:
1677 2800 1758 2832 bono

343 2845 485 2874 infestum
524 2846 679 2876 menarum.
747 2844 829 2881 Quid
869 2850 913 2874 est
952 2844 1031 2873 enim
1077 2854 1176 2874 seusu.
