1831 3174
449 118 565 156 LlB.
596 116 704 155 XLI.
748 116 881 153 CAP.
912 113 1070 152 XXIII.

1423 118 1471 151 ‘25

50 230 278 286 quaerebat,
314 236 355 270 et
395 227 604 284 plerisque
638 225 850 266 moderate
884 233 925 265 et
966 223 1145 278 benigne
1180 222 1353 278 scriptas
1386 238 1471 263 esse
1486 235 1665 267 n,c.573,

50 287 310 328 censentibus
350 284 502 333 literas,
545 292 672 338 atquc
711 282 775 322 his
815 281 1009 330 maxime,
1051 280 1124 335 qui
1165 288 1317 335 praeter
1358 278 1665 334 5p0111A.C.174.

50 343 255 399 recepturi
292 349 425 382 essent
462 340 610 381 amissa
645 338 874 394 mancipia;
907 337 1182 379 ²Callicrates
1213 352 1262 376 ex
1300 336 1362 385 iis,
1400 335 1664 390 quicallieratis

50 401 91 441 in
137 416 185 440 eo
228 397 332 439 verti
378 397 551 438 salutem
600 396 735 451 gentis
782 395 1011 444 crederent,
1055 394 1085 434 si
1133 408 1226 434 cum
1276 392 1475 433 Romanis

52 457 293 498 inviolatum
339 454 477 495 foedus
523 461 772 501 servaretur,
815 454 972 499 Parva,
1015 451 1166 506 inquit,
1208 457 1280 490 aut
1326 450 1474 489 medio-

50 515 131 554 cris
161 527 235 561 reS,
269 511 423 559 Achaei,
456 511 689 565 quibusdam
721 511 880 550 videtur
908 510 1002 562 agi,·
1047 523 1117 560 ego
1147 507 1349 547 ³maoeime
1375 521 1475 560 gra—

52 571 249 611 vissimam
283 569 454 609 onmium
490 582 569 607 non
600 569 748 621 agique
782 572 937 607 tantum
974 565 1171 616 arbitror,
1202 566 1272 605 sed
1305 565 1476 617 quodam

50 629 163 668 modo
192 633 324 667 actam
355 640 445 666 esse.
507 625 617 666 Nam
639 626 710 678 qui
739 624 897 678 regibus
927 623 1207 670 Macedonum,
1235 621 1475 661 Macedoni-

50 685 194 738 busque
214 685 327 737 ipsz's,
338 683 493 736 finibus
523 683 878 730 interdixissemus,
900 679 915 703 4
932 694 1168 733 manereque
1194 681 1239 719 id
1265 680 1475 726 decretum,

49 741 241 789 ⁵scilicet‚
265 756 313 781 ne
333 742 498 795 legatos,
522 755 571 780 ne
591 740 755 779 nuncios
782 738 1079 778 admitteremus
1110 752 1257 791 regum,
1278 751 1353 789 per
1383 750 1479 790 quos

51 800 277 853 aliquorum
309 813 359 838 ea:
398 798 510 838 nohis
549 798 681 837 animi
717 796 1040 837 sollicitarentur
1052 810 1067 842 ;
1110 795 1144 834 ii
1178 795 1478 834 concionantem

51 857 221 911 quodam
257 856 370 896 modo
409 855 606 895 absentem
642 855 827 894 audimus
862 867 1006 906 regem,
1042 858 1094 900 et,
1127 853 1164 892 si
1200 852 1300 892 Diis
1328 852 1478 903 placet,

51 914 274 954 orationem
304 912 387 966 ejus
413 913 646 965 probamus.
707 912 780 958 Et,
812 924 927 964 quum
947 910 1063 963 jerae
1098 909 1235 949 bestiae
1269 908 1395 948 cibum
1425 908 1483 946 ad

35 972 234 1027 fraudem
265 985 375 1011 suam
399 971 575 1023 positum
602 969 836 1022 plerumque
865 968 1160 1019 adspernentur
1187 972 1225 1006 et
1255 965 1480 1020 refirgiant,

54 1042 125 1069 nos
145 1029 251 1076 cccci,
273 1028 403 1080 specie
424 1027 553 1079 parvi
579 1026 771 1078 beneficii,
795 1025 1038 1064 inescamur:
1071 1030 1121 1071 et,
1143 1024 1385 1063 servulorum
1409 1023 1483 1061 mi-

53 1086 156 1125 nimi
169 1086 301 1138 pretii
319 1084 638 1136 recipiendorum
658 1097 739 1135 spe,
758 1088 934 1121 nostram
957 1081 1131 1133 ipsorum
1151 1080 1377 1120 libertatem
1393 1078 1483 1120 sub-

53 1143 122 1183 rui
141 1149 179 1182 et
199 1142 354 1182 tentari
367 1142 564 1194 patimur.
627 1141 726 1187 Quis
746 1140 850 1179 enim
872 1152 952 1178 non
973 1139 1096 1187 videt,
1118 1137 1134 1160 ⁶
1147 1138 1252 1178 viam
1274 1138 1401 1191 regiae
1419 1150 1482 1176 so·

53 1200 214 1241 cietatz's
239 1199 382 1252 quceri,
405 1213 483 1251 qua
506 1198 732 1237 Romanum
748 1197 905 1250 fcedus,
927 1210 1003 1249 quo
1035 1202 1172 1236 nostra
1196 1195 1331 1234 omnia
1352 1194 1482 1234 conti-

55 1263 213 1306 nentur,
236 1257 442 1297 violetur?
476 1255 576 1295 Nisi
600 1256 673 1294 lzoc
703 1254 863 1294 dubium
894 1254 1021 1293 alicui
1051 1259 1120 1301 est,
1144 1252 1370 1292 bellandum
1395 1252 1483 1291 Ro-

55 1315 186 1355 manis
215 1328 298 1354 cum
327 1314 480 1353 Perseo
510 1327 603 1361 esse,
632 1318 681 1360 et,
712 1313 818 1365 quod
849 1311 939 1351 vivo
970 1311 1171 1363 Philippo
1201 1314 1482 1361 exspectatum,

54 1378 180 1413 morte
199 1369 282 1425 ejus
302 1371 601 1423 interpellatum
623 1375 692 1417 est,
717 1370 762 1409 id
774 1374 867 1422 post
889 1374 1050 1408 mortem
1072 1368 1268 1420 Philippi
1275 1366 1483 1420 ficturum.

55 1430 186 1478 Duos,
208 1435 251 1468 ut
280 1429 406 1476 scitis,
428 1427 702 1479 habuitfilios
722 1427 956 1478 Philippus,
981 1426 1232 1465 Demetrium
1255 1430 1292 1464 et
1316 1424 1483 1463 Persea.

60 1485 221 1527 Genere
249 1491 443 1533 materno,
474 1485 636 1532 virtute,
669 1483 846 1536 ingenio,
867 1482 1023 1535 favore
1055 1482 1339 1528 Macedonum,
1367 1481 1486 1534 longe

49 1543 253 1596 praestitit
276 1543 519 1582 Demetrius.
578 1541 659 1581 Sed
677 1541 774 1593 quia
796 1539 837 1579 in
862 1539 1064 1579 Romanos
1080 1539 1169 1578 odii
1188 1552 1351 1592 regnum
1362 1551 1486 1590 posu-

58 1606 149 1640 erat
170 1600 401 1652 proemium,
424 1598 675 1638 Demetrium
696 1598 807 1636 nullo
827 1597 912 1636 alio
943 1597 1123 1645 crimine,
1147 1610 1264 1649 quam
1286 1595 1487 1635 Romame

58 1658 253 1697 amicitiae
273 1657 403 1705 initae,
419 1655 566 1695 occidit
579 1672 592 1693 .·
622 1653 813 1702 ⁷Persea,
831 1668 941 1708 quem
956 1654 1133 1706 populus
1148 1653 1358 1706 Romanus
1366 1652 1488 1704 prius

51 1728 199 1768 poenae,
222 1728 339 1768 quam
360 1713 490 1766 regni,
509 1712 704 1752 haeredem
709 1711 903 1765 futurum
924 1711 1087 1759 sciebat,
1105 1724 1235 1764 regem
1241 1709 1363 1763 jecit.
1395 1709 1487 1749 Ita-

59 1786 134 1826 que
153 1772 253 1825 quid
271 1771 336 1811 lzic
349 1777 443 1823 post
464 1775 626 1810 mortem
642 1769 785 1822 patris
805 1769 887 1823 egit
905 1769 1035 1817 aliud,
1059 1782 1176 1821 quam
1199 1767 1339 1807 bellum
1358 1781 1488 1821 para-

60 1830 118 1870 vit
132 1832 153 1867 ?
186 1829 418 1868 Bastarnas
436 1827 615 1880 primum
636 1827 693 1866 ad
720 1832 914 1866 terrorem
935 1826 1108 1866 omnium
1129 1824 1145 1848 ⁸
1159 1825 1199 1864 in
1221 1825 1488 1864 Dardaniam

60 1886 237 1927 inmisit.-
269 1886 340 1940 qui
367 1886 405 1926 si
437 1885 565 1925 sedem
600 1898 686 1924 eam
722 1884 955 1931 tenuissent,
982 1882 1196 1937 graviores
1227 1895 1291 1922 eos
1323 1882 1489 1922 adcolas

102 1975 123 2004 2
149 1975 330 2010 Callicrates,
353 1984 385 2004 er
409 1974 446 2003 iis
472 1973 523 2013 qui
550 1973 582 2002 in
605 1983 635 2002 eo
661 1971 750 2011 verti]
797 1972 936 2001 membra
962 1969 1019 2001 sibi
1047 1975 1155 2000 mutuo
1185 1968 1416 2011 respondentia,
1439 1970 1490 2009 qui

62 2017 125 2048 Hic
164 2016 348 2048 Callicrates
385 2026 447 2047 non
483 2020 548 2046 tam
586 2014 753 2045 honorifice
796 2016 912 2055 iegibus
945 2014 1139 2044 Macedonum
1163 2036 1170 2044 .
1198 2035 1206 2043 .
1230 2034 1239 2044 .
1267 2014 1288 2042 iz·
1317 2013 1490 2042 concionan-

1487 392 1631 422 advorsus
1643 401 1689 420 re-

1487 445 1556 475 gem
1569 433 1678 463 oratio.

62 2064 212 2091 tractatur
235 2069 254 2090 a
277 2059 419 2101 Polybio,
444 2058 497 2100 qui
520 2068 591 2088 eum
619 2056 755 2088 traducit

63 2108 214 2144 tanquam
242 2102 427 2144 proditorem
455 2101 592 2143 publicae
619 2100 754 2131 Achaeo-

63 2156 131 2176 rum
154 2145 316 2181 libertatis,
341 2149 373 2175 et
394 2143 547 2185 insignem
571 2143 637 2185 ejus
662 2143 752 2186 perfi-

64 2188 149 2219 diam
163 2193 261 2224 notat,
278 2189 387 2229 Legat.
402 2189 455 2218 58.

105 2232 124 2262 3
149 2231 277 2261 Maxime
304 2232 504 2272 gravissimam
530 2230 670 2264 omnium,
697 2240 753 2258 non

63 2275 168 2316 agique
201 2274 332 2314 tantum]
371 2272 529 2304 Emendat
560 2271 753 2303 Gronovius:

63 2318 216 2347 maximam
239 2323 265 2347 et
284 2317 485 2358 gravissimam
508 2316 647 2350 omnium,
666 2325 755 2354 neque

63 2361 115 2399 agi
143 2365 270 2390 tanturm.
315 2358 409 2396 Quod
438 2357 619 2389 concinnius
649 2362 696 2387 est
724 2362 755 2387 et

65 2401 164 2443 magis
179 2413 216 2433 ex
232 2402 322 2433 solito
337 2401 485 2443 loquendi
498 2411 593 2431 more.

107 2445 128 2474 4
151 2445 329 2485 Manereque
355 2446 387 2475 id
413 2443 574 2484 decretum]
607 2443 678 2473 Hoc
705 2442 755 2472 vel

66 2486 220 2523 vitiatum,
241 2488 292 2518 vel
313 2497 472 2523 mancum,
496 2486 545 2517 vel
568 2485 756 2527 superfluum

67 2534 125 2560 est.
169 2530 336 2561 *Resecto
357 2530 416 2561 hoc
438 2530 588 2565 membro,
610 2538 667 2559 sua
688 2539 756 2558 ora-

67 2571 143 2602 tioni
171 2572 332 2614 integritas
358 2578 490 2607 constat,
514 2582 571 2602 sua
595 2570 758 2602 sententiae

68 2614 282 2656 perspicuitas.
349 2615 507 2656 iCorrigit
565 2613 756 2645 Gronovius:

71 2656 149 2686 Nam
184 2669 273 2698 quum
308 2659 424 2699 regibus
460 2659 653 2688 Macedonum
688 2657 757 2686 Ma-

69 2700 273 2740 cedonibusque
308 2702 386 2740 ipsis,
415 2701 529 2741 finibus
564 2700 756 2730 interdixisse-

70 2752 144 2776 mus,
174 2749 355 2783 maneretque
383 2745 413 2773 id
441 2745 585 2773 decretum
585 2763 692 2772 .....
713 2743 759 2772 hic

70 2785 292 2815 concionantem.
338 2785 399 2816 Sed
435 2785 485 2816 vix
523 2784 657 2816 dubitari
691 2789 758 2826 pot-

73 2832 131 2865 est,
155 2825 231 2867 quin
252 2827 345 2857 totius
366 2828 458 2869 hujus
482 2827 599 2869 periodi
627 2832 759 2857 structu-

74 2880 118 2906 ra,
141 2868 240 2910 qualis
264 2869 355 2910 vulgo
382 2869 554 2907 exhibetur,
570 2876 600 2901 et
624 2870 685 2902 duo
709 2869 762 2901 illa

799 2063 865 2093 tem,
883 2067 902 2087 a
917 2056 998 2087 Livii
1013 2067 1109 2086 manu
1123 2055 1197 2086 sint.

842 2102 861 2130 5
886 2100 1012 2136 Scilicet,
1039 2110 1076 2129 ne
1102 2099 1223 2141 legatos]
1263 2097 1325 2128 Hic
1351 2107 1413 2128 non
1443 2107 1490 2128 re-

797 2142 936 2173 feruntur
970 2142 1039 2184 ipsa
1061 2141 1178 2172 decreti
1200 2141 1306 2176 verba,
1323 2140 1377 2170 sed
1404 2150 1493 2170 mens

798 2185 980 2227 explicatur.
1027 2184 1171 2225 Regibus
1193 2184 1419 2218 Macedonum,
1443 2183 1491 2213 in-

799 2228 877 2270 quit,
918 2227 1212 2268 Macedonibusque
1254 2225 1340 2267 ipsis,
1378 2225 1492 2256 finibus

799 2271 910 2302 nostris
932 2270 1203 2305 interdixeramus,
1223 2268 1256 2300 id
1272 2268 1393 2299 scilicet
1411 2279 1492 2311 proe-

798 2319 956 2351 caventes,
973 2324 1012 2344 ne
1027 2313 1158 2354 legatos,
1175 2323 1214 2343 ne
1231 2311 1361 2343 nuncios
1378 2334 1386 2342 .
1404 2335 1412 2342 .
1431 2334 1440 2342 .

841 2357 862 2387 6
888 2357 971 2387 Viam
993 2358 1084 2398 ‘regia’
1106 2357 1247 2386 societatis
1269 2354 1380 2395 quaeri]
1419 2355 1493 2385 Ma-

799 2399 846 2441 gis
861 2400 999 2442 placeret
1013 2400 1152 2430 societati.

844 2443 861 2471 7
895 2443 1012 2478 Persea,
1055 2453 1138 2482 quem
1181 2442 1304 2480 populus
1344 2440 1495 2471 Romanus

797 2487 882 2525 prins
908 2485 1013 2525 poenoe]
1047 2485 1131 2525 Lege
1155 2484 1205 2514 vel
1228 2494 1300 2515 cum
1324 2482 1495 2519 Gronovio,

801 2539 884 2568 quem
910 2530 941 2558 in
961 2528 1102 2568 populum
1126 2527 1291 2557 Romanum
1317 2527 1402 2566 prius
1424 2527 1494 2560 odii,

801 2583 888 2611 quam
916 2572 1000 2613 regni
1030 2570 1174 2600 lzoeredem
1193 2569 1343 2610 ficturum
1371 2570 1493 2599 sciebat:

803 2614 851 2644 vel
875 2624 945 2644 cum
970 2612 1129 2648 Rubenio‚
1151 2623 1234 2652 quem
1257 2612 1324 2642 belli
1345 2612 1378 2640 in
1402 2621 1494 2649 popa-

801 2657 863 2686 lum
892 2657 1058 2687 Romanum
1089 2657 1173 2695 prius
1200 2666 1283 2694 pene,
1313 2664 1399 2693 quam
1428 2663 1494 2694 ¹reg-

802 2711 845 2730 m.

846 2743 865 2772 8
890 2741 928 2771 Iu
960 2741 1146 2771 Dardaniam
1173 2739 1305 2778 immisit]
1345 2736 1407 2768 Hic
1437 2737 1492 2768 ad-

803 2784 952 2819 misimus,
988 2790 1113 2815 auctore
1152 2780 1320 2813 Gronovio,
1357 2779 1491 2821 particu—

805 2827 866 2857 lam
901 2828 942 2861 ῑη,
969 2837 1063 2867 quam
1092 2824 1238 2856 orationis
1269 2822 1388 2855 Latina
1418 2822 1497 2854 ratio

806 2869 993 2911 postulabat.
