1805 3174
552 76 593 122 Ρ
609 74 1013 122 RAEFATIO.
1456 85 1499 130 iii

132 216 246 268 Quo
273 221 494 277 tempore
529 215 757 262 historias
792 231 907 262 suas
940 215 1187 278 scripserit
1224 217 1405 276 Livius,
1435 239 1608 271 exſtrui„
1629 242 1673 272 Η.

64 289 174 352 ipso
199 307 342 353 opere
370 298 589 352 apparet.
659 290 894 337 Testatur
918 291 1024 354 ipse
1050 291 1081 338 l.
1119 300 1154 339 l.
1182 310 1289 356 cap.
1323 302 1397 343 19.
1424 298 1494 343 bis
1512 285 1597 355 {²5¹2}
1616 296 1711 356 12¹²*

63 368 261 414 omnino
290 376 401 430 post
427 366 604 413 Numae
629 384 849 429 regnum,
874 367 985 414 Jani
1011 369 1246 432 templum
1274 371 1495 420 clausum
1512 379 1703 441 {jjgjss'lj'lfss'slff-

60 443 238 490 fuisse:
263 445 412 499 semel,
426 442 595 505 inquit,
626 446 682 491 T.
698 443 895 490 Manlio
911 447 1238 508 consule‚post
1259 449 1498 496 Punicum
1512 464 1620 483 ‘'M-*¹-

51 521 265 582 primum
280 519 549 582 peyfl’ctzmn
575 520 772 567 bellum.-
811 521 998 578 iterum,
1017 524 1146 583 quod
1166 532 1343 571 nostrae
1360 528 1498 572 (etati

58 597 132 642 dii
154 596 380 642 dederunt
407 604 459 642 ut
492 597 767 651 videt-ema&
795 604 906 659 post
935 596 1105 644 bellum.
1137 598 1410 657 Actiacum,
1435 602 1495 648 ab
1509 618 1671 665 Quom}-

58 671 358 735 Imperatore
372 673 411 719 C
415 689 562 720 cesare
581 671 826 737 Augusta,
832 689 950 735 pace
963 681 1092 719 terra
1108 677 1321 738 marique
1327 685 1493 739 parta.
1507 670 1579 733 ξ’ζζ-ῗζ
1594 672 1711 737 J‘sffi

56 748 129 795 At
158 754 356 795 constat
392 766 450 795 ex
486 748 671 804 Dione,
698 748 873 812 quinto
911 756 1024 811 post
1059 766 1187 798 anno
1221 752 1394 799 iterum
1433 754 1494 800 ab

56 824 288 887 Augusto
314 826 538 872 clausum
558 842 667 873 esse
691 825 806 873 {lani
826 826 1062 889 templum
1085 828 1292 877 devictis
1315 832 1712 882 Canta-Dio,1.L111.

55 900 170 949 bris.
245 902 381 950 Hinc
406 910 538 949 recte
570 902 845 964 colligetur,
872 910 928 949 ut
963 903 1242 952 observavit
1267 907 1598 965 Vossius‚voss.
1614 927 1687 959 ibid.

53 978 220 1025 medio
248 985 470 1042 tempore
494 979 619 1026 inter
638 980 820 1026 bellum
841 980 1110 1027 Actiacum
1135 983 1425 1044 perfectum,
1444 992 1495 1032 et

51 1054 167 1101 Jani
191 1056 347 1101 aedem
382 1055 558 1102 iterum
585 1056 645 1102 ab
670 1057 903 1118 Augusto
939 1056 1176 1117 clausam,
1201 1059 1388 1121 primos
1414 1060 1494 1108 Li-

51 1129 208 1177 vianae
233 1130 447 1179 historiae
473 1131 622 1179 libros
647 1131 697 1178 in
715 1132 876 1178 lucem
901 1131 1163 1194 prodiisse.

118 1205 346 1253 Dubitari
381 1223 482 1254 non
507 1213 687 1270 potest,
714 1207 833 1270 quin
858 1207 1042 1255 multos
1077 1225 1235 1257 annos
1260 1210 1310 1257 in
1335 1212 1494 1259 absol-

51 1283 217 1330 vendo
255 1289 403 1330 tantae
441 1283 582 1331 molis
619 1299 767 1346 opere
803 1285 1187 1346 consumpserit.
1259 1287 1321 1334 Et
1362 1305 1493 1349 vero,

51 1375 206 1422 quum
243 1376 305 1407 ex
328 1359 545 1422 epitome
570 1359 728 1408 ultimi
760 1359 870 1406 libri
899 1368 1135 1422 appareat
1170 1371 1493 1411 memoratam

51 1434 200 1483 fuisse
236 1452 295 1483 eo
334 1436 456 1483 libro
481 1435 636 1483 Drusi
663 1442 889 1491 mortem,
918 1452 1028 1498 quae
1054 1452 1154 1483 uno
1180 1444 1229 1484 et
1256 1438 1491 1488 vicesimo

50 1518 169 1575 post
204 1512 472 1560 Actiacum
508 1512 804 1575 triumphum
842 1528 974 1559 anno
1012 1512 1233 1576 contigit,
1271 1517 1493 1579 sequitur

50 1588 247 1636 Livium
266 1597 380 1636 ante
398 1589 449 1636 id
469 1595 667 1652 tempus
687 1588 911 1636 ultimam
933 1588 1033 1636 suis
1053 1587 1269 1638 historiis
1289 1607 1490 1640 manum

48 1682 151 1713 non
175 1665 490 1729 imposuisse.

117 1742 253 1796 Quot
289 1743 439 1790 libros
466 1743 661 1790 dederit
697 1742 884 1799 Livius,
910 1743 1036 1790 inter
1071 1744 1252 1791 doctos
1284 1745 1489 1808 ambigi·
1504 1764 1553 1794 De
1569 1775 1695 1796 numero

1500 1808 1643 1838 librorum

47 1824 141 1866 tur.
192 1819 449 1882 Epitomas
471 1818 707 1866 librorum
733 1818 892 1867 CXL.
913 1819 1153 1866 habemus
1175 1836 1184 1865 :
1224 1820 1313 1866 sed
1340 1821 1483 1878 duas,
1500 1851 1633 1882 historiae
1651 1852 1701 1882 Li,

47 1910 229 1957 nempe
264 1894 499 1943 librorum
537 1895 839 1944 CXXXVI.
868 1902 918 1942 et
957 1895 1284 1944 CXXXVII.
1313 1894 1609 1960 deper-Viauae·

47 1970 178 2018 ditas
214 1970 363 2019 fuisse
398 1972 661 2020 contendit
696 1972 943 2034 Sigonius.
1013 1971 1218 2019 Fuerint
1258 1989 1372 2036 ergo
1408 1974 1484 2021 vel
1499 1988 1684 2037 &gom-1105.

48 2046 206 2095 CXL.
225 2047 299 2094 vei
318 2047 532 2096 CXLII.
558 2048 684 2098 iibri.
753 2048 826 2096 Ut
844 2056 896 2096 ut
913 2049 990 2109 sit,
1010 2065 1189 2111 magno
1215 2048 1482 2098 litterarum
1499 2031 1702 2106 ἓζξῗψῗί·

47 2123 250 2180 damno,
272 2124 365 2171 soli
389 2141 522 2172 nunc
541 2124 760 2188 quinque
785 2131 835 2172 et
858 2124 1057 2187 triginta
1080 2133 1371 2188 supersunt:
1410 2143 1486 2174 ce-

44 2200 136 2247 teri
161 2216 331 2248 omnes
356 2200 596 2261 interiere,
622 2209 708 2250 aut
735 2208 867 2249 certe
892 2201 1047 2263 ignoti
1075 2201 1238 2249 adhuc
1262 2201 1312 2249 in
1337 2210 1486 2251 nocte

47 2292 106 2323 ac
131 2277 344 2324 tenebris
363 2278 554 2338 jacent.
864 2338 867 2340 Ι

112 2353 246 2407 Quin
270 2354 419 2401 etiam
437 2371 539 2401 non
557 2354 798 2403 universae
817 2354 963 2402 simul
990 2354 1094 2401 orbi
1114 2354 1331 2402 litterato
1348 2355 1486 2402 inno·
1500 2371 1562 2408 Qui
1577 2382 1681 2412 super-

1456 2430 1480 2438 ··
1499 2420 1579 2449 sunt,
1596 2415 1697 2444 diver-

43 2436 178 2477 tuere
202 2428 298 2477 illae
322 2430 633 2494 pulcherrimi
658 2430 823 2493 operis
846 2430 1082 2493 reliquiae.
1152 2429 1332 2478 Primae
1357 2429 1697 2498 Livnsistempofi-

45 2504 290 2553 editiones
327 2513 544 2554 exeunte
568 2506 684 2553 XV.
712 2506 896 2554 saeculo
933 2514 982 2553 et
1005 2506 1205 2553 ineunte
1229 2506 1376 2554 XVI.
1401 2498 1695 2572 ex-Jssrfiffgcffij

45 2597 193 2639 cusae,
237 2582 475 2630 exhibent
518 2584 868 2631 tantummodo
916 2582 1145 2645 primam,
1185 2582 1392 2637 tertiam,
1435 2584 1677 2657 etff‘iifraes·

43 2666 268 2720 quartam
307 2659 555 2718 decades3
593 2666 820 2724 quartam
856 2659 1061 2722 quidem
1098 2675 1197 2706 non
1226 2659 1480 2718 integram,
1602 2649 1611 2659 ’

45 2734 131 2780 sed
158 2733 375 2782 hiulcam
402 2742 449 2782 et
472 2735 710 2794 mutilam,
735 2752 887 2798 quum
914 2735 1109 2783 abesset
1143 2740 1274 2781 totus
1300 2731 1485 2794 trigesi-

758 2827 783 2852 Α
805 2817 830 2851 2
