1826 3149
356 94 434 134 266
781 96 800 124 ³»
904 94 938 133 E
950 94 980 132 P
991 93 1008 132 1
1020 92 1055 132 Τ
1066 93 1103 131 O
1114 93 1157 131 M
1168 93 1217 131 AE

355 205 495 245 nanda
515 204 611 245 hetti
613 204 756 258 futuri
775 203 949 244 consilia.
1011 202 1075 245 M.
1097 204 1306 245 Messallae
1325 203 1763 294 Poplicolamfratrem

354 261 371 284 ⁵
384 262 525 303 victum
545 262 739 302 communi
757 261 926 301 consilio
947 261 1284 302 condonaverunt.

927 460 1199 514 CXXIII.

408 590 497 631 Ser.
519 589 748 642 Pompeius,
770 589 926 654 Magni
940 589 1075 641 filius,
1100 590 1207 631 lectis
1235 605 1285 630 ex
1305 589 1439 642 Epiro
1464 590 1698 643 proscriptis
1716 606 1764 631 ac

340 646 548 701 ficgitivss,
569 661 654 687 cum
674 647 849 687 exercitu
870 647 951 695 diu,
966 662 1051 688 szne
1071 647 1152 688 ulla
1175 647 1250 687 loci
1268 646 1495 700 cujusquam
1509 649 1763 699 possessione,

345 705 556 756 praedatus
590 705 634 745 in
670 704 788 752 mari,
821 704 1056 744 Messanam
1091 705 1278 757 oppidum
1315 704 1358 744 in
1392 704 1539 745 Sicilia
1574 706 1763 757 primum,

349 761 491 801 deinde
519 767 644 801 totam
666 761 914 814 provinciam
946 763 1186 813 occupavit.-
1235 762 1439 814 occisoque
1476 761 1528 801 A.
1567 763 1764 815 Pompeio

354 818 566 873 Bithynico
594 824 778 870 praetore‚
815 820 866 865 Q.
902 818 1176 858 Salvidienum
1211 819 1385 872 legatum
1420 818 1596 859 Caesaris
1627 820 1767 859 navali

340 876 495 928 praelio
515 876 627 917 vicit.
688 876 828 916 Caesar
849 881 887 915 et
910 874 1107 915 Antonius
1126 889 1210 915 cum
1241 875 1475 915 exercitibus
1494 876 1538 915 in
1562 874 1764 916 Graeciam

348 931 609 985 trajecerunt,
641 931 782 972 bellum
818 938 957 972 contra
998 932 1174 972 Brutum
1205 938 1244 972 et
1282 932 1459 971 Cassium
1487 933 1650 985 gesturi.
1712 933 1763 981 Q.

353 989 583 1042 Cornfficius
630 989 672 1029 in
710 987 855 1041 Africa
892 989 976 1030 6T.
1019 989 1211 1038 Sextium,
1255 989 1546 1029 Cassianarum
1578 990 1762 1042 partium

349 1047 500 1095 ducem,
519 1047 666 1099 praelio
686 1047 794 1087 vicit.

926 1259 1191 1312 CXXIV.

406 1403 451 1444 C.
472 1403 613 1444 Caesar
631 1408 670 1442 et
687 1401 894 1443 Antonius
915 1403 1029 1456 apud
1053 1401 1269 1454 Philippos
1287 1401 1401 1442 vario
1419 1406 1561 1442 eventu
1578 1402 1766 1443 adversus

347 1459 521 1501 Brutum
554 1465 592 1501 et
628 1460 808 1501 Cassium
838 1465 1140 1514 pugnaverunt,
1167 1457 1254 1499 'lita
1294 1465 1337 1499 ut
1376 1459 1522 1499 deaetra
1559 1459 1765 1513 utriusque

346 1531 496 1557 cornua
517 1516 729 1565 vincerent,
748 1522 785 1556 et
807 1524 939 1558 castra
955 1530 1108 1570 quoque
1122 1517 1321 1570 utrimque
1339 1515 1392 1555 ab
1408 1516 1473 1565 iis,
1487 1516 1558 1569 qui
1571 1517 1763 1565 vicerant,

344 1580 690 1628 expugnarentur.
732 1574 813 1614 Sed
827 1575 1064 1627 inaequalem
1074 1571 1288 1624 fortunam
1298 1573 1483 1626 partium
1499 1587 1607 1613 mors
1628 1574 1766 1614 Cassii

328 1631 467 1684 fecit.-
500 1631 580 1684 qui,
601 1644 718 1683 quum
742 1631 786 1670 in
806 1645 850 1670 eo
868 1644 992 1670 cornu
1004 1630 1176 1684 ficisset,
1196 1631 1301 1683 quod
1322 1630 1484 1682 pulsum
1512 1636 1616 1679 erat,
1637 1636 1761 1670 totum
1825 1637 1826 1641 ’

345 1689 560 1728 εωθνείίαηι
573 1688 724 1740 fusum
743 1693 870 1736 ratus,
893 1692 1055 1727 mortem
1085 1686 1162 1726 sibi
1181 1687 1384 1727 conscivit.
1443 1686 1587 1726 Altero
1617 1687 1763 1728 deinde
1820 1684 1821 1697 ¹

340 1745 490 1796 proelio
510 1745 639 1785 victus
660 1743 727 1783 M.
743 1743 897 1785 Brutus
916 1750 955 1784 et
974 1743 1061 1796 ipse
1080 1743 1367 1796 vitamfinivit‚
1389 1749 1554 1783 exorato
1572 1744 1763 1785 Stratone
1819 1775 1820 1779 ,

326 1801 414 1855 ficO
395 1814 458 1840 σω
493 1801 640 1849 comite,
683 1806 729 1841 ut
773 1801 853 1841 sihi
885 1801 1067 1855 gladium
1114 1801 1308 1854 adigeret,
1348 1799 1570 1840 8annorum
1609 1801 1764 1842 circiter

345 1858 632 1914 quadraginta,
654 1857 762 1898 inter
780 1871 876 1912 quos
901 1857 953 1907 Q.
975 1857 1223 1898 Hortensius
1242 1857 1391 1898 occisus
1409 1862 1479 1897 est.

386 2029 407 2058 5
434 2027 564 2066 Victum]
588 2026 640 2057 Sic
656 2025 744 2057 dedit
764 2025 919 2067 Sigonius,
935 2037 1031 2067 quum

344 2069 430 2111 prius
458 2070 533 2100 editi
562 2070 714 2100 haberent
733 2072 890 2109 junctum.
943 2070 1032 2100 Neu-

343 2119 424 2143 trum
453 2113 557 2154 placet
584 2112 753 2148 Gronovio,
777 2112 831 2153 qui
860 2112 920 2153 legi
943 2112 1034 2154 jubet

342 2157 517 2185 insidiarum
539 2157 710 2186 comz'ctum.
750 2155 826 2186 Vid.
849 2165 879 2186 c.
896 2156 923 2186 l.
947 2160 979 2186 et
1001 2156 1031 2185 7.

343 2198 435 2239 hujus
450 2197 529 2229 libri.

386 2242 407 2271 6
433 2236 467 2271 Τ.
496 2241 630 2276 Sestium,
661 2240 867 2270 Cassianarum
899 2240 1032 2278 partium

342 2283 460 2323 ducem]
486 2284 569 2324 Lege
593 2293 664 2313 cum
687 2282 1030 2318 Henr.Va„Ie51oCae-

343 2337 391 2355 sar
393 2337 477 2356 tanai
479 2338 529 2356 um
548 2327 692 2365 partium.
738 2324 834 2355 Ratio
856 2323 976 2366 patebit
990 2334 1029 2355 ex

344 2379 412 2409 ipsa
426 2368 563 2404 historia
579 2368 670 2403 infra,
687 2377 715 2397 c.
730 2367 787 2397 ult.

387 2411 405 2439 7
430 2411 479 2440 Ita
507 2417 540 2440 ut
576 2412 677 2440 dextra
712 2411 864 2448 utriusque
899 2409 1026 2449 cornua]

344 2452 406 2482 Vel
443 2455 594 2492 utriusque
629 2453 713 2487 aciei,
744 2451 792 2481 vel
828 2457 1029 2491 utrorumque,

344 2495 393 2525 vel
409 2497 565 2534 utrimque.
589 2494 805 2525 Gnouovms.

386 2538 404 2568 8
443 2538 596 2567 Annorum
649 2538 767 2566 circiter
820 2537 1028 2576 quadraginta.

345 2580 429 2610 Inter
450 2580 531 2620 quos]
557 2579 674 2609 Locum
697 2578 779 2608 hunc
802 2577 946 2609 mutilum
960 2589 1026 2609 esse

343 2622 504 2664 perspicue
531 2626 629 2663 patet.
682 2620 825 2662 Sigonius
854 2630 925 2650 eum
954 2631 1026 2692 εἴὶρ-

343 2666 428 2706 plere
451 2671 579 2696 conatus
601 2669 657 2701 est,
677 2663 830 2705 jussitque
853 2662 932 2703 legi:
995 2674 1026 2693 0-

345 2719 496 2738 mmmmm
534 2708 703 2747 principum
744 2707 861 2736 circiter
897 2706 1024 2744 quadra-

341 2752 427 2788 ginta
443 2750 675 2791 idemfecerQunt
714 2748 796 2778 Inter
810 2758 887 2787 quos.
920 2747 1026 2788 Atque

345 2792 425 2823 hanc
448 2792 696 2823 emendationem
720 2790 868 2832 Dujatius
880 2794 910 2820 et
927 2790 1025 2820 Cleri-

344 2845 398 2866 cus
414 2840 604 2878 receperunt.
628 2834 690 2866 Sed
705 2844 803 2877 primo
817 2832 915 2864 nimia
929 2832 1025 2863 licen-

1074 2025 1119 2058 tia
1133 2031 1180 2057 est
1194 2031 1240 2057 tot
1260 2037 1353 2057 voces
1367 2036 1406 2056 ex
1428 2035 1515 2057 mera
1535 2025 1714 2067 conjectura
1728 2025 1760 2057 in

1075 2074 1254 2100 contextum
1282 2068 1460 2099 immittere.
1507 2068 1588 2099 Tum
1615 2077 1760 2100 numerus

1076 2112 1283 2153 quadraginta
1318 2111 1510 2153 principum·
1535 2111 1759 2148 Romanorum,

1075 2154 1129 2196 qui
1154 2160 1219 2185 tum
1243 2154 1426 2191 interierint,
1449 2153 1533 2196 apud
1560 2153 1680 2184 nullum
1707 2165 1759 2184 ve-

1075 2203 1192 2228 tustum
1228 2197 1408 2239 scriptorem
1443 2196 1612 2238 reperitur;
1663 2197 1761 2228 multo
1816 2237 1817 2240 Ἰ

1075 2240 1188 2276 minus,
1204 2240 1258 2280 qui
1272 2240 1356 2270 idem
1379 2239 1507 2270 fecerint
1525 2239 1608 2280 quod
1631 2239 1759 2276 Brutus,

1075 2282 1107 2313 id
1123 2288 1170 2313 est
1184 2282 1238 2323 qui
1253 2293 1322 2313 sese
1337 2292 1357 2312 a
1370 2282 1433 2317 suis
1449 2281 1571 2312 confodi
1586 2281 1756 2312 voluerint:

1072 2325 1156 2366 quod
1186 2324 1312 2366 quidem
1339 2324 1433 2355 etiam
1462 2324 1574 2355 falsum
1602 2328 1757 2365 putamus.

1073 2368 1232 2415 Denique,
1256 2377 1352 2414 quum
1376 2366 1560 2397 Hortensius
1577 2366 1667 2407 jussu
1688 2366 1756 2397 An-

1072 2410 1148 2440 tonii
1171 2410 1292 2440 occisus
1313 2409 1364 2445 sit,
1386 2419 1448 2439 non
1463 2413 1571 2456 *potest
1598 2408 1631 2438 in
1653 2419 1758 2439 eorum

1074 2462 1236 2483 numerum
1272 2450 1388 2487 referri,
1419 2461 1472 2491 qui
1508 2450 1591 2481 idem
1629 2451 1758 2482 fecerint

1072 2495 1155 2535 quod
1193 2495 1320 2524 Brutus.
1375 2493 1648 2541 Repraesentamus
1683 2504 1755 2535 ergo

1072 2537 1122 2567 hic
1146 2547 1216 2567 eam
1241 2535 1416 2571 lectionem,
1439 2546 1534 2577 quam
1556 2535 1589 2566 in
1612 2541 1675 2567 vet.
1701 2537 1755 2567 lib.

1071 2578 1228 2626 Sigonius
1239 2588 1271 2608 se
1297 2578 1451 2609 invenisse
1474 2583 1616 2615 testatur,
1643 2584 1675 2609 et
1700 2590 1753 2609 ex-

1068 2621 1179 2662 pressit
1220 2619 1253 2650 in
1295 2631 1352 2652 sua
1387 2621 1522 2652 editione
1559 2621 1753 2652 Gronovius:

1069 2663 1227 2704 satiusque
1252 2663 1340 2694 nobis
1361 2663 1461 2694 visum
1489 2668 1537 2694 est
1557 2673 1701 2695 mancam
1723 2669 1756 2695 et

1069 2705 1205 2736 hiulcam
1221 2705 1390 2737 orationem
1405 2706 1561 2743 exhibere,
1574 2717 1668 2747 quam
1683 2717 1752 2737 eam

1071 2759 1141 2789 quae
1156 2748 1260 2789 specie
1290 2749 1374 2779 falsae
1401 2748 1542 2780 sanitatis
1569 2749 1751 2791 imponeret.

1070 2790 1266 2821 vetustiores
1281 2791 1431 2822 editiones
1447 2791 1579 2822 habent:
1609 2803 1750 2822 annorum
1808 2811 1809 2814 =

1069 2840 1131 2864 erat
1146 2836 1240 2865 oetatis
1254 2836 1371 2865 circiter
1384 2835 1592 2876 quadraginta.
