1831 3194
418 98 532 135 LIB.
564 96 693 134 XLII.
738 97 813 132 CA
830 95 868 131 Ρ.
901 94 1074 130 XXXII.
1406 92 1447 127 0'1

44 207 204 262 equites
236 207 387 249 treceni
419 205 634 261 aequaliter
670 205 710 244 in
744 203 926 257 singulas
948 201 1138 256 legiones.
1171 208 1211 240 et
1245 199 1285 239 in
1319 199 1647 240 s‹›ciali1'.(3.5ssl.
1675 214 1677 217 ·

45 264 229 305 exercitu
270 264 425 305 consuli
466 262 584 304 alteri
628 270 776 302 auctus
815 256 1035 300 numerus:
1084 257 1288 298 sexdecim
1330 253 1557 295 milliaA-C·
1579 253 1645 282 171.

45 320 249 377 peditum,
271 321 528 375 octingentos
558 319 718 373 equites
746 318 919 372 (praeter
947 332 1029 364 eos,
1051 330 1156 370 quos
1179 315 1255 353 Cn.
1281 312 1457 352 Sicinius

45 377 247 427 duxisset,
270 385 480 418 sexcentos
502 375 681 431 equites)
705 375 745 415 in
771 372 1059 414 Macedoniam
1092 370 1309 426 trajiceret.
1372 369 1458 409 Ita»

46 435 112 474 liae
144 435 241 476 satis
272 434 358 474 visa
392 433 610 474 duodecim
645 431 773 471 millia
805 430 1007 470 sociorum
1039 428 1244 484 peditum,
1277 425 1458 466 sexcenti

45 491 217 546 equites.
280 490 393 531 Illud
415 505 584 545 quoquc
604 488 863 544 praecipuum
885 487 1030 527 datum
1060 484 1159 525 sorti
1182 481 1457 530 Macedoniae,

48 557 95 589 ut
116 547 374 589 centuriones
405 547 638 601 militesque
667 553 825 585 veteres
846 543 1056 591 scriberet,
1079 556 1184 596 quos
1206 540 1344 587 vellet,
1367 554 1460 578 con-

48 605 110 646 sul
134 620 265 659 usque
286 604 338 644 ad
359 603 666 659 quinquaginta
686 617 826 642 annos.
889 601 939 639 In
970 598 1147 640 tribunis
1180 597 1359 637 militum
1391 610 1461 635 no-
1472 614 1599 644 Tribuni

48 670 191 702 vatum
220 677 268 701 eo
293 676 399 701 anno
429 668 600 715 propter
627 657 946 699 Macedonicum
977 655 1149 703 bellum,
1172 653 1286 709 quod
1317 667 1462 693 eonsu-
1474 657 1674 704 Minacms.

47 718 105 759 les
125 734 175 758 ex
208 718 563 759 senatusconsulto
584 716 637 756 ad
668 715 872 771 populum
894 713 1096 761 tulerunt,
1119 727 1169 751 ne
1200 709 1357 751 tribuni
1388 700 1556 748 nli-lecu*

47 775 169 816 litum
199 790 247 815 eo
277 790 384 815 anno
417 773 624 827 suffrag-iis
658 779 914 819 crearentur,
949 769 1019 810 sed
1055 767 1270 808 consulum
1313 774 1463 821 praeto-

48 847 225 887 rumque
246 831 287 872 in
309 831 357 872 iis
381 831 579 871 faciendis
603 828 810 886 judicium
841 826 1145 880 arbitriumque
1166 833 1283 865 esset.
1346 824 1463 863 Inter

48 898 245 944 praetores
276 889 334 929 ita
362 887 518 944 partita
547 886 730 942 imperia.
768 893 1004 941 praetorem,
1026 883 1146 937 eujus
1175 897 1261 921 sors
1301 879 1646 928 fuisset,1›rae20sum

50 954 96 987 ut
127 946 219 995 iret,
241 961 326 1001 quo
357 954 522 985 senatus
553 943 791 991 censuisset,
820 940 1090 981 Brundisium
1121 938 1173 978 ad
1206 938 1375 978 classem
1406 936 1653 979 improvinciae·

50 1002 231 1057 placuit;
266 1011 397 1057 utque
418 1001 473 1041 ibi
496 1007 805 1055 recognosceret
826 997 954 1037 socios
985 995 1164 1043 navales,
1186 993 1463 1047 dimissisque,

50 1059 177 1115 siqui
207 1074 354 1114 parum
386 1057 520 1098 idonei
552 1064 700 1104 essent,
724 1054 1060 1109 supplementum
1092 1051 1247 1106 legeret
1272 1066 1323 1090 ex
1344 1049 1465 1089 liber-

51 1116 161 1165 tinis,
184 1125 225 1157 et
255 1116 373 1156 daret
402 1129 585 1170 operam,
608 1120 656 1153 ut
681 1112 778 1153 duae
808 1118 947 1166 partes
977 1108 1131 1149 civium
1163 1108 1466 1154 Romanorum,

51 1173 173 1214 tertia
205 1172 407 1213 sociorum
440 1179 556 1212 esset.
619 1171 887 1210 Commeatus
917 1165 1034 1206 classi
1071 1164 1387 1220 legionibusque
1417 1170 1466 1202 ut

49 1244 101 1270 ex
134 1229 272 1270 Sicilia
303 1228 576 1283 Sardiniaque
612 1225 957 1272 subveherentur,
990 1221 1257 1278 praetoribus,
1291 1219 1364 1275 qui
1400 1234 1469 1259 eas

50 1286 282 1342 provincias
315 1285 449 1328 sortiti
483 1292 631 1333 essent,
659 1281 845 1323 mandari
882 1279 1054 1336 placuit,
1082 1287 1129 1319 ut
1162 1277 1313 1318 alteras
1344 1276 1470 1317 decu-

50 1358 138 1384 mas
171 1342 318 1384 Siculis
345 1341 570 1396 Sardisque
600 1340 866 1396 imperarent,
889 1345 1022 1391 utque
1052 1336 1096 1376 id
1126 1335 1385 1375 frumentum
1416 1332 1470 1373 ad

52 1400 281 1441 exercitum
309 1399 350 1440 in
378 1397 668 1439 Macedoniam
694 1403 945 1453 portaretur.
994 1392 1173 1434 Siciliam
1198 1393 1245 1432 C.
1270 1389 1474 1430 Caninius

53 1456 229 1498 Rebilus
260 1465 320 1497 est
349 1456 534 1504 sortitus,
559 1455 608 1494 L.
635 1453 790 1494 Furius
813 1451 961 1492 Philus
985 1448 1232 1495 Sardiniam,
1256 1447 1306 1486 L.
1332 1447 1472 1486 Canu-

52 1514 155 1555 leius
192 1513 454 1569 Hispaniam,
488 1513 534 1552 C.
565 1509 773 1565 Sulpicius
808 1507 946 1548 Galba
978 1506 1181 1546 urbanam
1215 1501 1471 1559 jurisdictio-

53 1585 161 1621 nem,
206 1571 256 1610 L.
292 1569 440 1610 Villius
481 1567 657 1607 Annalis
702 1566 808 1606 inter
849 1563 1099 1619 peregrinos.
1177 1561 1225 1601 C.
1270 1558 1472 1600 Lucretio

55 1628 194 1677 Gallo,
216 1642 301 1682 quo
323 1634 489 1666 senatus
510 1623 748 1671 censuisset,
772 1636 858 1661 sors
878 1619 1027 1660 evenit.

112 1684 327 1724 XXXII.
362 1684 478 1723 Inter
514 1680 702 1721 eonsules
738 1677 869 1733 magis
905 1675 1127 1725 cavillatio,
1159 1686 1475 1729 quamymagna

54 1741 278 1790 contentio,
301 1740 352 1781 de
373 1737 585 1795 provincia
605 1736 698 1778 fuit.
753 1734 935 1783 Cassius,
955 1732 1071 1773 3sz'ne
1090 1738 1196 1773 sorte
1216 1745 1256 1771 se
1280 1730 1476 1769 Macedo-

55 1799 165 1839 niam
193 1798 541 1851 obpugnatam-mnf,
569 1794 747 1841 dicebat,
770 1807 840 1832 nec
861 1805 980 1844 posse
999 1791 1204 1843 collegam,
1229 1788 1340 1828 salvo
1356 1785 1476 1840 jure-

41 1854 244 1909 ιγ’ῑιναηιῖο,
257 1869 380 1895 secum
401 1854 558 1894 sortiri.
589 1850 838 1891 ‘³Prcetorem
859 1863 958 1896 eum,
974 1862 1023 1888 ne
1045 1849 1089 1887 in
1102 1847 1360 1899 provinciam
1383 1844 1476 1892 iret,

57 1914 100 1953 ἰη
121 1914 307 1954 concione
314 1911 493 1965 jurasse,
514 1925 556 1950 se
574 1915 681 1949 stato
701 1909 786 1948 loco
806 1907 1001 1959 statisque
1021 1904 1158 1945 diebus
1178 1904 1286 1943 socri
1316 1902 1380 1941 cia
1402 1901 1475 1940 lla-

57 1970 159 2019 bere,
183 1984 282 2023 quae,
306 1969 466 2009 absente
485 1982 538 2016 se,
561 1973 666 2007 recte
665 1965 776 2019 fieri
796 1978 873 2004 non
895 1968 1087 2015 possent:
1119 1974 1208 2014 quae
1238 1973 1316 1998 non
1347 1959 1477 2010 magis

57 2029 226 2075 consule,
244 2041 359 2080 quam
377 2031 567 2078 praetore,
584 2023 746 2063 absente
765 2021 980 2074 rectefieri
993 2025 1170 2072 possent.
1201 2016 1217 2040 ⁵
1233 2017 1280 2057 Si
1299 2022 1474 2063 senatus,

57 2098 138 2124 uon
169 2084 268 2138 quid
301 2084 417 2123 vellet
449 2083 492 2122 in
524 2081 732 2121 consulatu
760 2079 911 2131 potius,
934 2091 1051 2130 quam
1084 2076 1184 2129 quid
1215 2075 1258 2114 in
1285 2078 1475 2125 praetura

44 2140 255 2195 juraverit
286 2142 339 2181 P.
368 2140 570 2188 Licinius,
601 2136 999 2177 animadvertendum
1030 2147 1111 2173 esse
1139 2137 1308 2178 censeat,
1339 2144 1380 2170 se
1409 2135 1475 2169 ta-

59 2212 146 2239 men
175 2198 366 2252 futurum
408 2198 452 2236 in
495 2201 654 2236 senatus
694 2198 907 2246 potestate.
970 2189 1161 2231 Consulti
1203 2189 1364 2235 Patres,
1405 2185 1474 2226 cui

59 2255 320 2296 consulatum
352 2253 534 2310 populus
560 2253 775 2292 Romanus
808 2264 889 2289 non
925 2254 1129 2303 negasset,
1151 2245 1204 2285 ab
1235 2259 1276 2284 se
1308 2241 1475 2298 provin-

61 2312 163 2353 ciam
195 2327 352 2367 negari,
375 2310 601 2366 superbum
634 2307 728 2357 rati,
751 2305 885 2348 sortiri
919 2303 1106 2346 consules
1133 2302 1362 2357 jusserunt.
1424 2299 1660 2377 P.{ortiuntu1-

1517 2356 1576 2376 OSS-

619 2388 633 2412 f
645 2398 813 2431 optaturum
830 2390 920 2421 Crev-

104 2472 124 2501 3
147 2470 214 2500 Sine
243 2475 317 2499 sorte
344 2480 371 2499 se
401 2468 602 2498 Macedmziam
630 2472 744 2505 optatu·
789 2474 860 2495 cum
891 2461 1048 2494 Gronovio
1083 2459 1269 2503 particulam
1298 2463 1476 2499 negantem,

63 2513 145 2554 rum]
183 2512 339 2544 Mendosa
365 2517 431 2542 erat
466 2516 553 2540 vetus
583 2509 746 2551 scriptura,
791 2517 860 2548 quae
897 2516 1022 2536 sensum
1058 2504 1228 2546 perturbat.
1283 2501 1364 2531 Haec
1394 2501 1477 2531 enim

63 2562 308 2597 oppugnaturum.
372 2553 536 2584 Rubenius
590 2551 749 2583 substituit
792 2559 880 2580 mens
906 2554 953 2579 est
979 2547 1092 2582 Cassii,
1114 2553 1149 2577 ut
1176 2545 1273 2582 dicat,
1299 2544 1325 2574 si
1352 2549 1478 2574 senatus

64 2605 242 2637 optaturum,
267 2597 420 2639 probabili
450 2596 638 2637 conjectura.
683 2595 749 2625 Ita·
788 2593 899 2634 jubeat
927 2601 1031 2622 secum
1061 2589 1160 2620 sortiri
1192 2586 1359 2622 Licinium,
1389 2592 1420 2616 et
1449 2585 1478 2615 ei

65 2651 126 2681 que
145 2640 177 2671 id
198 2640 231 2670 in
253 2646 431 2674 contextum
454 2638 646 2675 admisimus,
662 2643 697 2668 ut
718 2642 751 2668 et
793 2634 980 2676 gratificans,
1006 2632 1148 2663 attendat
1175 2630 1277 2672 potius
1303 2629 1378 2670 quid
1405 2627 1481 2657 velit

67 2682 208 2714 Clericus
222 2683 348 2714 fecerat.
793 2679 826 2708 in
852 2677 1026 2712 consulatu,
1054 2685 1147 2716 quam
1171 2673 1248 2714 quid
1269 2671 1419 2713 jnraven't
1448 2670 1480 2699 in

110 2727 130 2755 4
156 2726 311 2755 Proetorem
344 2737 420 2760 eum,
443 2735 480 2754 ‘ne
508 2726 540 2754 in
572 2724 751 2762 provinciam
792 2726 938 2763 praetura,
954 2730 997 2754 se,
1014 2716 1155 2760 quamvis
1177 2726 1286 2757 parum
1308 2714 1340 2743 id
1356 2722 1487 2753 aequum

65 2769 137 2809 iret]
177 2768 246 2798 Hoc
279 2767 460 2798 memoravit
501 2766 607 2797 Livius
645 2775 748 2806 supra,
792 2763 851 2794 sibi
874 2763 1026 2798 videatur,
1049 2768 1156 2792 tamen
1177 2757 1299 2789 senatui
1321 2756 1479 2796 obtempe-

67 2812 156 2842 XLI.
174 2812 224 2840 15.
793 2812 944 2838 raturum.
1485 2806 1487 2808 '

111 2856 130 2884 5
154 2854 184 2883 Si
211 2859 336 2885 senatus,
359 2863 414 2881 *nnn
442 2854 510 2892 qw'd
536 2852 635 2891 vellet]
664 2850 750 2885 Dele
