1816 3159
303 87 387 128 372

353 191 456 221 cendae
468 189 623 220 triumviri
635 189 742 225 creati,
759 193 794 218 21
804 210 812 222 ,
823 190 860 218 ab
871 190 989 227 Nepete

352 235 445 271 legati
462 235 619 262 Romanos
645 233 770 265 (locent,
789 233 937 262 Etrnsvos
953 233 990 261 de

352 288 427 318 pace
442 277 576 316 petenda
590 276 723 305 concilia
739 276 863 312 habere,
880 279 928 309 10,
943 280 989 305 14.

352 322 466 351 milites
482 319 707 360 pecuniamque
720 319 869 348 Romanis
886 323 992 358 negat,

355 370 409 402 27,
421 370 451 396 9.
468 365 499 393 in
515 372 583 392 eam
599 363 917 395 senatusconsultum,
935 366 989 398 29,

359 413 408 437 15.

311 450 475 490 Nephelis,
489 448 736 488 promontorium
750 448 991 483 Ciliciae‚33‚20.

312 494 476 534 Nepheris,
493 492 655 530 oppidum,
666 491 751 529 Epit.
768 495 819 520 51.

311 537 480 577 Neptuniae
497 544 596 572 aquae,
614 538 666 567 39.
681 538 735 563 44.

311 583 479 619 Neptunus
500 577 691 607 lectisternio
713 577 866 616 placatus,
891 580 923 614 5,
944 581 992 608 13.

357 628 410 657 22,
431 626 482 651 10.

312 666 454 705 Neptuni
470 673 522 693 ara
537 664 569 693 in
586 663 667 693 circo
683 663 851 700 Flaminio,
868 666 922 700 28,
944 667 991 691 11.

312 709 504 748 Nequinum,
518 706 578 736 υἱιῐ.
593 707 722 736 Narnia.

311 755 409 789 Nero,
426 751 485 781 vid.
505 750 664 779 claudius.

311 798 428 832 Nerva,
444 794 507 823 vicl.
520 794 673 823 Licinius.

311 839 480 874 Nerulum,
494 837 655 876 oppidum,
665 835 696 865 vi
711 838 836 874 captum
849 843 867 864 a
882 835 993 864 Roma-

358 883 418 917 nis,
436 885 470 917 9,
485 885 536 909 20.

312 925 505 960 Nesattium,
516 922 663 962 oppidum
676 921 787 954 Istriae,
803 921 962 950 obsidetur
977 930 995 949 a

354 967 520 1003 Romanis,
535 970 590 1001 41,
607 969 652 994 15.
671 965 787 995 obsessi
802 965 950 1003 conjuges
963 969 996 993 et

355 1013 470 1042 liberos
487 1009 646 1042 occidunt,
672 1012 703 1038 et
729 1008 830 1046 palam
848 1010 879 1037 in
896 1008 993 1038 muris

355 1055 526 1085 trucidatos
540 1052 751 1092 praecipitant,
766 1051 838 1081 ibid.

313 1099 465 1132 Nesiotae,
482 1096 603 1135 populi,
621 1100 675 1132 38,
692 1099 742 1124 28.

315 1144 447 1177 Nessus,
463 1140 593 1175 flumen,
609 1143 662 1171 45,
677 1142 728 1169 29.

314 1185 394 1216 Nexi
409 1184 450 1213 ob
466 1192 506 1212 aes
522 1182 711 1217 alienum,2‚
730 1185 780 1211 27.
797 1182 905 1218 soluti,
922 1191 996 1211 cau·

356 1232 485 1265 tumque
501 1226 533 1254 in
549 1228 709 1264 posterum
727 1233 766 1252 ne
783 1229 993 1262 necterentur,

359 1275 391 1308 8,
409 1275 460 1299 28.
475 1269 538 1298 viel.
555 1268 612 1298 AEs
629 1268 774 1297 alienum.

315 1315 432 1347 Nicaea,
449 1312 522 1342 urbs
533 1312 565 1341 in
577 1312 648 1340 sinu
664 1310 810 1347 Maliaco,
827 1314 881 1348 28,
896 1315 924 1340 5.
938 1315 992 1349 32,

358 1361 410 1386 32.
429 1360 457 1385 et
474 1360 525 1384 35.

315 1401 434 1433 Nicaea,
451 1407 529 1427 uxor
545 1397 674 1430 Crateri,
685 1400 737 1428 35,
753 1399 804 1425 26.

316 1442 475 1473 Nicander
491 1442 528 1470 ab
542 1441 656 1469 AEtolis
674 1440 792 1477 legatus
807 1439 942 1468 mittitur
958 1440 996 1468 ad

358 1486 548 1524 Philippum,
561 1488 597 1512 ut
607 1492 675 1512 eum
685 1483 820 1512 concitet
830 1483 867 1511 ad
880 1483 995 1512 bellum

356 1530 548 1564 Romanum,
562 1531 617 1563 35,
637 1530 684 1555 12.
701 1526 739 1555 ab
756 1535 826 1565 rege
837 1525 997 1556 Antiocho

357 1572 499 1607 veniens,
523 1571 631 1609 implet
664 1578 743 1599 vana
779 1570 996 1608 expectatione

357 1614 590 1645 multitudinem
601 1613 718 1642 AEtolor
725 1622 789 1649 um,
800 1615 908 1650 36,29.
919 1622 996 1652 prae-

357 1663 409 1688 tor
424 1658 614 1693 AEtolorum,
628 1660 682 1693 38,
701 1660 726 1684 l.
743 1656 809 1694 ejus
827 1666 872 1685 rcs
888 1661 995 1696 gestae,

358 1705 389 1736 4,
407 1706 436 1730 5.
452 1706 482 1730 et
496 1703 527 1730 6.

316 1745 472 1774 Nicander
486 1742 684 1782 archipirata,
700 1747 755 1778 37,
776 1746 823 1770 11.

316 1789 468 1824 Nicanor,
488 1795 570 1816 unus
597 1795 634 1815 ex
656 1785 834 1824 purpuratis
849 1785 998 1824 Philippi,

360 1836 416 1866 33,
434 1835 463 1859 8.

316 1874 479 1904 Nicatores
495 1873 576 1910 apud
593 1873 697 1900 Persas
711 1876 799 1900 erant
815 1871 929 1900 milites
945 1881 996 1902 co-

361 1917 459 1946 hortis
472 1916 573 1954 regiae,
589 1919 643 1947 43,
657 1919 709 1943 21.

317 1959 554 1998 Nicephorium,
570 1958 656 1987 lucus
672 1957 710 1985 ad
725 1958 921 1996 Pergamum,
941 1963 994 1993 32,

361 2008 412 2032 33.
423 2006 453 2031 et
469 2005 521 2031 34.

318 2046 436 2079 Nicias,
453 2048 566 2082 praetor
578 2042 776 2078 Achaeorum,
793 2047 845 2077 28,
862 2049 889 2072 8.

318 2090 425 2119 Nicias
441 2089 519 2117 clam
532 2085 716 2115 interficitur
731 2095 750 2115 a
765 2087 998 2123 Perseo,44,lO.

319 2134 414 2168 Nico,
427 2130 616 2160 Tarentinus
628 2129 766 2166 juvcuis,
783 2130 998 2167 conjuratione

361 2176 445 2204 facta
459 2183 529 2203 cum
553 2173 621 2201 aliis
643 2172 801 2201 nobilibus
817 2173 998 2210 juvenibus,

362 2217 467 2257 prodit
489 2215 636 2246 Annibali
654 2216 836 2248 Tarentum.
855 2221 908 2253 25,
925 2220 953 2246 8.
969 2222 999 2246 et

362 2266 394 2293 9.
409 2260 475 2298 ejus
490 2269 560 2289 cum
570 2258 610 2287 D.
628 2258 762 2290 Quintio
776 2263 1000 2296 certamen,26,

358 2309 411 2336 39.
429 2304 519 2332 hasta
538 2302 693 2337 transfigit
717 2302 897 2337 Quintium,
925 2304 997 2333 ibid.

358 2347 512 2377 occiditur
535 2354 691 2385 pugnans,
719 2355 814 2383 quum
840 2351 1000 2386 caperetur

361 2390 546 2423 Tarentum,
564 2393 617 2425 27,
638 2391 685 2416 16.

319 2431 593 2464 Nicodamus,.dux
603 2431 789 2464 AEtolorum,
801 2430 915 2461 auxilio
927 2433 997 2462 mit-

363 2475 443 2504 titur
454 2474 625 2503 Ambraciae
642 2474 725 2510 urbi,
740 2479 794 2509 38,
811 2479 840 2504 5.
855 2480 885 2503 ct
901 2478 932 2505 6.

320 2516 678 2554 Nicomedes‚Bitbyniae
689 2526 752 2553 rex,
762 2518 913 2555 Zyboeam
924 2528 996 2548 aux.

363 2561 416 2590 ilio
432 2560 593 2589 Gallorum
611 2560 719 2593 vincit,
736 2565 791 2595 38,
811 2564 856 2589 16.

322 2604 521 2638 Nicomedes,
549 2602 630 2631 filius
657 2603 784 2638 Prusiae,
810 2612 879 2632 cum
910 2607 996 2642 patre

361 2648 492 2677 Romam
508 2645 603 2678 venit,
620 2649 674 2680 45,
690 2648 741 2673 44.
762 2648 997 2676 commendatur

363 2699 380 2719 a
392 2693 479 2728 patre
496 2688 630 2723 senatui,
645 2687 720 2716 ibid.

320 2733 517 2765 Nicomedes,
541 2730 707 2769 superioris
731 2739 766 2758 ex
790 2731 877 2769 Nysa
901 2741 995 2761 uxore

362 2777 453 2805 filius.
476 2774 543 2803 Vid.
562 2774 648 2812 Epit.
666 2776 718 2805 76.
732 2777 783 2803 93.

317 2820 529 2856 Nicostratus,
540 2818 724 2848 Achaeorum
740 2819 865 2856 praetor,
880 2821 934 2855 32,
944 2821 997 2848 39.

757 83 936 121 INDEX
965 83 1022 120 IN
1053 81 1099 119 T.
1130 81 1268 118 LIVII

1074 191 1103 215 ct
1114 191 1166 216 40.
1179 186 1245 223 ejus
1259 188 1458 226 strategema,
1472 192 1528 226 33,
1544 192 1593 219 14.
1609 192 1641 218 et
1651 190 1713 219 vic-

1073 230 1167 267 toria,
1188 234 1235 258 15.

1033 274 1138 310 Nilus,
1154 277 1260 309 44,10.
1278 283 1330 312 per
1342 273 1451 303 Nilum
1467 283 1546 313 pons
1562 275 1715 305 tumultu-

1076 316 1142 345 ario
1158 325 1248 354 opere
1261 317 1375 353 factus,
1393 317 1468 346 ibid.

1034 359 1099 388 Nili
1115 360 1230 388 ostium
1240 361 1449 396 Peluciacum,
1463 364 1519 395 45,
1537 364 1585 389 11.
1601 363 1629 389 et
1646 365 1694 389 12.

1033 403 1172 431 Nisuetae
1182 403 1262 431 inter
1275 404 1594 439 auxiliaRhodiorum,
1607 408 1715 440 33,13.

1033 445 1163 474 Nobiles
1186 446 1348 484 deponunt
1379 448 1512 476 annulos
1539 456 1648 476 aureos
1685 451 1717 476 et

1077 489 1232 526 phaleras,
1249 494 1282 526 9,
1299 492 1352 520 46.

1034 531 1204 568 Nobilium,
1216 536 1251 560 ut
1265 533 1326 561 duo
1338 533 1513 562 consularia
1524 533 1592 562 loca
1604 532 1718 571 aplebe

1077 580 1283 612 recuperaret,
1306 577 1383 605 totis
1406 577 1524 606 viribus
1547 576 1718 613 incumbit,

1080 621 1132 653 ιο,
1153 622 1200 647 15.

1035 660 1138 690 Nocte
1153 661 1207 690 lnx
1222 660 1344 698 oborta,
1359 661 1423 691 vid.
1439 662 1630 699 Prodigium.

1035 704 1119 733 Nola
1132 704 1253 742 capitur
1269 713 1287 732 a
1304 704 1466 739 Romanis,
1483 710 1517 742 9,
1528 709 1580 739 28,
1595 714 1717 743 oppug-

1078 750 1172 776 natur
1187 747 1225 776 ab
1242 747 1412 785 Annibale,
1431 752 1486 785 23,
1509 751 1643 777 14-16,
1660 749 1717 777 itc-

1078 800 1159 827 rum,
1175 793 1313 820 43—46.

1036 834 1179 864 Nolanus
1193 838 1320 863 senatus
1335 834 1562 872 Romanorum,
1576 833 1662 873 plebs
1672 836 1718 862 est

1079 877 1258 911 Annibalis,
1276 881 1329 911 24,
1351 881 1397 906 14.
1415 881 1445 906 et
1460 881 1514 908 39.

1036 920 1160 949 Nolana
1174 921 1259 959 plebs
1277 924 1365 949 vocat
1381 920 1581 957 Annibalem,
1598 924 1652 956 24,
1671 924 1719 950 13.

1037 963 1153 993 Nolani
1177 964 1291 993 milites
1313 967 1423 992 tenent
1439 973 1509 993 cum
1525 963 1720 992 Samnitibus

1079 1008 1271 1046 Palaepolim,
1287 1011 1318 1043 8,
1333 1011 1384 1035 23.
1401 1011 1432 1035 et
1447 1011 1498 1036 25.
1516 1007 1591 1036 urbe
1604 1007 1720 1037 Roma·

1079 1050 1128 1079 nis
1143 1051 1269 1085 tradita,
1286 1050 1450 1087 effugiunt,
1463 1052 1514 1079 26.

1038 1093 1179 1123 Nolanus
1197 1103 1280 1133 ager,
1298 1098 1352 1130 23,
1373 1097 1420 1122 14.

1036 1136 1164 1171 Noliba,
1181 1136 1331 1176 oppidum
1348 1137 1524 1175 Hispaniae,
1539 1142 1594 1173 35,
1613 1140 1666 1165 22.

1036 1180 1169 1209 Nomen.
1215 1180 1263 1209 Ad
1280 1180 1416 1209 Nomina
1431 1181 1485 1218 qui
1507 1189 1570 1209 non
1593 1187 1720 1217 respon-

1079 1223 1210 1258 dissent,
1229 1223 1323 1261 virgis
1340 1223 1424 1259 caesi,
1444 1229 1477 1260 7,
1496 1227 1527 1252 4.

1038 1265 1184 1295 Nominis
1194 1275 1277 1295 error
1287 1266 1386 1295 fraudi
1395 1266 1718 1302 estAnnibali,22,13.

1037 1309 1238 1339 Nomentana
1254 1309 1316 1345 via,
1329 1309 1403 1338 olim
1412 1309 1620 1345 Ficulnensis,
1633 1312 1720 1346 3,52.

1038 1351 1232 1381 Nomentani
1249 1352 1281 1380 in
1295 1352 1454 1382 civitatem
1472 1352 1603 1390 accepti.
1623 1356 1654 1387 8,
1672 1355 1719 1379 14.

1038 1395 1243 1428 Nomentum,
1255 1395 1416 1434 oppidum,
1429 1405 1446 1424 a
1456 1395 1627 1433 Tarquinio
1637 1394 1720 1423 Pris-

1081 1447 1117 1467 co
1131 1443 1270 1476 captum,
1292 1443 1318 1471 l,
1336 1443 1388 1467 38.
1399 1439 1459 1468 vid.
1472 1442 1498 1468 et
1515 1443 1547 1475 4,
1561 1442 1612 1467 22.
1628 1441 1656 1467 et
1668 1442 1720 1467 32.

1040 1482 1141 1511 Nonae
1158 1482 1246 1515 Maii,
1264 1486 1320 1518 41,
1338 1486 1391 1511 20.

1040 1525 1140 1554 Nonae
1158 1524 1332 1561 Quintiles,
1347 1529 1401 1562 27,
1421 1529 1472 1554 23.

1039 1568 1139 1597 Nonae
1156 1568 1299 1603 Sextiles,
1316 1572 1370 1605 41,
1389 1572 1440 1596 20.

1039 1612 1078 1640 A.
1092 1612 1215 1640 Nonius
1230 1611 1364 1647 occisus,
1380 1611 1465 1649 Epit.
1483 1612 1536 1642 69.

1039 1655 1160 1690 Norba,
1177 1655 1298 1684 colonia
1313 1655 1539 1690 Romanorum,
1553 1658 1585 1691 2,
1600 1658 1652 1683 34.
1664 1658 1719 1688 32,

1082 1702 1111 1726 2.
1128 1707 1199 1734 eam·
1211 1698 1316 1727 subita
1330 1697 1508 1727 incursione
1529 1696 1720 1736 depopulan-

1081 1745 1134 1769 tur
1143 1742 1348 1776 Privernates,
1366 1745 1397 1775 7,
1414 1745 1467 1770 42.

1040 1784 1179 1813 Norbani
1191 1785 1342 1813 nunciant
1350 1782 1720 1813 defectionemPriverna-

1082 1827 1174 1863 tium,
1188 1831 1219 1864 Β,
1240 1832 1265 1855 1.
1275 1837 1292 1856 a
1308 1827 1423 1866 populo
1433 1827 1576 1856 Romano
1591 1826 1722 1855 laudan-

1082 1874 1134 1899 tur
1156 1871 1196 1900 ob
1219 1873 1415 1900 constantem
1438 1870 1470 1899 in
1498 1869 1719 1908 rempublicam

1082 1913 1186 1949 fidem,
1204 1917 1258 1950 27,
1279 1917 1327 1942 10.

1040 1954 1210 1985 Norbanus
1225 1966 1308 1995 ager,
1323 1960 1354 1992 8,
1374 1960 1420 1986 19.

1042 1999 1100 2028 Cn.
1118 1999 1299 2036 Norbanus,
1326 2008 1345 2028 a
1368 1999 1454 2027 Sulla
1481 1997 1591 2036 proelio
1606 1998 1718 2031 victus,

1084 2043 1168 2080 Epit.
1187 2046 1235 2071 85.
1252 2042 1442 2082 proscriptus
1465 2042 1530 2081 ipse
1547 2050 1578 2070 se
1593 2041 1718 2076 occidit,

1085 2085 1172 2123 Epit.
1183 2090 1234 2116 89.

1044 2127 1169 2165 Nortia,
1184 2129 1315 2158 Etrusca
1325 2129 1402 2159 Dea,
1417 2132 1448 2164 7,
1466 2132 1495 2156 3.

1042 2171 1136 2201 Notae
1169 2172 1328 2207 censoriae,
1355 2174 1409 2206 27,
1438 2174 1487 2200 11.
1511 2173 1566 2207 39,
1582 2174 1632 2199 42.
1656 2170 1718 2199 vid.

1087 2216 1219 2251 Censor,
1237 2219 1267 2244 et
1291 2216 1445 2243 Censura.

1043 2257 1186 2290 Notium,
1199 2255 1593 2296 oppidumColophouium,
1608 2258 1720 2292 37,26.

1086 2305 1141 2337 38,
1157 2305 1208 2331 39.

1042 2344 1133 2373 Nova
1148 2344 1316 2382 Carthago,
1333 2347 1384 2372 28.
1405 2347 1454 2373 17.
1468 2341 1531 2370 vid.
1553 2341 1717 2377 Carthago.

1042 2388 1139 2416 Novae
1155 2387 1304 2422 tabernae,
1322 2390 1355 2422 3,
1371 2390 1423 2415 48.

1042 2430 1234 2459 Novendiale
1249 2438 1367 2458 sacrum
1391 2427 1512 2466 publice
1527 2429 1716 2464 susceptum,

1089 2477 1181 2509 1,31.
1197 2477 1251 2508 21,
1267 2474 1318 2501 62.
1335 2475 1388 2506 23,
1405 2475 1459 2499 31.
1476 2472 1530 2505 25,
1548 2473 1579 2499 7.
1594 2472 1647 2505 26,
1665 2474 1717 2499 23.

1085 2520 1137 2552 27,
1149 2521 1202 2546 37.
1213 2520 1266 2551 29,
1281 2518 1396 2549 14.30,
1409 2517 1460 2542 38.
1478 2516 1532 2547 34,
1546 2515 1597 2540 45.
1614 2517 1669 2550 35,
1687 2517 1716 2543 9.

1083 2561 1137 2595 36,
1154 2563 1205 2589 37.
1221 2562 1276 2593 38,
1288 2559 1340 2586 36.
1355 2561 1410 2591 39,
1426 2559 1475 2584 22.
1492 2559 1612 2589 44,18.

1040 2602 1223 2630 Novensiles
1238 2600 1324 2635 Divi,
1342 2603 1372 2635 8,
1388 2603 1417 2629 9.

1040 2645 1160 2673 Novius
1173 2644 1330 2678 Calavius,
1344 2642 1404 2670 vid.
1422 2641 1576 2670 Calavius.

1040 2687 1111 2717 Nox
1132 2687 1274 2725 proelium
1290 2685 1419 2719 dirimit,
1438 2689 1471 2721 4,
1488 2688 1538 2714 39.
1556 2688 1589 2720 9,
1614 2687 1664 2711 23.
1689 2687 1718 2711 et

1082 2734 1136 2758 32.
1158 2733 1206 2763 lo,
1227 2733 1273 2758 12.
1292 2732 1344 2763 21,
1363 2732 1412 2758 59.
1427 2727 1588 2756 victoriam
1604 2725 1714 2761 magis,

1084 2781 1174 2810 qnam
1192 2773 1350 2810 proelium,
1364 2771 1494 2807 dirimit,
1512 2774 1544 2805 7,
1558 2773 1611 2800 33.
1634 2768 1716 2800 inter

1084 2820 1206 2845 noctem
1219 2816 1272 2845 lux
1288 2818 1369 2853 orta,
1382 2818 1437 2853 32,
1454 2818 1506 2845 29.
