1831 3174
409 307 470 359 T.
513 307 732 361 LIVII
793 308 1203 362 PATAVINI

246 454 1360 524 HISTORIARUM

467 593 554 633 AB
605 594 788 634 URBE
841 594 1154 636 CONDITA

662 715 939 764 LIBRI.

672 848 924 874 ..ψ-

517 962 759 999 ΕΡΙΤΟΜΕ
797 962 941 1000 LIBRI
980 963 1082 999 XLI.

91 1015 274 1070 IGNIS
287 1026 430 1067 incede
449 1026 489 1066 V
484 1032 578 1067 estoe
593 1028 808 1067 exstinctus
822 1033 891 1067 est.
945 1027 1009 1067 Ti.
1026 1027 1282 1080 Sempronius
1301 1027 1507 1072 Gracchus

82 1085 296 1140 proconsul
313 1084 529 1127 Celtiberos
548 1085 670 1124 victos
690 1085 732 1124 in
748 1085 990 1125 deditionem
1011 1085 1175 1137 accepit,
1197 1093 1506 1128 monumentum-

90 1158 165 1198 que
184 1156 342 1196 operum
363 1155 535 1190 suorum,
561 1141 820 1182 Gracchurim
841 1143 1029 1195 oppidum
1052 1143 1095 1182 in
1129 1142 1341 1195 Hispania
1361 1147 1506 1186 consti-

88 1202 184 1242 tuit.
241 1202 301 1241 Et
333 1214 359 1239 a
390 1199 591 1240 Postumio
623 1199 771 1239 Albino
794 1199 1026 1251 proconsule
1054 1199 1208 1239 Vaccaei
1237 1214 1286 1240 ac
1317 1200 1508 1243 Lusitani

88 1258 247 1299 :abacti
265 1263 371 1298 sunt.
394 1256 578 1310 1uterque
596 1256 868 1309 triumphavit.
928 1257 1164 1306 Antiochus,
1183 1258 1371 1299 Antiochi
1370 1260 1505 1312 filius,

86 1316 193 1356 obses
213 1314 412 1356 Romanis
432 1328 458 1353 a
472 1320 595 1366 patre
613 1314 744 1362 datus,
767 1320 921 1354 mortuo
935 1314 1084 1368 fratre
1106 1314 1279 1363 Seleuco,
1302 1317 1372 1369 qui
1382 1319 1508 1370 patri

85 1374 272 1427 defuncto
289 1377 539 1419 successerat,
560 1371 600 1410 in
621 1385 779 1424 regnum
799 1372 931 1425 Syriae
951 1371 1001 1411 ab
1020 1371 1117 1412 urbe
1142 1373 1339 1413 dimissus.
1400 1374 1506 1416 Lus-

85 1437 189 1471 tri-m
209 1445 236 1470 a
256 1428 474 1470 censoribus
504 1429 701 1468 conditum
723 1435 794 1469 est.
821 1443 934 1469 censa
965 1435 1053 1469 sunt
1083 1429 1230 1468 civium
1260 1429 1399 1482 capita
1431 1433 1505 1472 du-

83 1495 198 1528 centa
230 1487 446 1539 sexaginta
467 1486 551 1525 tria
572 1486 704 1525 millia
735 1486 902 1524 ducenta
929 1486 1154 1539 nonaginta
1187 1492 1368 1539 quatuor.
1426 1487 1502 1537 ΞΩ.

90 1545 283 1585 Voconius
313 1544 423 1584 Saxa
455 1542 633 1583 tribunus
658 1542 789 1594 plebis
816 1543 939 1596 legem
968 1543 1078 1592 tulit,
1108 1557 1159 1582 ne
1188 1544 1278 1596 quis
1309 1544 1501 1587 hoeredem

83 1603 163 1642 mul
171 1603 281 1642 {erem
308 1600 546 1640 institueret.
567 1600 690 1640 suasit
716 1599 835 1653 Iegem
870 1600 928 1640 M
927 1629 936 1638 .
956 1600 1074 1640 Cato.
1096 1606 1225 1640 eoestat
1254 1601 1384 1641 oratio
1402 1602 1499 1656 ejus.

82 1661 291 1701 Pro-terea
321 1671 386 1698 res
415 1662 557 1697 contra
586 1657 779 1711 Ligures,
800 1657 941 1704 Istros,
964 1656 1129 1706 Sardos,
1152 1663 1190 1697 et
1213 1657 1450 1709 Celtiberos,
1472 1676 1498 1701 a

81 1716 347 1769 compluribus
367 1714 527 1755 ducibus
543 1728 734 1767 prospere
752 1719 902 1767 gestas,
924 1719 962 1754 et
983 1714 1102 1754 initia
1123 1714 1217 1754 belli
1235 1716 1497 1759 Macedonici

78 1775 266 1823 con-tinet,
303 1773 409 1827 quod
442 1772 631 1820 Perseus,
666 1771 852 1824 Philippi
870 1771 1007 1824 filius,
1044 1771 1296 1814 moliebatur.
1335 1774 1497 1816 miserat

81 1832 180 1873 enim
215 1832 271 1872 ad
300 1829 668 1883 Karthaginienses
697 1829 950 1883 legationem,
983 1834 1021 1868 et
1052 1828 1103 1868 ab
1131 1829 1181 1869 iis
1209 1836 1321 1870 nocte
1351 1833 1493 1873 audita

77 1895 189 1930 erat.-
231 1889 302 1929 sed
329 1893 366 1928 et
397 1888 506 1927 alias
530 1886 696 1926 Graecz‘ae
724 1886 907 1927 civitates
934 1886 1193 1927 sollicitabat.
1225 1888 1296 1941 qui
1325 1886 1494 1941 ³proeter

75 1946 321 2001 religionem,
351 1945 458 1999 quod
496 1958 613 1999 quam
643 1945 767 1984 multa
804 1943 950 1996 templa
990 1943 1204 1998 magnifica
1232 1946 1373 1986 multis
1399 1947 1495 1988 locis

76 2005 211 2052 erexit,
236 2003 405 2044 Athenis
431 2003 546 2045 Jovis
570 2001 763 2056 Olympii,
784 1999 844 2042 4et
864 2000 1094 2042 Antiochioe
1115 2002 1359 2056 Capitolini,
1378 2005 1490 2045 vilis-

67 2062 201 2103 simum
222 2074 351 2115 regem
371 2060 470 2115 egit.

119 2177 132 2206 1
164 2175 289 2216 Uterque
318 2175 524 2215 triumphavit]
580 2174 686 2206 Antea
711 2174 755 2206 le·
800 2186 877 2211 nem,
909 2176 983 2214 quod
1003 2185 1090 2214 quam
1113 2175 1209 2204 multa
1235 2175 1341 2213 templa
1369 2179 1484 2217 magni·

75 2220 204 2260 gebatur
233 2221 268 2249 de
290 2220 419 2258 utrisque
445 2218 657 2257 triumphavit.-
695 2229 757 2259 quo
790 2218 857 2258 fica
889 2218 989 2248 multis
1019 2218 1086 2248 locis
1115 2219 1215 2253 erexit,
1247 2218 1378 2254 Athenis,
1407 2219 1487 2250 Jovis

76 2261 219 2298 admisso,
250 2261 390 2292 sileretur
416 2260 455 2291 de
478 2260 633 2302 triumpho
656 2261 755 2292 Grac·
802 2261 942 2301 Olympii,
979 2266 1007 2290 et
1032 2260 1205 2296 Antiochiae,
1239 2259 1408 2299 Capitolini,
1438 2264 1484 2292 vi-

75 2305 136 2336 ehi.
190 2304 377 2335 Emendavit
399 2303 541 2345 Sigonius
564 2314 601 2334 ex
617 2309 679 2335 vet.
701 2304 755 2334 lib.
800 2304 938 2334 tissimum
959 2313 1055 2345 regem
1081 2304 1159 2344 egit.‘
1210 2302 1323 2344 Itaque
1345 2302 1414 2335 haec
1444 2305 1484 2336 ad

75 2352 106 2378 et
120 2347 208 2379 Livio
222 2347 312 2383 infra,
329 2358 358 2378 c,
368 2348 397 2377 7.
443 2346 606 2378 Consentit
619 2347 755 2389 Campa·
799 2347 916 2377 Persen
941 2346 1165 2381 referebantur,
1188 2356 1260 2386 quae
1280 2351 1387 2377 tamen
1408 2357 1482 2378 con-

74 2401 141 2423 nus.
798 2394 861 2420 stat
883 2400 921 2420 ex
941 2388 1072 2430 Polybio
1094 2394 1126 2420 et
1148 2387 1287 2419 Diodoro
1310 2388 1350 2419 ad
1369 2389 1481 2421 Antio-

116 2435 135 2464 2
161 2434 198 2468 Q.
225 2433 377 2474 Voconius]
410 2434 507 2464 Suum
529 2442 652 2474 quoque
683 2432 756 2463 huic
799 2432 892 2463 chum
914 2431 1079 2474 pertinere.
1138 2432 1245 2469 Quum
1266 2430 1359 2472 igitur
1381 2433 1481 2463 mani-

73 2476 195 2508 tribuno
218 2476 351 2507 restituit
373 2487 485 2507 nomen
508 2476 661 2517 Sigonius.
707 2476 751 2506 Ο-
796 2474 908 2506 festum
922 2474 1033 2506 vitium
1048 2479 1139 2510 esset,
1163 2473 1320 2505 Gronovio
1341 2475 1480 2506 obsecuti

71 2520 137 2555 lim,
163 2520 200 2554 Q.
216 2519 396 2550 Volumnius.
796 2528 913 2554 sumus,
929 2517 983 2559 qui
997 2516 1174 2560 reponendo
1189 2516 1221 2547 in
1236 2516 1374 2548 ordinem
1389 2528 1479 2548 suum

128 2563 147 2592 3
187 2563 302 2593 Praeter·
343 2563 521 2604 religionem,
557 2573 614 2601 qua
656 2561 751 2591 multa
797 2560 879 2592 male
911 2560 1057 2601 trajectas
1082 2569 1175 2591 voces
1207 2570 1279 2591 cum
1314 2559 1478 2591 levissimis

70 2606 175 2643 templa
198 2628 206 2636 .
231 2628 239 2636 .
262 2627 271 2636 .
296 2607 460 2636 vilissimum
474 2616 569 2646 regem
584 2602 658 2645 egit]
688 2603 750 2634 Hic
793 2603 1017 2634 mutationibus
1038 2603 1142 2634 locum
1157 2602 1290 2639 sanavit,
1314 2608 1367 2633 aut
1393 2608 1475 2633 certe

71 2648 238 2687 sequimur,
278 2654 346 2689 post
388 2647 557 2683 Clericum,
602 2646 751 2678 Gronovii
794 2646 834 2677 ad
849 2646 982 2677 historiae
997 2646 1160 2677 veritatem
1174 2644 1340 2677 revocavit.

72 2694 218 2721 mentem.
261 2691 365 2722 Antea
388 2691 471 2722 enim
493 2691 560 2720 haec
584 2689 688 2720 omnia
711 2689 751 2720 ad
837 2690 857 2718 4
882 2689 921 2719 Et
946 2690 1118 2725 Antiochiae,
1143 2688 1316 2728 Capitolini]
1354 2687 1473 2718 Vocem

70 2732 164 2762 totius
187 2733 333 2774 epitomes
359 2734 452 2765 finem
478 2733 694 2764 attexebantur
716 2732 748 2762 in
791 2730 931 2762 ultimam
949 2731 1063 2773 adjecit
1085 2731 1229 2772 Sigonius
1248 2741 1285 2760 ex
1302 2729 1401 2766 Livio,
1424 2730 1471 2761 in—

71 2774 152 2804 hunc
175 2775 316 2807 modum:
332 2794 333 2798 =
348 2779 395 2808 sed
413 2784 441 2807 et
462 2777 535 2807 alias
559 2775 684 2805 Graecioe
706 2777 747 2805 ci·
792 2775 848 2810 fra,
873 2775 966 2806 c.20.

71 2820 169 2848 ivitates
194 2819 380 2850 sollicitabat.-
417 2821 476 2859 qui.
500 2825 609 2859 proeter
631 2819 747 2859 religio-

124 2874 217 2901 VOL·
243 2875 296 2903 lv.
832 2874 858 2900 B
