1831 3194
496 100 615 138 LIB.
645 98 798 136 XLIII.
842 97 974 133 CAP.
1007 96 1117 132 XXI.
1443 102 1512 133 115

158 210 266 251 XX.
300 211 375 260 Hi,
408 219 503 251 tran
554 208 652 250 ressi
682 209 835 264 jugum
871 205 1016 248 Scordi
1048 204 1214 253 montis,
1247 218 1320 259 por
1356 204 1408 244 Ill
1440 206 1511 247 rici
1529 212 1705 244 U.C.58:3.

96 266 356 317 solitudines,
387 282 491 322 quas
505 225 576 307 §ge
608 264 814 306 industria
848 262 1089 320 populando
1124 261 1376 302 Macedones
1410 221 1513 302 l'lcce-
1526 255 1565 286 Α·
1581 256 1616 286 C·
1634 256 1705 285 169.

99 331 209 372 rant,
231 340 282 365 ne
312 323 510 365 transitus
539 322 679 363 faciles
701 320 910 362 Dardanis
942 320 983 361 in
1016 317 1234 374 Illyricum
1267 326 1341 358 aut
1374 319 1514 359 Macc-

99 379 265 422 doniam
287 389 435 430 essent,
461 380 657 421 Scodram
688 379 828 419 labore
849 376 1004 432 ingenti
1027 375 1193 417 tandem
1222 386 1512 430 pervenerunt.

104 436 211 478 Lissi
243 452 314 478 rex
338 437 517 478 Gentius
545 444 643 477 crat.
676 452 724 477 eo
756 434 882 476 adciti
916 433 1056 489 legati,
1079 432 1275 473 mandata
1309 447 1515 487 exponen-
1529 442 1662 471 Gonnus

100 501 176 543 tes,
198 494 377 550 benigne
412 493 545 535 auditi
579 501 699 534 sunt:
733 492 806 548 qui
838 488 1082 546 responsum
1115 489 1200 530 sine
1230 488 1381 529 effectu
1412 489 1517 529 tulc-
1530 485 1691 543 1“'¹J¹¹,¹¹i‘=¹¹¹'

99 559 221 591 runt:
260 551 514 592 Voluntatem
530 551 610 592 sihi
629 564 708 590 non
729 552 859 590 deesse
878 549 935 588 ad
953 548 1179 588 bellandum
1192 561 1276 596 ,cum
1291 546 1490 586 Romanis
1504 565 1515 586 .·
1530 534 1636 570 ¹'⁰³'‘'¹¹'

98 614 267 648 ceterum
288 610 345 648 ad
362 609 584 649 conandum
607 609 663 657 id,
687 608 793 661 quod
819 607 929 654 velit,
950 605 1161 656 pecuniam
1181 598 1354 644 n'eaoeime
1373 604 1518 646 deesse.

102 665 208 705 Haec
232 666 453 707 Stuberam
478 665 656 707 retulere
681 664 784 720 regi,
806 672 898 705 tum
927 662 1106 703 maxime
1135 661 1321 717 captivos
1341 676 1391 701 cx
1417 661 1519 718 Illy-

101 721 187 762 rico
219 723 427 764 vendenti.
489 722 717 778 Extemplo
749 720 873 761 iidem
909 719 1050 776 legati,
1082 718 1226 759 addito
1259 717 1437 758 Glaucia
1466 733 1517 758 ex

101 793 275 820 numero
305 780 528 821 custodum
558 778 756 835 corporis,
787 777 1061 819 remittuntur
1093 775 1178 816 sine
1212 774 1417 815 mentione
1449 790 1519 830 pe-

99 835 252 886 cuniae,
283 852 368 892 qua
397 853 480 878 una
514 837 718 877 barbarus
747 835 867 891 inops
897 833 1039 890 inpelli
1068 832 1123 874 ad
1153 831 1310 873 bellum
1340 839 1517 887 poterat.

103 893 317 949 Ancyram
347 894 444 935 inde
473 909 527 950 po
561 893 701 934 ulatus
732 894 923 941 Perseus,
953 890 995 931 in
1027 891 1224 931 Penestas
1252 904 1418 929 rursum
1451 904 1520 929 ex-

103 949 279 991 ercitum
309 951 495 992 reducit:
559 949 786 1005 rmatisque
808 949 1002 997 Uscanae,
1023 956 1065 988 et
1090 946 1198 988 cirea
1222 961 1311 986 eam
1341 961 1415 1001 per
1435 961 1521 986 om-

103 1006 172 1047 nia
203 1007 385 1059 castella,
411 1023 507 1064 quae
537 1014 762 1063 receperat,
793 1004 1013 1062 praesidiis,
1041 1004 1083 1044 in
1114 1002 1405 1044 Macedoniam
1436 1017 1521 1044 sese

103 1063 262 1119 recipit.

163 1121 301 1161 XXI.
335 1122 386 1162 L.
420 1122 593 1172 Coelius,
631 1121 795 1178 legatus
831 1121 1062 1169 Romanus,
1102 1125 1280 1175 praeerat
1323 1116 1735 1173 Illyricozssesgfssstaea

103 1177 193 1241 qui,
207 1178 363 1219 moveri
380 1194 462 1220 non
478 1194 618 1229 ausus,
634 1194 766 1234 quum
787 1178 830 1218 in
846 1178 894 1219 iis
915 1177 1014 1218 locis
1029 1191 1102 1217 rex
1120 1183 1240 1225 esset,
1254 1182 1349 1230 post
1364 1174 1524 1230 profec-
1536 1167 1629 1240 {³9⁸¹-
1645 1177 1677 1196 ¹¹¹
1692 1166 1733 1196 11<

105 1243 260 1276 tionem
288 1235 457 1277 demum
487 1237 578 1292 ejus
609 1244 780 1277 conatus
810 1235 852 1275 in
875 1233 1062 1275 Penestis
1084 1233 1293 1274 Uscanam
1326 1230 1406 1271 reci
1441 1246 1523 1281 ere,
1547 1223 1567 1252 y
1570 1221 1640 1241 ‘¹⁰⁰'

104 1307 130 1333 a
158 1291 368 1348 praesidio,
390 1293 506 1348 quod
536 1293 593 1334 ibi
616 1292 900 1334 Macedonum
931 1298 1035 1341 erat,
1056 1305 1152 1331 cum
1181 1288 1325 1330 multis
1345 1246 1525 1329 vulliieri-

105 1349 185 1390 bus
217 1349 424 1405 repulsus,
457 1349 729 1406 Lychnidum
758 1349 898 1405 copias
927 1347 1109 1389 reduxit.
1172 1345 1279 1387 Inde
1313 1353 1407 1401 post
1438 1344 1526 1385 dies

106 1420 261 1469 paucos
290 1407 353 1447 M.
378 1406 639 1447 Trebellium
661 1405 957 1462 Fregellanum
986 1419 1083 1445 cum
1110 1403 1212 1445 satis
1231 1402 1371 1443 valida
1399 1417 1525 1442 manu

106 1477 150 1504 ln
173 1464 371 1504 Penestas
400 1463 512 1504 misit
532 1463 587 1504 ad
615 1463 780 1504 obsides
804 1463 857 1503 ab
884 1461 948 1502 his
978 1460 1169 1509 urbibus,
1192 1474 1288 1515 quae
1317 1458 1359 1498 in
1389 1457 1528 1498 amici-

106 1519 166 1560 tia
197 1534 293 1561 cum
325 1520 408 1561 fide
442 1527 769 1583 permanserant,
803 1517 1075 1574 accipiendos.
1137 1516 1368 1557 Procedere
1400 1515 1526 1555 etiam

106 1576 150 1617 in
173 1576 395 1618 Parthinos
418 1575 463 1628 (ii
486 1591 656 1632 quoque
683 1575 848 1617 obsides
869 1574 968 1615 dare
998 1573 1263 1630 pepigerant)
1290 1571 1441 1628 jussit:
1473 1572 1527 1612 ab

108 1641 205 1674 utra
237 1649 289 1673 ue
323 1641 448 1689 gente
483 1633 513 1656 ¹¹
529 1633 614 1674 sine
649 1632 838 1674 tumultu
871 1631 994 1687 exigi.
1056 1631 1330 1670 Penestarum
1364 1628 1528 1669 obsides

109 1690 224 1746 Apol
242 1690 393 1740 oniam,
410 1690 709 1732 Parthinorum
729 1688 762 1712 ¹²
770 1687 1054 1745 Dyrrachium
1073 1686 1184 1739 (tum
1201 1685 1429 1742 Epidamni
1444 1701 1529 1726 ma-

108 1746 172 1803 gis
208 1746 367 1788 celebre
402 1762 552 1788 nomen
584 1746 743 1788 Graecis
778 1748 886 1801 erat)
914 1744 1039 1786 missi.
1101 1745 1186 1799 Ap.
1218 1742 1436 1793 Claudius,
1465 1757 1529 1783 ac-

108 1811 273 1860 ceptam
302 1803 346 1844 in
368 1803 540 1860 Illyrico
569 1803 838 1860 ignominiam
859 1802 1064 1858 corrigere
1089 1799 1274 1856 cupiens,
1298 1799 1530 1840 Phanotem

111 1860 233 1916 Epiri
262 1860 477 1902 castellum
507 1861 680 1902 adortus
709 1861 969 1916 obpugnare,
991 1866 1034 1899 et
1063 1857 1220 1899 auxilia
1240 1856 1530 1898 Athamanum

114 1918 550 1974 Thesprotorumque,
572 1926 725 1974 praeter
747 1919 987 1958 Romanum
1007 1913 1252 1965 exereitum,
1274 1913 1328 1954 ad
1350 1928 1420 1954 sex
1441 1912 1532 1953 mil-

113 1975 171 2016 lia
203 1974 420 2015 hominum
456 1990 595 2016 secum
624 1974 828 2016 adduxit:
869 1988 1005 2029 neque
1035 1986 1174 2027 operae
1205 1970 1388 2027 pretium
1417 1969 1531 2020 fecit,

117 2031 259 2082 Cleva,
282 2031 356 2087 qui
388 2031 558 2073 relictus
587 2047 612 2073 a
639 2033 792 2072 Perseo
821 2038 924 2080 erat,
946 2044 1042 2071 cum
1072 2028 1211 2069 valido
1240 2026 1434 2084 praesidio
1464 2026 1534 2067 de-
1580 2065 1587 2071 ,

115 2087 323 2129 fendente.
386 2089 445 2130 Et
487 2090 677 2138 Perseus,
708 2087 742 2112 ¹³
754 2088 796 2130 in
837 2087 1042 2129 Elimeam
1082 2085 1310 2142 profectus,
1346 2091 1387 2125 et
1427 2083 1535 2124 circa

115 2161 206 2186 eam
242 2144 426 2186 exercitu
461 2145 652 2196 lustrato,
679 2145 711 2169 ¹⁴¹
724 2145 777 2186 ad
815 2146 1018 2193 Stratum,
1049 2141 1295 2183 vocantibus
1331 2139 1533 2196 Epirotis,
1548 2148 1677 2178 Perseus
1694 2147 1734 2194 ad

113 2202 246 2244 ducit.
310 2202 477 2243 Stratus
506 2202 759 2243 validissima
788 2210 880 2242 tum
909 2200 1010 2241 urbs
1036 2198 1207 2240 AEtoliae
1232 2206 1332 2239 erat.
1365 2197 1444 2238 sita
1474 2205 1535 2238 est
1546 2194 1732 2224 stratumxt.

163 2405 202 2435 ll
227 2404 295 2434 Sine
316 2405 447 2435 tumultu
469 2406 561 2447 exig-i]
600 2404 708 2436 Placet
734 2414 806 2435 con-
872 2401 940 2433 ione
968 2401 1041 2431 urbs
1069 2406 1114 2431 est
1144 2400 1268 2441 Elyma,
1297 2399 1360 2430 sive
1388 2399 1538 2442 Elymaea.

116 2447 238 2489 jectura
253 2447 411 2483 Gronovii,
428 2450 530 2478 exacti.
850 2413 963 2486 Itaque
984 2443 1150 2485 legendum
1171 2448 1218 2473 est
1238 2443 1303 2473 sine
1328 2442 1540 2485 praepositione

165 2491 204 2520 12
229 2491 430 2531 Dyrrachium
446 2491 526 2530 (tum
543 2490 701 2530 Epidamni
718 2491 811 2529 magis
854 2488 1019 2528 Elymoeam
1047 2487 1204 2529 prqfectus,
1233 2486 1282 2517 vel
1309 2488 1347 2516 ad
1377 2486 1541 2526 Elymoeum

122 2534 228 2564 celebre
243 2534 359 2575 nomen]
385 2533 513 2575 Duplici
526 2533 650 2564 nomine
671 2532 744 2563 urbs
757 2532 812 2562 illa
850 2531 1007 2573 prefectus.

127 2576 328 2615 Dyrrachium
361 2583 391 2607 et
420 2577 602 2616 Epidamnus
634 2575 812 2607 vocabatur.
901 2574 940 2604 14
963 2576 1009 2604 Ad
1038 2573 1171 2602 Stratum
1202 2574 1369 2602 ‘vocantibus
1399 2569 1540 2610 Epirotis]

125 2617 232 2658 Magis
256 2619 376 2650 celebre
401 2624 467 2650 tum
489 2625 554 2651 erat
580 2619 664 2661 apud
688 2619 813 2650 Graecos
857 2617 904 2647 Ex
930 2616 968 2646 iis
995 2626 1064 2657 quae
1090 2621 1269 2655 sequuntur,
1296 2614 1415 2645 videtur
1440 2614 1543 2652 legen-

128 2660 285 2699 Epidamni
299 2672 421 2692 nomen.
857 2658 932 2690 dum
973 2669 1040 2690 esse
1083 2658 1184 2700 potius
1220 2659 1333 2688 AEtolis.
1399 2656 1545 2694 Namque

171 2703 211 2733 13
234 2704 273 2734 In
305 2705 464 2745 Elymoeam
496 2705 654 2746 profectas,
682 2711 709 2735 et
737 2706 815 2734 circa
858 2703 977 2732 Stratus
1005 2701 1077 2732 urbs
1098 2701 1216 2731 AEtolioe
1243 2705 1306 2731 est:
1337 2697 1466 2728 traditur
1492 2707 1546 2737 per

128 2757 190 2775 eam
218 2748 344 2777 exercitu
369 2748 506 2788 lustrato]
545 2748 639 2785 Quod
666 2747 714 2778 hic
740 2746 816 2777 dici-
860 2744 1084 2776 Archidamum
1142 2743 1309 2784 principem
1365 2741 1547 2770 AEtolorum:

128 2793 178 2818 tur
194 2787 232 2819 de
253 2789 387 2820 exercitu
408 2790 489 2821 circa
512 2791 684 2832 Elymaeam
706 2790 817 2820 lustra-
860 2787 994 2829 denique
1020 2798 1072 2818 rex
1099 2786 1151 2816 ubi
1179 2785 1218 2816 ad
1244 2786 1381 2814 Stratum
1409 2781 1546 2817 accessit,

129 2835 161 2860 to
196 2831 304 2861 melius
338 2833 513 2863 conveniret
541 2833 619 2869 urbi,
649 2843 743 2873 quam
772 2843 818 2863 re·
861 2835 1020 2872 exspectat
1046 2828 1158 2860 effusos
1183 2826 1324 2857 omnibus
1349 2826 1443 2870 portis
1465 2826 1547 2856 AElo-

132 2872 226 2913 gioni.
272 2874 312 2904 Et
348 2884 451 2906 revera
486 2876 518 2906 in
550 2875 736 2918 Elymiotizle
772 2885 818 2908 re·
863 2874 946 2905 losin
960 2872 1052 2904 fidem
1068 2881 1154 2902 suam
1168 2876 1321 2902 venturos·

913 2920 976 2956 12
