1831 3174
152 217 193 249 U.
204 217 242 248 C.
258 217 331 249 575.

149 260 189 291 Α.
204 260 240 290 C.
259 260 327 291 177.
362 266 369 272 '

314 760 315 763 ,
358 735 441 776 que
464 720 589 761 Istria
609 720 797 763 decretae.

150 786 323 816 Exercitus.

150 1244 302 1285 Prodigia.

364 105 412 138 10
886 103 920 141 T
934 105 950 142 I
965 103 1030 142 TI
1079 104 1113 143 L
1128 106 1144 143 1
1158 106 1190 142 V
1202 107 1220 144 1
1234 108 1252 144 I

360 208 655 265 relinquerent,
678 217 748 252 ut⁰
767 211 875 253 cives
896 213 1074 255 Romani
1104 215 1270 256 fiebant.
1331 217 1495 265 Postea,
1516 216 1580 258 his
1608 232 1776 273 quoque

361 266 610 321 imaginibus
633 267 741 324 juris
771 268 934 323 spretis,
955 271 1187 325 promiscue
1217 272 1301 313 sine
1330 272 1435 328 lege,
1458 272 1542 313 sine
1573 273 1713 329 stirpe,
1735 274 1776 315 in

361 322 572 364 civitatem
594 324 826 364 Romanam
856 340 930 381 per
959 326 1245 383 migrationem
1275 337 1316 370 et
1346 345 1513 370 censum
1535 330 1774 371 transibant.

364 380 468 420 Hoec
488 394 539 421 ne
549 387 697 433 postea
705 381 870 432 fierent,
887 384 1084 438 petebant
1106 384 1246 441 legati,
1263 392 1301 426 et
1321 393 1364 426 ut
1385 388 1520 427 redire
1534 387 1577 427 in
1597 387 1779 428 civitates

346 435 538 490 juberent
555 437 677 478 socios
683 460 697 484 ;
732 438 876 479 deinde
893 446 937 480 ut
957 441 1047 494 lege
1066 449 1264 491 caverent,
1285 442 1319 466 ³⁸
1327 458 1373 483 ηε
1394 445 1483 497 quis
1503 458 1613 498 quem
1635 444 1777 485 eivita-

359 495 416 534 τίς
444 495 646 549 mutandae
674 508 814 535 caussa
843 510 952 537 suum
972 497 1142 549 faceret,
1165 514 1262 540 neve
1289 500 1509 541 alienaret:
1557 508 1605 550 et,
1627 502 1665 542 si
1691 502 1780 554 quis

361 551 421 590 ita
444 551 540 591 civis
571 552 781 593 Romanus
798 551 938 605 factus
970 562 1071 596 esset
1089 555 1207 597 ³⁹**.
1270 558 1376 598 Haec
1406 557 1627 613 impetrata
1646 558 1699 599 ab
1720 573 1780 598 se-

360 615 474 648 natu.

417 664 502 704 IX.
536 664 766 706 Provinciae
798 665 960 717 deinde,
994 683 1089 723 quae
1120 669 1162 710 in
1193 670 1302 711 bello
1333 678 1465 721 erant,
1501 671 1689 712 Sardinia
1718 679 1779 712 at-

859 725 911 764 In
946 725 1175 766 Sardiniam
1208 726 1303 768 duae
1336 727 1516 783 legiones
1543 728 1663 769 scribi
1689 728 1779 783 jus-

360 793 440 824 sae;
487 777 616 831 quina
635 778 763 820 millia
783 779 825 820 in
847 780 1030 835 singulas
1051 791 1092 823 et
1113 783 1261 824 duceni
1290 784 1464 840 pedites,
1486 784 1640 825 treceni
1666 783 1781 840 equi-

361 841 445 879 tes3
490 841 530 874 et
552 833 771 876 duodecim
801 836 931 877 millia
961 838 1150 893 peditum
1187 841 1388 882 sociorum
1410 856 1456 881 ac
1478 841 1619 882 Latini
1650 840 1779 882 nomi-

359 890 435 939 nis,
457 898 497 930 et
532 892 710 932 sexcenti
743 893 918 947 equites,
947 902 987 935 et
1019 895 1159 936 decem
1193 897 1509 953 quinqueremes
1540 913 1678 948 naves,
1700 897 1734 921 ‘¹⁰
1746 896 1778 938 si

359 946 563 987 deducere
594 962 645 988 ex
677 948 893 990 navalibus
927 951 1062 992 vellet.
1125 954 1408 994 Tantumdem
1443 954 1631 1009 peditum
1666 954 1781 1011 equi-

359 1011 535 1059 tumque
566 1003 609 1044 in
638 1005 821 1056 Istriam,
842 1015 1047 1061 quantum
1080 1009 1121 1049 in
1157 1010 1401 1060 Sardiniam,
1423 1011 1647 1052 decretum.
1720 1013 1780 1052 Et

359 1060 561 1115 legionem
593 1076 719 1102 unam
752 1078 845 1102 cuni
879 1063 1090 1118 equitibus
1124 1067 1329 1117 trecentis,
1361 1076 1402 1108 et
1434 1068 1620 1123 quinque
1652 1068 1781 1110 millia

359 1114 549 1171 peditum
570 1118 788 1168 sociorum,
811 1127 851 1160 et
873 1120 1074 1162 ducentos
1105 1123 1411 1179 quinquaginta
1430 1124 1632 1165 ‘¹¹mittere
1664 1126 1779 1181 equi-

359 1181 420 1214 tes
459 1173 501 1214 in
542 1175 788 1230 Hispaniam
829 1177 1015 1218 consules
1047 1178 1100 1218 ad
1136 1181 1197 1219 M.
1218 1180 1424 1221 Titinium
1452 1181 1570 1237 jussi.
1639 1182 1780 1223 Prius-

358 1245 483 1285 quam
505 1231 692 1272 consules
712 1233 943 1288 provincias
965 1235 1224 1286 sortirentur,
1240 1237 1432 1294 prodigia
1451 1238 1647 1279 nunciata
1667 1247 1776 1280 sunt.

359 1287 563 1343 Lapidem
585 1288 627 1328 in
647 1304 748 1344 agro
771 1291 1041 1332 Crustumino
1072 1292 1114 1332 in
1136 1293 1269 1334 laeum
1299 1295 1451 1335 Martis
1471 1295 1523 1335 de
1543 1295 1647 1336 coelo
1679 1296 1780 1337 ceci-

358 1344 477 1384 disse.
538 1344 571 1368 42
580 1347 765 1386 Puerum
788 1347 924 1387 trunci
945 1349 1127 1404 corporis
1157 1349 1197 1390 in
1219 1366 1319 1406 agro
1345 1352 1534 1392 Romano
1554 1360 1715 1403 natum,
1737 1360 1779 1394 et

357 1401 671 1457 quadrupedem
689 1418 867 1458 anguem
884 1404 1035 1446 visum:
1059 1414 1099 1447 et
1118 1407 1275 1462 Capuae
1291 1409 1424 1450 multa
1438 1409 1479 1449 in
1500 1409 1591 1449 foro
1607 1410 1781 1451 aedificia

357 1459 409 1498 de
429 1459 533 1499 coelo
553 1466 685 1499 tacta:
730 1467 771 1500 et
794 1461 979 1501 Puteolis
1000 1462 1104 1502 duas
1128 1478 1252 1505 naves
1284 1465 1468 1506 fulminis
1498 1465 1584 1507 ictu
1616 1482 1779 1508 concre-

943 1547 999 1573 ⁰ut
1016 1544 1039 1576 l.
1057 1546 1078 1575 ii
1094 1546 1191 1577 Gron.

356 1632 491 1658 veterem
527 1626 709 1667 scripturam
747 1627 970 1664 revocavimus,
1001 1640 1040 1662 ne

355 1670 405 1700 hic
434 1670 520 1700 locus
548 1669 651 1710 specie
682 1669 823 1700 sanitatis
858 1669 1040 1711 imponeret.

355 1712 557 1755 Perspicuum
583 1717 630 1741 est
654 1711 760 1743 deesse
791 1711 920 1754 aliquid.
966 1714 1040 1746 Duo

353 1755 434 1785 enim
463 1765 576 1796 genera
599 1754 715 1785 fraudis
740 1766 832 1796 supra
853 1755 1039 1797 explicanda

354 1805 575 1840 proponuntur,
604 1797 733 1827 alterum
758 1810 819 1839 quo
841 1799 943 1835 sociis,
961 1800 1037 1830 alte-

355 1852 421 1871 rum
438 1853 498 1882 quo
514 1839 626 1883 populo
643 1840 787 1871 Romano
808 1841 893 1872 fieret
915 1842 1036 1883 injuria.

356 1885 393 1914 In
416 1885 515 1925 priore
538 1883 628 1924 liujus
655 1883 772 1924 periodi
795 1885 931 1915 membro
954 1886 1038 1926 prius

353 1927 469 1957 fraudis
491 1936 588 1968 genus
604 1930 634 1955 et
649 1925 792 1967 injuriam
812 1926 902 1957 sociis
922 1928 1036 1959 factam

353 1969 565 2011 intelligimus.
631 1968 694 1998 Hic
730 1969 823 2009 igitur
856 1976 1038 2011 exposuerat

353 2014 458 2054 procul
482 2012 575 2043 dubio
603 2011 709 2042 Livius
731 2018 762 2042 et
785 2012 915 2043 alterum
939 2014 1036 2054 quod-

353 2055 426 2086 dam
454 2066 551 2096 genus
590 2054 705 2084 fraudis
735 2055 773 2085 ab
803 2054 839 2085 iis
876 2055 1037 2087 inductum

353 2098 465 2138 quibus
489 2098 579 2140 stirps
605 2096 736 2133 deesset,
754 2102 784 2127 et
809 2097 951 2139 injuriam
973 2100 1036 2129 fac-

351 2146 416 2171 tam
458 2141 572 2182 populo
620 2139 775 2171 Romano.
840 2141 1039 2183 Suspieamnr

352 2183 491 2213 fraudem
522 2183 553 2213 in
583 2192 619 2212 eo
648 2181 778 2222 positam
808 2181 913 2219 fuisse,
943 2185 1036 2225 quod,

353 2226 476 2266 quibus,
511 2226 601 2266 stirps
635 2224 766 2260 deesset,
797 2224 818 2254 ii
854 2225 1038 2268 adoptarent

353 2269 504 2309 quosdam
520 2269 603 2299 cives
619 2278 700 2303 suos,
717 2278 793 2308 quos
808 2268 933 2300 fortasse
952 2276 1035 2311 post-

354 2322 391 2341 ea
418 2311 628 2352 emancipatos
654 2310 736 2341 domi
760 2310 979 2352 relinquerent,
1003 2319 1037 2344 ut

353 2353 422 2395 ipsi,
440 2354 527 2394 quasi
551 2353 676 2394 stirpem
701 2352 911 2393 relinquentes
934 2354 966 2384 in
980 2366 1034 2397 pa-

352 2397 411 2427 tria
425 2408 492 2432 sua,
509 2396 591 2427 cives
608 2396 743 2426 Romani
756 2396 874 2427 fierent.
917 2397 988 2428 Hac
1005 2409 1037 2429 re

354 2439 448 2469 fiebat
462 2439 575 2480 populo
599 2449 721 2479 quoque
746 2438 890 2469 Romano
912 2439 1035 2480 injuria,

352 2481 384 2511 in
400 2493 492 2522 quem
511 2481 655 2522 inquilini
679 2481 763 2511 nullo
781 2481 849 2523 jure
874 2487 904 2512 et
927 2482 1036 2513 adver-

352 2536 402 2555 sus
438 2524 515 2566 legis
552 2530 688 2554 mentem
714 2534 780 2554 sese
809 2524 1036 2557 immiscebant.

353 2568 464 2608 Itaque
502 2566 722 2597 crediderimus
764 2567 883 2596 nullum
927 2567 1036 2599 vitium

352 2610 451 2642 inesse
474 2610 505 2640 in
528 2610 639 2640 vocula
664 2616 708 2645 ut,
732 2609 917 2651 Liviumque
939 2611 1035 2653 scrip-

352 2653 425 2684 sisse
446 2659 479 2682 vt
499 2654 570 2682 cives
594 2652 719 2682 Romani
736 2653 847 2692 fierent
872 2675 880 2682 .
904 2674 911 2681 .
937 2675 945 2682 .
970 2653 1034 2684 Re-

352 2696 437 2737 liqua
452 2698 573 2737 explere
589 2695 654 2725 sine
672 2695 758 2725 libris
773 2705 835 2725 non
850 2706 1023 2736 possumus,

394 2740 433 2769 38
469 2739 512 2769 Λα
541 2741 603 2778 quis
627 2749 707 2778 quem
733 2760 740 2767 .
769 2758 778 2768 .
801 2749 885 2767 ετιιιιη
904 2738 1035 2778 jaceret,

353 2793 419 2811 nere
439 2781 595 2821 (ilicum-et]
622 2780 708 2811 Prior
730 2791 800 2822 pars
823 2786 879 2816 est,
900 2786 934 2810 ut
952 2787 1034 2813 recte

350 2824 492 2855 observat
522 2824 707 2859 Gronovius,
734 2828 840 2853 contra
877 2823 1031 2865 accipien-

350 2872 411 2897 tem
448 2867 611 2908 mancipio,
642 2865 788 2909 posterior
814 2871 920 2897 contra
955 2866 1031 2897 dan-

1095 1635 1168 1661 tem.
1226 1631 1285 1662 Ille
1313 1632 1395 1662 enim
1432 1638 1515 1664 recte
1548 1633 1661 1664 dicitur
1693 1645 1778 1665 suum

1084 1673 1190 1714 facere.
1219 1685 1289 1704 eum
1326 1685 1418 1715 quem
1451 1676 1606 1718 mancipio
1644 1677 1778 1719 accipit;

1094 1715 1144 1746 hic
1166 1717 1294 1747 alienare
1320 1728 1390 1747 eum
1417 1729 1509 1759 quem
1534 1719 1637 1750 tradit.
1683 1720 1775 1751 Cete-

1093 1769 1172 1795 rum,
1199 1759 1223 1789 si
1247 1770 1284 1790 ea
1307 1760 1484 1801 conjectura
1505 1772 1599 1802 quam
1622 1762 1777 1803 superiore

1093 1808 1166 1833 nota
1188 1803 1383 1843 exposuimus
1400 1814 1479 1834 vana
1500 1815 1561 1835 non
1582 1810 1638 1839 est,
1655 1805 1776 1837 videtur

1093 1850 1123 1874 et
1139 1845 1188 1875 hic
1205 1845 1354 1876 excidisse
1378 1846 1503 1887 aliquod
1519 1847 1609 1888 liujus
1630 1848 1707 1889 legis
1723 1859 1774 1880 ca-

1091 1893 1158 1928 put,
1178 1886 1320 1918 nimirum
1344 1894 1450 1920 contra
1472 1890 1684 1921 fraudulentas
1705 1890 1776 1922 illas

1092 1930 1282 1971 adoptiones.

1135 1974 1176 2003 39
1202 1976 1281 2004 Civis
1304 1985 1338 2004 ne
1360 1976 1441 2016 esset]
1466 1975 1536 2005 Hoc
1556 1975 1711 2017 adjectum
1731 1982 1778 2008 est

1093 2025 1129 2045 ex
1146 2021 1248 2047 mente
1264 2016 1392 2057 Sigonii,
1410 2023 1443 2048 ut
1457 2017 1630 2060 expleretur
1648 2029 1774 2050 sensus:

1092 2058 1150 2088 nisi
1179 2059 1272 2100 quod,
1297 2070 1393 2100 quum
1426 2060 1478 2092 ille
1512 2061 1603 2092 scribi
1632 2062 1776 2098 voluerit,

1092 2103 1161 2131 ciffis
1184 2114 1241 2131 mm
1264 2108 1342 2138 esset,
1366 2103 1532 2134 maluimus
1557 2104 1644 2145 sequi
1674 2105 1775 2146 Duja-

1092 2144 1180 2179 tium,
1205 2144 1258 2186 qui
1284 2145 1425 2176 observat
1444 2147 1604 2177 formulam
1631 2147 1663 2177 in
1686 2157 1777 2178 sanc-

1092 2187 1226 2218 tionibus
1261 2187 1436 2228 hujusmodi
1462 2194 1619 2231 receptam
1652 2190 1774 2231 exigere

1090 2231 1192 2271 potius
1207 2241 1253 2266 me,
1269 2241 1363 2271 quam
1378 2243 1446 2262 non.

1136 2274 1176 2303 40
1208 2273 1239 2303 Si
1268 2275 1407 2303 deducere
1437 2286 1469 2305 ea:
1498 2275 1649 2305 navalibus
1675 2273 1779 2318 vellet]

1093 2316 1246 2352 Quaenam
1274 2315 1328 2346 illa
1357 2316 1509 2348 dubitatio
1538 2319 1604 2347 est?
1639 2326 1692 2349 aut
1721 2329 1775 2349 cur

1092 2358 1189 2389 nollet
1211 2358 1317 2388 consul
1342 2369 1436 2390 naves
1459 2371 1475 2390 e
1490 2359 1653 2390 navalibus
1677 2361 1774 2392 dedu-

1092 2403 1182 2431 cere?
1221 2401 1394 2432 Gronovius
1420 2402 1506 2443 legit,
1531 2414 1600 2442 quas
1622 2404 1775 2435 deduceret

1091 2455 1123 2473 er
1137 2446 1237 2483 quibus
1254 2445 1402 2475 navalibus
1422 2446 1518 2476 vellet.

1135 2488 1169 2515 41
1208 2486 1328 2516 Mittere
1350 2509 1357 2516 .
1385 2509 1393 2517 .
1417 2489 1447 2517 in
1477 2488 1649 2527 Hispaniam
1673 2511 1681 2519 .
1705 2509 1713 2516 ·
1737 2490 1775 2519 ud

1093 2528 1139 2558 M.
1169 2529 1325 2569 Titinium]
1374 2530 1420 2559 Ex
1457 2530 1514 2560 hoc
1553 2531 1620 2561 loco
1649 2531 1775 2572 collegit

1092 2571 1221 2611 Pighius
1248 2571 1340 2602 fuisse
1363 2572 1517 2613 superiore
1546 2583 1637 2609 anno,
1665 2579 1775 2615 praeter

1091 2614 1141 2644 M.
1167 2614 1317 2644 Titinium
1353 2620 1515 2655 praetorem
1554 2616 1648 2653 urbis,
1678 2616 1772 2647 etiam

1091 2656 1221 2686 alterum
1259 2657 1308 2686 M.
1328 2657 1477 2687 Titinium
1513 2664 1685 2699 praetorem,
1723 2659 1773 2689 cui

1091 2699 1276 2740 Hispaniam
1292 2699 1464 2730 citeriorem
1487 2700 1630 2741 obtigisse
1647 2707 1775 2744 apparet

1092 2752 1129 2771 ex
1146 2752 1172 2771 c.
1183 2743 1235 2772 26.
1251 2742 1342 2772 infra.

1134 2785 1173 2813 42
1198 2785 1329 2814 Puerum
1353 2787 1451 2815 trunci
1475 2787 1613 2828 corporis]
1642 2786 1771 2817 Brachi-

1090 2826 1155 2857 isne
1176 2832 1344 2862 carentem,
1366 2838 1405 2857 an
1428 2828 1551 2870 capite?
1597 2830 1666 2860 Vox
1688 2828 1770 2860 enim

1089 2871 1188 2899 trunci
1204 2869 1349 2910 ambigua.
1364 2876 1418 2901 est.
