1831 3194
477 126 599 165 LIB.
629 123 753 163 XLV.
800 125 928 164 CAP.
958 123 1110 163 xxlx.
1428 131 1500 170 199

84 249 181 276 cum
210 235 366 291 majore
394 234 479 277 filio
510 234 722 291 Philippo,
752 235 928 276 traditos
958 236 1012 275 A.
1037 232 1268 283 Postumio,
1291 233 1331 273 in
1363 242 1497 275 custo-
1512 242 1551 273 U.
1567 242 1602 273 C.
1616 241 1691 272 585.

83 291 194 332 diam
227 293 364 334 misit:
397 292 522 333 filiam
553 308 648 332 cum
679 291 836 332 minore
866 292 965 342 filio,
987 307 1012 332 a
1043 290 1309 332 Samothrace
1338 289 1497 330 adcitos
1511 285 1690 316 A.C.167.

84 349 390 405 Amphipolim,
411 349 523 390 omni
546 348 704 389 liberali
727 349 845 390 cultu
867 348 1027 389 habuit.

144 407 330 446 XXIX.
366 408 478 462 Ipse,
515 406 587 446 ubi
628 405 716 446 dies
749 405 877 455 venit,
909 422 996 461 quo
1025 404 1058 428 ‘¹⁰
1070 405 1212 446 adesse
1249 402 1690 460 AmphipoliAmphipoli

83 462 211 503 denos
240 463 446 520 principes
481 462 715 504 civitatium
744 463 942 518 jusserat,
969 462 1193 517 literasque
1223 477 1378 511 omnes,
1401 469 1558 515 quaeres
1574 459 1681 505 Mace-

84 520 243 575 ubique
272 519 472 576 depositae
502 527 650 569 essent,
678 528 719 561 et
750 519 969 576 pecuniam
999 519 1154 574 regiam
1186 518 1378 567 conferri,
1401 533 1496 558 cum
1511 501 1610 586 ¹1³,ssssss
1628 511 1710 532 “⁰¹¹''

84 576 225 617 decem
247 577 408 632 legatis,
430 577 683 618 circumfusa
702 576 813 617 omni
841 575 1112 617 multitudine
1136 576 1433 625 Macedonum,
1456 574 1498 615 in

84 633 283 674 tribunali
304 634 501 676 consedit.
534 633 737 675 Adsuetis
753 633 868 689 regio
889 633 1063 689 imperio
1080 641 1217 674 tamen
1239 647 1395 673 novum
1416 632 1500 672 for-

83 705 193 731 mam
214 691 441 732 terribilem
462 691 645 747 praebuit
668 690 867 741 tribunal,
886 689 916 713 ‘¹¹
933 690 1148 731 submotor
1169 690 1323 739 aditus,
1346 704 1497 745 praeco,

83 747 319 799 adscensus,
342 748 503 789 insueta
533 748 672 789 omnia
701 747 832 788 oculis
861 746 1144 802 auribusque-3
1178 746 1316 802 “Qquae
1341 746 1407 787 vel
1437 762 1500 786 so-

83 805 183 854 cios,
219 804 374 845 nedum
414 806 553 846 hostes
593 804 739 854 victos,
776 812 930 846 terrere
970 812 1149 860 possent.
1213 803 1385 845 Silentio
1424 818 1499 859 per

82 877 315 917 praeconem
345 862 471 913 facto,
495 861 671 903 Paullus
693 861 859 910 Latine,
881 875 979 917 quae
1014 860 1190 911 senatui,
1213 877 1308 916 quae
1339 859 1416 902 sibi
1447 875 1499 901 ex

83 918 241 959 consilii
273 919 475 961 sententia
499 918 587 959 visa
615 926 764 969 essent,
787 917 1094 974 pronunciavit:
1128 934 1176 958 ea
1198 920 1274 959 Cn.
1298 916 1500 959 Octavius

81 984 239 1031 praetor
272 975 387 1028 (nam
417 985 459 1017 et
494 975 582 1032 ipse
615 975 778 1030 aderat)
817 975 1091 1031 interpretata
1126 990 1311 1016 sermone
1349 975 1501 1015 Graeco

82 1033 300 1074 referebat.
364 1034 548 1073 Omnium
574 1034 749 1086 primum
779 1032 927 1072 liberos
956 1047 1036 1073 esse
1054 1030 1202 1084 jubere
1234 1032 1499 1082 Macedonas,
1514 1039 1684 1069 Decretum

81 1089 271 1131 habentes
298 1091 412 1131 urbes
441 1091 595 1130 easdem
627 1103 835 1143 agrosque,
861 1095 1015 1130 utentes
1045 1088 1200 1142 legibus
1227 1089 1323 1138 suis,
1345 1103 1502 1129 annuos
1513 1080 1724 1155 debMacedo--

81 1154 262 1188 creantes
283 1149 563 1202 magistratus:
595 1147 786 1187 tributum
808 1147 1019 1187 dimidium
1040 1145 1135 1199 ejus,
1157 1147 1265 1200 quod
1285 1147 1501 1199 pependis-
1513 1136 1544 1156 ¹²¹
1569 1135 1616 1157 ¹¹⁸⁸

81 1211 168 1246 sent
187 1205 359 1260 regibus,
375 1206 555 1258 pendere
567 1206 722 1258 populo
742 1204 942 1244 Romano.
996 1204 1159 1244 Deinde
1180 1204 1223 1243 in
1244 1210 1418 1258 quatuor
1438 1217 1503 1243 re-

76 1263 220 1317 giones
240 1264 373 1303 dividi
387 1263 687 1303 Macedoniam.
709 1275 828 1301 unam
834 1261 938 1316 Jbre
958 1267 996 1301 et
1009 1261 1189 1314 primam
1202 1267 1380 1314 partem,
1399 1261 1506 1315 quod

82 1321 179 1374 agri
214 1321 322 1361 inter
355 1321 603 1374 Strymonem
633 1325 672 1360 et
706 1318 874 1359 Nessum
913 1333 1066 1359 amnem
1102 1319 1183 1359 sit:
1220 1317 1503 1360 ‘¹³accessuru7n

81 1377 175 1418 huic
199 1378 322 1431 parti
349 1384 466 1418 trans
496 1376 678 1426 Nessum,
709 1377 768 1416 ad
799 1377 993 1417 orientem
1024 1390 1189 1426 versum,
1220 1390 1300 1430 qua
1333 1376 1505 1417 Perseus

81 1435 272 1476 tenuisset
292 1436 411 1485 vicos,
434 1436 614 1483 castella,
632 1434 801 1487 oppida,
816 1440 975 1486 praeter
994 1433 1164 1482 AEnum,
1182 1439 1221 1473 et
1241 1434 1502 1483 Maroneam,

83 1498 123 1533 et
155 1491 319 1533 Abdera
327 1515 342 1539 ,·
380 1499 497 1533 trans
534 1491 779 1545 Strymonem
814 1496 946 1531 autem
981 1490 1190 1544 vergentia
1222 1491 1279 1530 ad
1312 1504 1504 1541 occasum,

83 1550 327 1590 Bisalticam
362 1563 510 1589 omnem
543 1562 627 1589 cum
657 1548 880 1596 Heraclea,
912 1561 1029 1601 quam
1060 1548 1242 1588 Sinticen
1276 1549 1503 1600 adpellant.

82 1608 304 1649 Secundam
317 1609 422 1659 fore
451 1607 666 1660 regionem,
689 1619 806 1659 quam
837 1605 888 1645 ab
909 1611 1001 1645 ortu
1021 1605 1179 1659 Strymo
1198 1606 1505 1658 amplecteretur

83 1665 228 1713 amnis,
242 1670 399 1717 praeter
418 1664 600 1706 Sinticen
621 1663 870 1703 Heracleam
886 1668 924 1702 et
945 1662 1156 1702 Bisaltas.-
1190 1662 1241 1702 ab
1261 1676 1400 1703 occasu
1424 1676 1504 1716 qua

85 1722 219 1763 Axius
233 1723 471 1762 terminaret
469 1721 643 1777 fluvius,
657 1721 815 1761 additis
834 1718 1105 1768 44Ραῑόηἰόαες,
1121 1720 1194 1773 qui
1206 1733 1338 1773 prope
1354 1719 1504 1759 Axium

66 1779 228 1835 flumen
243 1780 300 1819 ad
319 1779 518 1833 regionem
535 1778 705 1818 orientis
718 1778 906 1818 colerent.
963 1777 1108 1817 Tertia
1122 1777 1372 1830 parsfacta,
1387 1791 1506 1830 quam

84 1836 219 1877 Axius
237 1836 288 1876 ab
304 1837 471 1885 oriente,
487 1837 647 1877 Peneus
666 1835 799 1876 amnis
816 1834 868 1875 ab
884 1848 1036 1883 occasu,
1052 1835 1243 1888 cingunt.-
1273 1835 1331 1874 ad
1348 1840 1506 1887 septen-

83 1894 255 1934 trionem
270 1894 384 1934 Bora
400 1908 509 1934 mons
524 1892 726 1946 objicitur.
757 1891 917 1945 adjecta
932 1892 1025 1932 huic
1041 1892 1160 1944 parti
1178 1892 1293 1945 regio
1305 1892 1504 1940 Pceoniae,

84 1965 165 2005 qua
185 1951 236 1991 ab
256 1965 395 1992 occasu
412 1957 570 2005 praeter
590 1951 738 1991 Aoeium
765 1964 918 1990 amnem
944 1949 1202 2003 porrigitur.-
1233 1950 1390 1990 Edessa
1411 1963 1506 2002 quo-

84 2022 159 2062 que
179 2014 217 2049 et
237 2009 387 2050 Beraea
408 2009 542 2049 eodem
562 2010 848 2048 concesserunt.
894 2006 1057 2055 Quarta
1078 2007 1191 2061 regio
1211 2011 1328 2047 trans
1347 2006 1505 2046 Boram

84 2071 280 2115 montem,
298 2079 381 2106 una
409 2071 534 2119 parte
562 2065 728 2119 confinis
756 2065 939 2120 Illyrico,
973 2065 1107 2105 altera
1144 2064 1291 2117 Epiro.
1354 2064 1508 2117 Capita

820 2209 941 2242 Balbus
953 2216 983 2241 et
993 2209 1115 2252 Oppius
1129 2206 1162 2240 in
1174 2220 1224 2252 ep.
1241 2209 1281 2240 ad
1297 2209 1365 2241 Cic.
1376 2208 1430 2239 lib.
1446 2209 1508 2240 IX.

821 2254 861 2285 ad
892 2254 962 2285 Att.
1010 2254 1127 2284 Nedum
1159 2254 1308 2283 hominum
1341 2253 1508 2287 humilium,

131 2213 174 2244 40
197 2213 299 2243 Adesse
324 2213 489 2252 Amphipoli
510 2233 520 2242 .
542 2233 551 2242 .
574 2233 583 2243 .
605 2234 613 2243 .
625 2212 774 2252 jusserat]

90 2257 161 2287 Imo
183 2257 393 2296 Amphipolim.-
421 2262 456 2286 ut
481 2266 575 2298 supra,
589 2257 683 2295 jussis
705 2255 776 2285 Am-

87 2300 227 2339 phipolim
241 2301 345 2329 adesse.

135 2343 173 2372 41
211 2342 373 2372 Summotor
406 2342 520 2383 aditus]
578 2340 682 2371 Lictor
724 2340 778 2382 qui

91 2390 297 2415 summoveret
319 2384 436 2422 obvios,
456 2395 514 2416 nec
539 2383 624 2415 adire
646 2383 686 2414 ad
707 2394 776 2426 pro-

91 2428 250 2458 consulem
265 2427 390 2458 sineret.

134 2471 176 2500 42
200 2471 272 2505 Quae
293 2471 338 2501 vel
359 2472 455 2506 socios,
478 2472 586 2501 nedum
609 2471 697 2501 hostes
718 2471 777 2500 vic-

91 2519 143 2547 tos,
160 2519 268 2544 terrere
287 2514 412 2554 possent]
459 2513 491 2544 Si
515 2513 582 2543 haec
601 2524 679 2544 sana
695 2517 777 2548 sunt,

92 2555 190 2587 habes
239 2556 417 2597 exemplum
467 2555 629 2598 particulae
673 2557 781 2586 nedum

94 2603 224 2639 sumptae
253 2610 309 2641 pro
340 2610 399 2629 uon
429 2602 537 2629 solum.-
575 2598 658 2640 quod
688 2598 781 2639 vulgo

93 2645 209 2680 negant
230 2647 347 2673 rectum
371 2651 437 2673 esse
458 2641 674 2673 Grammatici.
719 2641 779 2672 Sed

95 2687 128 2713 et
141 2682 208 2724 ipse
225 2683 335 2716 Cicero
350 2684 459 2715 eodem
477 2695 568 2715 sensu
590 2684 677 2715 illam
691 2694 780 2714 usur-

94 2725 191 2767 pavit,
206 2725 229 2756 l.
245 2727 287 2758 X.
299 2727 340 2758 ad
354 2727 423 2758 Att.
439 2737 489 2769 ep.
506 2728 558 2759 16.
586 2727 632 2757 Tu
646 2729 782 2767 quoniam

95 2774 243 2808 quartana
270 2780 358 2805 cares,
387 2776 415 2800 et
443 2772 550 2801 nedum
578 2771 708 2800 morbum
735 2781 782 2800 re-

95 2811 219 2847 movisti,
260 2813 308 2842 sed
351 2814 438 2842 etiam
475 2814 673 2854 gravedinem·
730 2812 781 2843 Sic

97 2853 181 2885 enim
205 2853 353 2895 plurimos
376 2854 506 2896 scriptos
526 2856 642 2887 habere
666 2860 780 2886 testan-

94 2901 144 2927 tur
165 2907 272 2929 omnes
295 2896 358 2929 fere
380 2897 571 2939 interpretes.
616 2899 657 2930 Et
679 2909 783 2930 rursus

821 2304 856 2328 ut
881 2308 931 2327 nos
955 2308 1064 2331 sumus,
1087 2298 1136 2327 sed
1161 2298 1247 2326 etiam
1269 2296 1510 2336 amplissimorum

821 2342 952 2371 virorum
980 2341 1099 2371 consilia
1120 2350 1151 2370 ez
1177 2345 1293 2375 eventu,
1317 2350 1374 2369 non
1403 2349 1436 2368 ez
1461 2349 1509 2367 vo-

821 2384 945 2418 luntate,
960 2395 979 2412 α
996 2384 1143 2422 plerisque
1161 2383 1280 2420 probari
1299 2382 1398 2412 solent.
1443 2381 1509 2414 Ita-

820 2437 882 2468 que
908 2436 970 2456 non
998 2426 1091 2467 plane
1121 2424 1248 2455 fortasse
1277 2423 1509 2455 assentiendum

822 2475 868 2500 est
882 2468 940 2500 hac
954 2468 987 2498 in
1000 2479 1033 2499 re
1055 2467 1211 2499 communi
1227 2466 1510 2498 Grammaticorum

822 2511 971 2555 opinioni.

866 2556 907 2586 43
930 2556 1120 2585 Accessurum
1145 2553 1215 2583 huic
1235 2555 1317 2593 parti
1337 2559 1419 2583 trans
1435 2550 1510 2580 Nes·

823 2608 897 2634 sum,
924 2599 963 2627 ad
991 2598 1139 2627 Orientem
1166 2596 1295 2636 versum]
1330 2593 1446 2635 Supple
1473 2603 1512 2622 ex

822 2640 1069 2683 praecedentibus
1095 2650 1213 2681 agrum,
1244 2638 1308 2669 sive
1336 2639 1410 2679 quod
1444 2635 1512 2676 agri

822 2685 870 2714 sit.
927 2683 1017 2714 *Sed
1051 2682 1163 2713 melius
1197 2681 1323 2712 omnino
1359 2680 1512 2719 legeretur

824 2737 931 2757 versus.

865 2770 907 2799 44
933 2768 1099 2808 Poeonibus]
1137 2766 1200 2797 Hic
1227 2764 1373 2795 mendum
1403 2761 1512 2809 vulga·

823 2811 976 2842 tissimum
1000 2810 1156 2841 insederat
1178 2807 1341 2848 antiquum
1360 2805 1513 2835 codaeem.

826 2855 1002 2895 Legebatur
1031 2853 1175 2885 nimirum
1203 2851 1330 2881 Paeonis.
1374 2847 1513 2879 Correxit

827 2896 1014 2929 Gronovius

891 2944 966 2979 04
