1826 3149
359 105 429 140 142
884 100 1021 140 TITI
1063 101 1234 139 LIVII

147 224 186 255 U.
201 223 238 254 C.
250 223 322 254 584.
355 210 538 264 militaris
565 210 712 264 peritis,
732 217 770 250 et
797 224 869 250 usu
897 211 1033 260 doctis,
1056 211 1235 251 monendi
1264 211 1519 263 imperatores
1547 217 1660 252 sunt:
1690 213 1757 253 de-

146 266 323 298 A.C.168.
354 268 444 308 inde
482 269 532 309 ab
571 269 642 317 his,
665 268 729 321 qui
765 268 956 307 intersunt
983 269 1165 321 gerendis
1186 270 1210 294 ἦ
1234 268 1356 316 loco¹¹¹,
1392 268 1455 321 qui
1495 269 1653 318 hostem,
1689 270 1759 324 qui

145 1234 249 1266 Persei
265 1235 318 1266 ad-

145 1284 278 1319 paratus.

141 1693 256 1724 Foedus
270 1693 341 1725 facit
352 1682 612 1738 perficienda.

139 1746 210 1766 cum
227 1736 312 1768 Gen-

140 1778 192 1810 tio.

357 331 570 377 temporum
610 324 939 377 opportunitatem
979 325 1122 372 vident,
1163 325 1232 378 qui
1265 325 1304 364 in
1339 327 1474 365 eodem.
1505 326 1608 366 velut
1645 326 1757 366 navi-

351 382 422 437 gio
454 383 668 434 participes
696 387 788 420 sunt
816 381 992 433 periculi.
1051 382 1195 435 Itaque
1223 381 1258 421 si
1287 382 1374 435 quis
1403 389 1473 431 est,
1496 383 1577 436 qui,
1604 384 1709 436 quod
1739 397 1760 422 e

353 439 554 493 republica
583 439 649 489 sil,
669 438 835 478 suadere
853 452 894 478 se
923 438 1021 477 mihi
1049 438 1089 478 in
1119 453 1162 478 eo
1192 439 1304 489 bello,
1325 441 1426 492 quod
1452 446 1638 494 gesturus
1662 454 1758 487 sanz,

355 495 553 547 confidam
586 510 634 535 ne
668 497 835 548 deneget
869 509 1028 547 operam
1064 495 1296 546 reipublica’,
1331 503 1368 535 et
1402 497 1441 536 in
1480 497 1760 537 ZWacedoniarn

355 567 505 593 mecum
542 552 686 593 veniat.
726 565 838 598 nave,
871 566 978 605 equo,
1018 552 1279 599 tabernaculo,
1311 553 1453 593 viatico
1492 554 1608 594 etiam
1639 569 1664 594 a
1699 568 1761 593 me

343 609 566 663 juvabitur.
628 609 670 649 Si
690 623 802 662 quem
821 610 861 649 id
877 608 1018 660 facere
1047 609 1167 662 piget,
1191 616 1227 648 el
1250 610 1372 649 otium
1393 611 1587 650 urbanum
1607 610 1761 650 militiae

356 667 552 706 laboribus
569 671 781 718 praeoptat,
803 680 824 705 e
846 672 949 706 terra
977 680 1023 706 ne
1050 667 1342 720 gubernaverit.
1403 666 1630 707 Sermonum
1663 667 1762 708 satis

353 724 441 775 ipsa
469 723 611 775 praebet
639 724 742 764 urbs.
775 722 1059 776 loquacitatem
1087 737 1196 763 suam
1218 724 1438 763 contineat.-
1469 738 1536 764 nos
1557 724 1761 764 castrensi-

356 780 424 819 bus
455 780 623 820 consiliis
653 786 848 820 contentos
867 777 1028 830 futuros
1058 794 1139 819 esse
1166 781 1280 820 sciat.
1338 780 1410 821 Ab
1444 780 1522 821 hac
1553 781 1760 831 concione,

358 836 534 886 Latinis,
556 851 653 899 quae
683 835 816 892 p1idie
848 836 1056 877 Kalendas
1086 837 1256 892 Apriles
1290 837 1475 886 fuerunt,
1506 836 1560 860 9⁵
1552 853 1592 878 1n
1622 846 1762 878 monte

357 891 553 933 sacrificio
580 893 657 934 rite
692 900 944 948 perpetrato,
966 892 1156 948 protinus
1187 893 1282 934 inde
1303 902 1344 934 et
1374 894 1517 934 consul
1537 902 1577 934 et
1608 902 1763 949 praetor

358 950 434 990 C.n
458 949 689 990 Octavius
681 964 722 989 111
750 948 1039 989 Macedoniam
1070 949 1243 1004 profecti
1275 957 1382 990 sunt.
1445 950 1669 991 Traditum
1700 957 1761 990 est

355 1006 579 1056 memoriae,
615 1006 784 1061 majore,
817 1021 943 1061 quam
985 1005 1118 1055 solita,
1148 1005 1382 1061 frequentia
1422 1007 1760 1069 prosequentium

356 1062 564 1103 consulem
604 1062 882 1109 celebratum;
924 1077 971 1102 ac
1010 1076 1138 1118 prope
1179 1071 1292 1103 certa
1330 1077 1401 1118 spe
1440 1062 1641 1104 ominatos
1675 1079 1761 1104 esse

356 1117 556 1169 homines,
577 1117 610 1142 2⁴¹
625 1118 748 1159 finem
778 1133 864 1159 esse
886 1119 1156 1159 Macedonico
1185 1119 1309 1169 bello,
1330 1127 1626 1175 maturumque
1657 1119 1762 1161 red1-

357 1182 448 1216 tum
468 1190 563 1215 011111
584 1175 750 1231 egregio
771 1175 983 1230 triumpho
1003 1175 1181 1215 consulis
1200 1175 1300 1216 fore.

413 1232 605 1272 XXIII.
638 1232 754 1272 Dum
774 1231 893 1272 haec
884 1246 926 1272 111
950 1231 1074 1272 Italia
1093 1240 1312 1287 geruntur,
1331 1233 1520 1282 Perseus,
1542 1233 1687 1288 quod
1672 1248 1759 1289 Jam

354 1287 592 1329 inchoatum
632 1288 842 1353 perficere,
873 1287 973 1343 quia
1010 1287 1180 1344 inpensa
1218 1288 1405 1344 pecuniae
1440 1289 1628 1330 facienda
1658 1298 1761 1339 erat,

354 1358 435 1384 non
470 1344 693 1385 inducebat
725 1345 769 1385 in
803 1344 1002 1394 animum,
1031 1353 1079 1385 ut
1109 1345 1309 1386 Gentium
1344 1346 1396 1386 Ill
1428 1345 1583 1387 riorum
1621 1362 1759 1401 regem

353 1400 431 1441 sibi
466 1400 738 1463 adjungelet3
770 1401 863 1450 hoc,
893 1409 1115 1456 postquam
1150 1401 1322 1443 intrasse
1351 1417 1395 1443 sa
1413 1410 1503 1443 tum
1534 1403 1759 1452 Romanos,

352 1464 394 1497 et
425 1457 567 1497 adesse
596 1456 814 1498 discrimen
846 1457 1042 1498 ultimum
1072 1457 1170 1498 belli
1200 1457 1505 1509 animadvertit,
1535 1474 1617 1499 non
1649 1459 1761 1500 ultra

351 1512 629 1554 differendum
659 1522 800 1561 ratus;
833 1528 965 1569 quum
994 1528 1069 1569 per
1091 1513 1293 1570 Hippiam
1324 1514 1507 1571 legatum
1530 1514 1563 1539 ⁶²⁵
1577 1523 1761 1557 trecenta

351 1569 513 1625 argenti
548 1570 705 1611 talenta
735 1578 883 1626 pactus
912 1578 1032 1619 esset,
1063 1570 1122 1611 ita
1155 1579 1203 1612 ut
1232 1549 1396 1612 obsides
1430 1571 1542 1612 ultro
1572 1572 1760 1628 citroque

351 1625 566 1675 darentur,
602 1627 894 1667 Pantauchum
933 1626 1059 1675 misit,
1095 1642 1145 1666 ex
1186 1627 1393 1668 fidissimis
1432 1628 1585 1678 amicis,
1619 1629 1673 1670 ad
1711 1644 1760 1669 ea

674 1682 880 1723 Medeone
921 1682 1161 1723 Labeatidis
1202 1691 1322 1724 terrae
1363 1685 1633 1725 Pantauchus
1670 1685 1759 1740 regi

355 1738 502 1801 Illyrio
530 1738 740 1801 obcurrit:
772 1739 831 1779 ibi
856 1747 897 1779 et
921 1739 1218 1794 jusjurandum
1248 1740 1301 1781 ab
1330 1755 1426 1795 rege
1450 1749 1491 1781 et
1512 1741 1675 1781 obsides
1696 1757 1760 1782 ac-

353 1794 474 1850 cepit.
506 1794 654 1836 missus
679 1803 719 1837 et
749 1811 774 1836 a
796 1795 950 1837 Gentio
979 1803 1040 1835 est
1070 1795 1246 1851 legatus,
1268 1796 1431 1837 nomine
1453 1797 1664 1853 Olympio,
1685 1798 1758 1853 qui

348 1851 648 1907 jusjurandum
677 1867 702 1893 a
726 1853 876 1893 Perseo
905 1830 1151 1907 obsidesque
1181 1852 1375 1908 exigeret.
1435 1853 1586 1895 ²⁶Cum
1615 1854 1759 1896 eodem

895 1954 919 1972 “¹
935 1953 995 1983 loca
1011 1951 1108 1983 Gron.
1125 1952 1216 1983 Crev.

394 2035 434 2065 23
469 2035 505 2065 In
534 2036 642 2076 monle]
680 2035 816 2067 Albano.
869 2036 919 2067 Ibi
951 2036 1033 2067 enim

352 2077 532 2108 Latinarum
551 2079 691 2109 feriarum
707 2088 827 2109 sacrum
849 2079 954 2121 peragi
970 2090 1035 2110 mos

349 2126 427 2150 erat.

391 2162 433 2191 24
458 2162 558 2192 Finem
572 2175 625 2194 esse
641 2164 824 2194 Macedonico
839 2165 924 2205 bello]
952 2164 1034 2205 Lege

339 2203 434 2243 finem
469 2207 572 2236 adesse.
629 2207 725 2237 Sicl.
750 2207 796 2238 II.
823 2217 849 2238 0.
872 2208 903 2238 9.
931 2208 1033 2237 Adesse

339 2247 434 2286 finem
449 2249 555 2288 regnis.

391 2289 432 2319 25
457 2290 594 2320 Trecenta
617 2293 732 2332 argenti
754 2293 880 2334 talenta]
907 2292 1033 2323 Marcas

1075 2039 1121 2067 ria
1149 2044 1226 2072 esset,
1253 2049 1305 2067 nec
1332 2044 1409 2068 terra
1436 2049 1487 2068 nec
1513 2040 1589 2068 mari
1614 2050 1688 2078 spem
1715 2050 1760 2070 re-

1076 2081 1213 2110 licturam
1242 2080 1390 2112 Romanis.
1439 2082 1597 2112 Parmenio
1622 2088 1650 2112 et
1679 2082 1759 2112 Mor—

1077 2134 1126 2152 cus
1152 2125 1354 2153 destinantur:
1382 2125 1483 2164 quibus
1509 2126 1551 2154 ita
1578 2126 1758 2159 mandatum,

1077 2167 1122 2194 ‘ati
1147 2168 1358 2205 jurejurando,
1386 2167 1589 2207 obsidibusque,
1617 2174 1644 2197 et
1672 2178 1759 2207 pecu-

1075 2209 1125 2237 nia
1153 2215 1279 2247 accepta,
1303 2216 1365 2239 tum
1391 2211 1504 2239 demum
1532 2211 1669 2240 Rhodum
1694 2221 1760 2249 pro-

1066 2251 1280 2290 ficisceientur.
1337 2251 1519 2282 Venientibus
1549 2252 1761 2293 Ill21riis,etc.

1076 2294 1170 2324 Hunc
1198 2294 1334 2324 ordinem
1366 2298 1399 2323 ut
1432 2294 1557 2333 vulgato
1591 2300 1759 2336 antepona-

349 2331 468 2370 argenti
483 2338 633 2363 nostrates
647 2334 762 2364 28125.

390 2373 432 2403 26
456 2375 530 2404 Cum
558 2377 651 2405 eodem
678 2377 716 2405 ad
749 2377 917 2416 pecvniam]
957 2377 1033 2407 Haec

348 2414 390 2445 510
413 2415 549 2457 intellige
566 2428 602 2448 ex
618 2418 728 2459 Polyb.
745 2419 853 2458 Legat.
870 2421 920 2449 85.
953 2420 1033 2449 Cum

348 2457 456 2488 eodem
479 2459 563 2488 1111551
585 2465 656 2489 sunt
678 2459 741 2495 alii,
756 2460 809 2501 qui
831 2460 992 2502 pecuniam
1016 2471 1035 2491 a

349 2500 462 2531 Perseo
486 2502 668 2542 acciperent,
694 2502 756 2535 alii,
776 2503 925 2534 suadente
950 2505 1033 2534 Pan-

347 2543 547 2584 tauch0,qu1
570 2544 718 2574 Rhodum
744 2545 838 2585 legati
864 2556 935 2576 cum
958 2547 1030 2577 Ma—

347 2584 517 2616 cedonibus
547 2586 635 2616 irent.
681 2588 760 2622 Quae
789 2594 959 2628 sequuntur
988 2588 1031 2618 sic

347 2628 501 2664 struimus,
534 2634 651 2659 mutato
684 2634 804 2659 tantum
838 2630 954 2665 ordine,
984 2630 1030 2661 in-

347 2669 437 2701 tactis
459 2669 533 2712 ipsis
555 2671 751 2702 vocibus..
774 2683 839 2702 cnm
863 2673 1029 2703 Macedoni-

346 2713 398 2742 IIUS
430 2715 525 2744 irent:
564 2716 687 2744 dumam
721 2716 806 2744 simul
841 2725 943 2755 Tegunt
978 2727 1028 2745 710<

346 2756 422 2784 mine
456 2758 575 2787 incitari
607 2757 730 2787 Rhodios
763 2758 801 2788 ad
835 2759 940 2787 bellum
970 2757 1028 2788 Ro-

345 2807 464 2828 manum
504 2810 590 2838 posse.
651 2800 829 2839 Adjunctam
871 2803 1027 2836 civitatem,

344 2849 427 2877 penes
448 2852 533 2880 quam
559 2854 648 2872 unam
674 2848 736 2872 tum
760 2844 802 2873 rei
829 2844 940 2873 navalis
963 2844 1026 2883 glo-

1076 2346 1144 2366 mus
1169 2336 1231 2366 duo
1258 2335 1406 2366 suadent:
1445 2336 1587 2377 primum,
1616 2337 1698 2378 quod
1726 2338 1759 2368 in

1076 2378 1123 2408 his
1148 2380 1272 2408 (luorum
1296 2380 1383 2408 simul
1407 2390 1519 2419 regum,
1542 2385 1600 2410 etc.
1623 2380 1761 2411 videmur

1077 2431 1240 2461 agnoscere
1262 2421 1356 2451 verba
1379 2421 1551 2452 Pantauchi
1574 2422 1762 2463 impellentis

1078 2463 1226 2494 Gentium
1249 2463 1288 2493 ad
1314 2463 1479 2493 mittendos
1501 2464 1649 2495 Rhodum
1675 2465 1759 2507 lega-

1076 2511 1134 2539 tos,
1147 2505 1354 2546 jactantisque
1376 2506 1537 2536 commoda
1555 2517 1592 2537 ex
1614 2508 1759 2539 societate

1074 2557 1144 2578 cum
1160 2547 1292 2578 Rhodiis
1312 2553 1450 2578 ventura.
1493 2548 1647 2586 Alterum,
1664 2551 1758 2591 quod,
1800 2556 1801 2559 ’

1075 2595 1109 2620 ut
1137 2590 1203 2619 haec
1231 2590 1323 2630 vulgo
1349 2590 1499 2621 collocata
1527 2599 1609 2628 sunt,
1633 2594 1759 2624 verbum

1074 2634 1258 2662 destinantm
1280 2632 1451 2669 redundat3
1483 2633 1514 2663 in
1539 2634 1644 2665 ordine
1666 2647 1759 2677 quem

1074 2674 1228 2709 struimus,
1266 2674 1347 2705 idem
1388 2675 1512 2706 omnino
1553 2687 1759 2710 necessanum

1072 2723 1128 2746 est.
1173 2717 1233 2747 Sed
1257 2717 1479 2749 dubitationem
1506 2729 1627 2751 omnem
1651 2721 1758 2752 eximit

1072 2759 1230 2800 Polybius,
1246 2760 1298 2800 qui
1314 2760 1401 2791 Ioco
1390 2771 1455 2801 Jam
1471 2761 1565 2793 allato
1581 2773 1650 2793 eum
1665 2763 1756 2804 plane

1070 2801 1207 2832 ordinem
1238 2809 1449 2843 repraesentat,
1498 2815 1567 2835 uem
1593 2806 1641 2836 hic
1668 2806 1756 2836 resti-

1070 2849 1171 2875 tutum
1208 2845 1358 2877 volumus.
1413 2847 1453 2877 Et
1510 2846 1558 2878 inc
1595 2848 1761 2880 auctoritas
