1816 3159
276 70 340 117 lvi
761 67 1229 117 PRAEFATIO.

775 268 813 331 I
845 266 913 330 N
940 266 1012 331 D
1043 266 1103 331 E
1128 266 1206 331 X

497 415 855 476 OPERUM
908 408 1502 468 FREINSHEMII

659 560 696 597 A
725 557 973 597 DUJATIO
1003 555 1339 596 CONFECTUS.

867 700 1131 724 *—

343 823 811 871 LUCUBRATIONES
827 818 1151 866 Freinshemii
1168 823 1368 865 exstant
1380 817 1560 874 multae,
1573 822 1722 881 atque

276 901 553 949 admodum
572 899 734 958 utiles,
755 896 939 961 publici
959 896 1290 959 jamdiujuris
1310 913 1320 943 z
1358 896 1587 960 quaedam
1607 900 1723 942 sunt

278 977 411 1042 typis
436 978 664 1025 nondum
691 975 920 1038 vulgatae.

341 1056 615 1103 Versantur
637 1053 686 1100 in
710 1051 965 1099 hominum
992 1050 1232 1105 manibus,

344 1133 688 1198 Panegyricus
716 1130 926 1178 Gustavi
950 1120 1170 1193 Adolp'laz‘
1194 1128 1455 1176 Suecormn
1478 1128 1654 1192 Regis.

344 1210 410 1256 L.
436 1210 571 1258 Anu.
600 1207 780 1255 Florus
796 1209 848 1253 in
876 1205 1057 1270 Capita
1080 1213 1126 1253 et
1151 1205 1425 1254 Versiculos
1449 1207 1720 1262 distinctus,

279 1287 521 1350 ‚Notisque
544 1287 836 1333 illustratus.

342 1365 685 1429 Supplementa
729 1362 983 1416 Cartima,
1011 1377 1124 1408 cum
1158 1359 1310 1423 ipsius
1346 1359 1505 1408 Curtii
1539 1360 1720 1423 operis,

277 1460 376 1507 qua
407 1449 583 1498 exstat,
611 1439 938 1503 Fragmentis,
963 1438 1264 1486 variantibus
1302 1437 1612 1494 lectionibus,
1641 1438 1722 1485 In-

278 1521 389 1568 dice
422 1517 835 1583 locupletissimo,
872 1522 923 1563 et
958 1515 1360 1565 Commentario:
1419 1516 1555 1579 quod
1593 1532 1720 1579 opus

276 1596 541 1645 Joachimo
576 1594 899 1643 Vico-Fortio
935 1591 1106 1656 Equiti
1142 1593 1362 1641 dicatum
1399 1593 1587 1656 prodiit
1626 1594 1721 1641 Ar-

277 1673 522 1739 gentorati
549 1673 680 1737 apud
707 1672 929 1719 haeredes
952 1669 1129 1719 Lazari
1156 1670 1378 1720 Zetzneri
1403 1688 1534 1719 anno
1563 1676 1708 1720 1640.

348 1752 499 1800 Notoe
524 1754 576 1799 in
606 1750 854 1800 Tacitum.

342 1830 684 1893 Paraplcrasis
705 1828 1014 1883 Corneliana,
1033 1844 1132 1890 qua
1149 1827 1332 1891 priores
1357 1835 1569 1891 quatuor
1586 1825 1720 1874 Libri

275 1907 550 1955 Annalium
576 1904 739 1953 Taciti
764 1910 1095 1966 exponuntur.

345 1984 431 2032 De
453 1984 508 2033 S.
533 1986 675 2032 Rom.
703 1983 908 2046 Imperii
934 1980 1230 2038 Electorum‚
1251 1989 1296 2029 et
1322 1983 1465 2030 Rom.
1488 1981 1721 2030 Ecclesia?

283 2063 620 2110 Cardinalium
635 2061 975 2126 prcecedentz'a.

347 2139 792 2203 Supplementorum
816 2136 1141 2184 Livianorum
1165 2136 1315 2185 Lz'brz'
1342 2137 1384 2185 C
1394 2136 1455 2185 V.

352 2219 625 2281 Syntagma
640 2217 696 2262 de
716 2213 977 2262 Vicarz'atu
987 2213 1247 2263 Palatino.-
1273 2214 1406 2277 quod
1425 2213 1610 2277 prodiit
1624 2213 1718 2261 sub

283 2294 484 2343 nomine
510 2292 752 2356 Phyloeci.

350 2370 534 2418 Latent
569 2370 750 2425 adhuc,
789 2376 843 2416 ut
878 2368 1044 2426 audio,
1078 2369 1129 2416 in
1165 2367 1343 2416 eruditi
1369 2367 1721 2416 Vormatiensis

286 2446 539 2494 Advocati
588 2447 919 2503 Bibliotheca,
959 2447 1011 2494 in
1056 2463 1205 2511 quam
1252 2452 1364 2510 post
1397 2445 1722 2493 Freinshemii

287 2523 473 2570 obitum
498 2524 749 2586 emptione
767 2523 1083 2583 transierunt,
1102 2530 1277 2587 praeter
1294 2522 1451 2570 varias
1475 2523 1525 2570 in
1548 2524 1719 2572 classi-

285 2617 372 2649 cos
398 2600 588 2664 aliquot
612 2599 886 2662 Scriptores
914 2599 1095 2656 Notas,

358 2679 529 2728 Theses
550 2680 606 2726 de
627 2678 976 2746 AssessoribuS.

352 2754 703 2803 Meditationes
727 2754 957 2802 Politicce
979 2754 1036 2802 de
1063 2751 1242 2818 Officio
1267 2753 1379 2802 boni
1405 2756 1658 2804 Praesz'de'S.
