1816 3159
323 64 455 112 lxviii
818 63 1271 111 PRAEFATIO.

322 203 365 251 ei
388 204 473 268 qui
507 203 701 251 Livium
738 202 965 250 evolvere
1001 203 1151 267 cupit,
1176 220 1326 252 nosse
1360 202 1482 267 quid
1519 203 1570 251 in
1605 220 1663 252 eo
1694 206 1765 253 in-

322 282 636 345 terpretando
672 279 751 327 hic
789 286 874 327 aut
908 280 991 327 ille
1031 281 1341 343 peccaverit?
1401 281 1623 330 Pascunt
1657 283 1764 331 haec

322 358 718 405 malevolentiam
745 374 878 420 saepe
902 357 1197 422 interpretis,
1218 360 1302 424 qui
1327 376 1547 408 crescere
1570 378 1632 408 ex
1657 361 1764 409 aliis

320 437 370 483 in
406 436 573 483 animo
612 435 793 493 habet3
835 435 1073 482 lectorem
1108 437 1375 493 retardant,
1403 443 1672 500 vetantque
1698 437 1764 485 ad

322 513 623 560 destinatum
647 514 794 559 finem
820 519 955 561 recto
980 530 1123 560 cursu
1151 515 1436 577 procedere.

101 595 310 633 Exemplisea
388 590 650 654 Exemplis
687 607 746 638 ea
781 591 920 647 tueri,
947 609 1058 655 quae
1095 608 1246 655 quum
1284 592 1493 653 alicujus
1529 590 1766 639 momenti

99 643 309 716 iffiffigciae
323 668 434 723 sint,
461 685 560 715 non
594 667 824 715 omnibus
852 667 1017 714 statim
1056 668 1189 715 clara
1213 668 1589 731 indubitataque
1613 667 1767 715 videri

97 731 130 797 {i
145 733 276 797 1¹2³ssssssss
323 746 556 801 debeant,
576 745 783 808 perutile
807 762 917 792 esse
938 762 1086 809 supra
1111 745 1344 794 diximus.
1416 746 1517 794 Sed
1544 745 1622 792 hic
1646 760 1768 810 quo-

320 839 416 886 que
441 829 609 869 tamen
646 823 890 869 tenendus
926 823 1107 869 modus
1144 830 1233 880 est,
1257 839 1349 871 nec
1383 822 1560 870 odiosa
1594 840 1766 871 eorum

320 899 478 956 turba,
504 899 587 947 ubi
619 916 774 947 unum
811 900 1081 947 alterumve
1105 900 1225 948 satis
1260 907 1349 957 est,
1376 901 1533 948 lector
1562 917 1766 949 oneran-

100 992 136 1022 1n
155 993 290 1030 iissaepe
322 977 431 1026 dus.
506 978 623 1026 Hoc
648 994 751 1025 non
776 994 969 1041 semper
987 978 1159 1040 effugit
1180 977 1500 1026 doctissimus
1518 978 1599 1026 ille
1613 978 1661 1026 J.
1683 978 1765 1027 Fr.

98 1040 264 1107 ᾞᾱῖζὲρῐ
321 1055 621 1112 Gronovius,
649 1055 729 1103 cui
763 1072 916 1119 quum
942 1056 1203 1119 multiplex
1230 1056 1393 1117 lectio,
1413 1063 1461 1104 et
1484 1055 1765 1103 felicissima

98 1121 286 1150 Gr⁰⁰⁰⁹³u⁵³
320 1132 569 1191 memoria,
595 1149 909 1180 numerosam
942 1132 993 1180 in
1017 1133 1237 1195 singulas
1273 1149 1429 1196 prope
1452 1149 1604 1181 voces
1628 1133 1766 1181 locu-

316 1211 574 1272 tionesque
598 1209 888 1257 eruditionis
908 1216 958 1256 et
981 1209 1378 1257 observationum
1404 1209 1764 1272 supellectilem

315 1288 712 1351 suppeditarent,
742 1287 790 1334 in
827 1287 971 1334 rebus
1009 1304 1153 1349 saepe,
1191 1294 1277 1334 aut
1312 1287 1528 1347 minutis,
1554 1294 1638 1334 aut
1671 1287 1766 1334 evi-

314 1365 635 1420 dentissimis,
663 1364 916 1427 ingentem
952 1381 1108 1427 usque
1134 1372 1181 1412 et
1205 1382 1362 1429 usque
1396 1364 1448 1412 in
1469 1371 1615 1412 notas
1649 1381 1766 1413 con-

317 1442 440 1505 gerit
475 1442 819 1506 exemplorum
856 1442 1068 1506 copiam.
1140 1441 1200 1489 In
1236 1458 1335 1506 quo
1371 1443 1467 1490 hoc
1507 1442 1654 1490 etiam
1695 1443 1764 1491 in-

316 1520 573 1570 commodi
609 1526 698 1575 est,
732 1520 869 1583 quod
908 1525 1226 1567 numerantur
1264 1519 1513 1567 interdum
1549 1537 1622 1576 ea,
1662 1536 1765 1568 non

316 1599 687 1662 ponderantur3
734 1598 954 1661 dumque
991 1614 1169 1659 magna
1203 1597 1399 1645 illorum
1436 1597 1629 1661 cogitur
1662 1614 1765 1646 ma-

316 1693 426 1734 nus,
446 1676 609 1723 aliena
633 1692 763 1738 saepe
788 1676 1134 1732 obtruduntur,
1155 1692 1247 1723 nec
1270 1675 1544 1739 quidquam
1564 1676 1626 1723 ad
1654 1691 1764 1723 eam

316 1769 418 1801 rem
446 1753 508 1800 de
543 1769 641 1817 qua
667 1751 829 1814 agitur
864 1751 1172 1814 pertinentia.
1245 1752 1395 1806 Quod
1431 1769 1493 1799 ne
1516 1752 1761 1801 immerito

317 1830 534 1891 objicere
571 1846 766 1877 summo
793 1828 893 1877 viro
916 1829 1187 1886 videamur,
1215 1829 1408 1893 aliquot
1442 1830 1521 1877 hic
1546 1830 1650 1891 ejus
1675 1847 1764 1879 110-

316 1916 409 1968 tas‚
433 1925 544 1971 quae
565 1907 749 1970 duplici
768 1907 865 1955 hoc
881 1906 996 1954 vitio
1014 1907 1256 1968 laborant,
1272 1907 1444 1955 liberet
1463 1907 1760 1965 exscribere,

315 1984 411 2032 nisi
427 1983 655 2032 brevitati
672 1983 954 2031 consultum
972 1983 1227 2032 vellemuS.
1276 1984 1499 2032 Sufficiat
1516 1985 1762 2049 quasdam

315 2061 549 2119 indicare,
576 2061 711 2110 velut
746 2061 832 2109 lib.
872 2060 998 2109 Livii
1024 2060 1065 2109 Ι.
1092 2077 1208 2124 pag.
1242 2067 1344 2111 110.
1374 2070 1478 2110 not.
1504 2066 1549 2111 3.
1574 2069 1622 2110 et
1645 2079 1758 2126 pag.

324 2147 430 2188 112.
456 2146 560 2188 not.
588 2148 634 2188 2.
661 2139 694 2187 l.
720 2138 926 2188 XXIX.
955 2156 1004 2203 p.
1032 2142 1141 2187 868.
1167 2156 1217 2188 n.
1241 2146 1286 2188 3.
1312 2139 1416 2188 etl.
1443 2139 1756 2190 XXXVIII.

317 2232 366 2279 p.
392 2224 504 2270 498.
529 2233 578 2264 n.
606 2224 651 2264 2.
724 2215 912 2263 Earum
947 2214 1148 2278 quidem
1173 2232 1283 2279 quae
1320 2215 1411 2264 etsi
1434 2216 1560 2280 aptis
1597 2233 1762 2265 exem-

316 2294 430 2357 plis,
453 2293 559 2342 sine
582 2293 735 2341 modo
769 2300 936 2341 tamen
960 2293 1223 2341 cumulatis
1259 2293 1558 2350 redundant,
1584 2293 1759 2357 ingens

319 2387 373 2418 se
396 2371 580 2434 ubique
615 2386 849 2417 numerus
877 2369 1019 2417 offert
1043 2369 1107 2416 ob
1142 2370 1333 2420 oculos,
1405 2370 1538 2433 Ergo
1566 2372 1758 2421 sobrius

319 2447 379 2495 sit
403 2447 535 2495 circa
559 2448 791 2511 exempla
813 2447 1066 2510 interpres,
1086 2453 1135 2494 et
1158 2447 1208 2494 in
1228 2447 1469 2511 eligendis
1494 2455 1686 2507 cautus,
1704 2457 1760 2498 ut

319 2533 368 2573 et
391 2541 553 2587 pauca
577 2532 814 2587 apponat,
839 2531 888 2572 et
912 2541 971 2571 ea
994 2541 1104 2588 quae
1129 2541 1231 2571 rem
1255 2525 1449 2587 proprie
1472 2532 1698 2588 tangant.

105 2622 213 2651 variae
229 2623 289 2650 1ec.
383 2602 466 2649 De
489 2601 633 2649 variis
658 2601 968 2657 lectionibus,
995 2601 1097 2648 sive
1129 2601 1224 2648 illae
1248 2618 1310 2648 ex
1333 2602 1547 2666 antiquis
1583 2603 1757 2652 editio-

100 2666 202 2694 tiones
218 2674 237 2693 a
252 2674 310 2693 no-

104 2709 145 2736 ns
161 2708 298 2745 purum.
319 2681 478 2735 nibus,
505 2679 605 2726 sive
629 2696 691 2726 ex
715 2678 910 2741 scriptis
937 2678 1198 2726 codicibus
1224 2679 1527 2743 depromptae
1551 2679 1754 2740 fuerint3

101 2750 264 2831 {gfftffle'
320 2758 422 2805 sive
444 2757 540 2805 illae
560 2755 845 2820 planissime
861 2756 1112 2803 mendosae
1137 2755 1249 2813 sint,
1273 2757 1376 2805 sive
1396 2756 1610 2820 aliquam
1629 2757 1756 2806 sani-
