1831 3194
450 108 570 146 LIB.
601 105 731 144 XLII,
776 105 909 142 CAP.
939 102 1074 140 XXX.

1425 103 1474 142 59

58 233 99 266 ct
131 220 329 265 Romanis
360 218 496 261 omnia
529 216 832 273 pollicebantur
863 211 916 253 ad
950 209 1270 252 Macedonicum
1302 206 1471 248 bellum.
1489 217 1526 248 U.
1541 217 1580 247 C.
1595 217 1669 247 581.

62 280 282 321 Masinissa
315 285 356 317 et
394 276 606 316 frumento
640 271 819 328 juvabat
856 271 1081 316 Romanos,
1112 274 1153 307 et
1189 263 1345 305 auxilia
1379 259 1577 303 cuniA·C·
1595 260 1667 290 171.

59 336 288 394 elephantis
311 333 653 394 Misagenemque
674 329 805 370 filium
833 326 998 367 mittere
1018 324 1071 365 ad
1101 323 1257 364 bellum
1289 320 1474 376 parabat.

61 394 229 434 consilia
258 399 396 433 autem
432 404 473 428 in
503 402 666 427 omnem
702 386 913 426 fortunam
949 382 1007 422 ita
1036 379 1236 436 disposita
1271 377 1475 417 habebat:

62 451 94 491 si
134 465 258 506 penes
294 449 504 488 Romanos
543 442 717 484 victoria
756 449 876 490 esset,
913 454 1007 480 suas
1042 451 1212 493 quoque
1252 435 1294 475 in
1334 433 1479 473 eodem

62 516 172 548 statu
195 517 408 547 mansuras
436 517 513 551 rQS,
535 515 670 555 neque
695 498 806 540 ultra
827 496 1058 552 quidquam
1088 491 1364 534 movendum:
1398 503 1479 530 non

63 564 171 604 enim
201 576 393 618 passuros
416 560 640 607 Romanos,
663 556 745 596 vim
770 550 1189 607 Karthaginiensibus
1209 546 1374 589 adferri.
1438 546 1480 586 Si

62 621 205 661 fractae
233 625 366 659 essent
395 630 494 672 opes
517 615 817 661 Romanorum,
840 626 936 666 quae
966 617 1057 650 tum
1086 612 1353 663 protegerent
1376 603 1484 644 Kar-

65 675 355 732 thaginienses,
383 686 497 714 suam
529 685 691 711 omnem
724 668 912 709 Africam
943 666 1041 707 fore.
1105 660 1298 711 Gentius,
1320 674 1393 701 rex
1427 659 1484 700 Il-

66 733 280 789 lyriorum,
303 732 455 771 fecerat
477 728 631 784 potiuS,
654 740 728 767 cur
750 731 966 781 suspectus
991 730 1095 762 esset
1119 718 1333 767 Romanis,
1355 731 1482 773 quam

65 790 163 831 satis
203 795 420 836 statuerat,
457 793 595 826 utram
635 784 793 824 foveret
833 789 1022 837 partem;
1065 778 1296 833 inpetuque
1336 772 1482 827 magis,

66 862 191 902 quam
223 844 404 893 consilio,
426 842 490 883 his
519 850 593 882 aut
623 840 703 881 illis
733 854 774 880 se
803 838 1080 893 adjuncturus
1110 833 1343 874 videbatur.
1406 826 1485 870 Co-

67 914 134 961 tys
171 903 334 950 Thrax,
373 900 632 955 Odrysarum
665 912 753 946 rex,
789 894 1001 936 evidenter
1037 890 1320 932 Macedonum
1355 885 1486 943 partis

68 969 168 1002 erat.

127 1017 287 1058 XXX.
322 1016 426 1055 Haec
463 1011 665 1053 sententia
701 1009 869 1062 regibus
899 1021 1031 1063 quum
1064 1012 1168 1045 esset
1204 1003 1256 1043 de
1290 1001 1415 1050 bello,

69 1074 207 1116 liberis
227 1072 422 1127 gentibus
451 1069 701 1125 populisque
720 1065 754 1090 9³
766 1065 884 1121 plebs
909 1063 1092 1117 ubique·¹
1113 1059 1245 1101 omnis
1274 1058 1418 1106 ferme,

70 1132 187 1181 solet,
209 1130 242 1154 ⁹¹
255 1127 528 1170 deterioribus
549 1133 637 1166 erat
657 1124 711 1164 ob
735 1136 875 1177 regem
898 1118 1237 1172 Macedonasque
1266 1114 1488 1159 inclinata;

71 1187 306 1244 principum
341 1184 505 1226 diversa
542 1195 727 1223 cerneres
768 1177 917 1220 studia.
978 1190 1075 1232 pars
1108 1174 1168 1216 ita
1201 1172 1243 1213 in
1280 1172 1492 1212 Romanos

72 1244 191 1286 effusi
231 1250 362 1292 erant,
403 1249 452 1281 ut
491 1238 782 1280 auctoritatem
822 1233 1028 1275 inmodico
1066 1231 1209 1272 favore
1249 1242 1494 1282 conrumpe-

72 1310 187 1343 rent:
220 1299 342 1356 pauci
363 1314 414 1339 ex
435 1297 485 1338 iis
508 1295 675 1352 justitia
704 1291 865 1349 imperii
888 1288 1067 1332 Romani
1088 1286 1225 1343 capti;
1256 1285 1399 1341 plures
1419 1284 1492 1334 ita,

73 1359 107 1401 si
127 1357 382 1414 praecipuam
403 1368 570 1410 operam
600 1357 834 1399 navassent,
856 1355 1046 1404 potentes
1076 1360 1162 1386 sese
1191 1343 1234 1383 in
1254 1340 1496 1383 civitatibus

76 1416 159 1458 suis
179 1415 346 1456 futuros
374 1411 466 1453 rati,²
498 1425 594 1466 pars
614 1408 746 1449 altera
773 1405 898 1461 regiae
919 1401 1169 1445 adulationis
1189 1407 1292 1448 erat,
1315 1413 1421 1453 quos
1440 1413 1497 1438 aes

75 1473 256 1514 alienum
277 1478 318 1511 et
339 1467 573 1523 desperatio
602 1479 740 1506 rerum
772 1476 957 1509 suarum,
979 1459 1124 1500 eodem
1154 1463 1346 1497 manente
1367 1462 1496 1503 statu,

76 1528 310 1586 praecipites
345 1525 397 1566 ad
432 1522 625 1564 novanda
657 1520 796 1562 omnia
829 1518 1008 1573 agebat;
1045 1513 1249 1571 quosdam
1278 1519 1498 1551 ventosum

78 1586 306 1642 ingenium,
329 1582 428 1638 quia
452 1579 484 1604 ⁹⁵
500 1581 676 1620 Perseus
706 1575 837 1632 magis
867 1589 979 1615 aurae
1009 1569 1223 1628 popularis
1243 1576 1344 1609 erat.
1376 1566 1501 1608 tertia

79 1659 189 1699 pars,
210 1641 369 1697 optima
389 1637 532 1678 eadem
554 1644 595 1676 et
625 1631 962 1690 prudentissima,
985 1629 1017 1670 si
1039 1628 1187 1682 utique
1207 1624 1323 1681 optio
1344 1623 1500 1664 domini

79 1698 251 1756 potioris
292 1697 477 1744 daretur,
514 1692 592 1734 sub
629 1689 842 1738 Romanis,
887 1701 1014 1743 quam
1055 1684 1134 1725 sub
1173 1698 1285 1737 rege,
1307 1680 1501 1721 'malebat

80 1772 177 1798 esse.
213 1755 248 1779 9⁶
261 1754 293 1795 si
334 1753 511 1793 liberum
546 1748 642 1790 inde
677 1745 897 1788 arbitrium
936 1743 1118 1784 fortunae
1154 1747 1274 1789 esset,
1310 1745 1502 1778 neutram

81 1822 242 1871 partem
270 1810 464 1851 volebant
494 1805 769 1862 potentiorem
800 1802 931 1843 altera
956 1800 1154 1855 obpressa
1182 1795 1297 1843 fieri;
1331 1793 1417 1844 sed,
1443 1793 1504 1833 in-

83 1870 219 1912 libatis
254 1867 394 1924 potius
423 1864 582 1905 viribus
612 1861 832 1916 utriusque
866 1857 1012 1914 partis,
1037 1855 1071 1882 ⁹⁷
1084 1868 1228 1910 pacem
1259 1867 1310 1892 ex
1341 1866 1390 1891 eo
1420 1865 1505 1890 ma-

1446 1000 1486 1040 in
1501 1003 1701 1041 Quislibera-

1442 1065 1489 1097 ut
1502 1058 1567 1095 rum
1583 1046 1692 1077 civita-

1503 1096 1592 1121 tium.

618 1958 634 1982 d
651 1961 748 2000 utique
765 1958 864 1989 Gron.
880 1957 971 1986 Crev.

129 2056 170 2086 93
197 2054 278 2084 Plebs
319 2053 418 2091 utique
458 2046 562 2087 omnis]
619 2043 771 2083 Quaedam

87 2098 236 2129 editiones
265 2095 380 2126 habent
408 2093 522 2131 ubique.
565 2088 627 2120 Sed
660 2087 772 2119 melius

89 2141 209 2172 videtur
232 2138 267 2170 τὶ
289 2139 398 2177 ntique.
445 2135 528 2164 Plebs
553 2134 650 2172 utique
673 2132 774 2164 omnis,

90 2184 121 2215 id
144 2189 202 2220 est,
226 2182 314 2224 plebs
340 2178 466 2221 quidem
492 2181 574 2206 certe
600 2174 717 2205 omnis:
742 2178 776 2202 ut

818 2041 910 2083 quale
926 2045 1007 2071 esset
1020 2039 1146 2080 favens.-
1167 2038 1244 2077 plebs
1259 2057 1267 2065 .
1284 2057 1292 2064 .
1309 2041 1342 2065 ut
1362 2035 1442 2070 solet,
1458 2034 1507 2063 ‹Ie-

818 2085 969 2115 te7·1‘m·ibus
991 2083 1110 2117 favens,
1134 2086 1197 2110 erat
1218 2081 1257 2109 ud
1280 2089 1376 2119 regem
1397 2098 1406 2106 .
1430 2097 1439 2105 .
1462 2078 1508 2106 in-

808 2129 938 2164 ,clinata-
985 2125 1024 2155 Id
1051 2123 1162 2154 suadet
1183 2123 1270 2153 locus
1292 2121 1385 2163 plane
1412 2118 1510 2160 gemi-

820 2181 888 2205 nus,
916 2179 944 2199 c.
973 2168 1025 2198 63.
1054 2167 1152 2197 infra:
1189 2176 1279 2204 pravo
1315 2164 1419 2197 studio,
1456 2172 1511 2201 quo

89 2233 260 2269 opponatur
282 2222 484 2265 pruimpibus,
507 2219 547 2249 de
568 2217 680 2259 quibus
706 2226 776 2246 mox

90 2276 207 2311 agetur.

132 2313 175 2343 94
200 2310 397 2341 Deterioribus
418 2312 480 2337 erat
503 2306 534 2334 ob
556 2314 652 2345 regem
677 2325 684 2332 .
701 2324 710 2332 .
731 2302 777 2330 in-

92 2355 216 2394 clinata]
249 2353 382 2383 Minime
412 2348 541 2380 dubium
571 2357 637 2377 esse
666 2349 777 2386 potest,

93 2398 169 2440 quin
194 2396 341 2427 mendum
364 2394 404 2424 sit
429 2393 461 2423 in
484 2390 596 2422 vocula
619 2390 661 2424 ob,
687 2393 779 2427 atque

95 2442 160 2483 ejus
188 2440 256 2470 loco
284 2436 450 2478 legendum
476 2434 517 2465 sit
543 2434 590 2462 ad.
637 2432 783 2471 Superest

95 2483 190 2524 major
219 2481 396 2515 difficultas,
426 2478 465 2508 de
493 2486 569 2507 voce
597 2474 783 2505 deterioribus

97 2526 171 2567 quid
186 2523 384 2555 statuendum
403 2521 451 2551 sit.
497 2517 672 2550 Gronovius
695 2519 783 2557 putat

98 2567 230 2608 intelligi
256 2567 370 2600 studiis,
395 2574 465 2605 quae
488 2573 548 2593 vox
577 2559 726 2602 reperitur
752 2557 785 2587 in

98 2616 246 2651 sequente
279 2608 434 2639 membro:
470 2606 638 2644 principum
673 2603 786 2631 diversa

102 2664 229 2683 cerneres
250 2653 358 2682 studia.
401 2648 474 2684 Sed,
490 2654 524 2678 ut
545 2645 622 2676 nihil
645 2645 786 2674 dicamus

103 2697 142 2726 de
158 2694 322 2736 asperitate
345 2690 545 2733 traiectionis,
561 2687 680 2729 aliquid
704 2692 786 2716 certe

101 2738 217 2780 pingue
253 2742 284 2766 et
319 2734 495 2766 redundans
530 2731 682 2763 redoleret
717 2730 786 2759 haec

103 2780 213 2814 oratio,
242 2780 426 2809 deterioribus
453 2777 557 2806 studiis
583 2780 646 2804 erat
674 2774 711 2802 acl
742 2782 786 2801 re-

103 2835 166 2866 gem
194 2823 348 2852 inclinata.
392 2819 492 2852 Nobis
520 2815 716 2848 verisimilius
742 2814 787 2844 vi-

107 2867 195 2897 detur
229 2863 379 2895 excidisse
414 2861 464 2892 hic
493 2861 621 2891 verbum
651 2857 787 2899 aliquod,

820 2215 906 2244 etiam
939 2213 971 2241 *in
1007 2209 1212 2241 certaminibus
1248 2207 1370 2237 ludicris
1405 2205 1512 2245 vulgus

820 2257 931 2291 mitur,
966 2254 1102 2284 deteriori
1144 2257 1229 2291 atque
1266 2251 1296 2279 z'n
1315 2249 1422 2278 'rmiori
1454 2246 1512 2287 fa-

821 2300 919 2329 vendi.

864 2343 906 2372 95
931 2340 1053 2369 Perseus
1097 2337 1188 2377 magis
1232 2345 1318 2364 auroe
1362 2332 1513 2372 popularis

823 2384 900 2424 erat]
934 2383 1055 2412 Horum
1078 2380 1242 2411 verborum
1270 2376 1386 2417 duplex
1412 2379 1514 2416 potest

825 2438 891 2458 esse
911 2435 1036 2456 sensus:
1061 2432 1184 2463 nempe,
1206 2421 1338 2451 Perseus
1360 2428 1392 2448 se
1415 2416 1515 2457 magis

826 2470 922 2500 dabat
950 2477 1031 2498 aurae
1058 2463 1210 2508 populari,
1240 2462 1340 2503 magis
1368 2460 1517 2501 captabat

826 2512 963 2543 favorem
1006 2506 1233 2539 multitudinis:
1279 2505 1341 2540 vel,
1384 2504 1516 2533 Perseus

828 2554 942 2596 gratior
971 2557 1037 2583 erat
1070 2552 1103 2581 in
1136 2550 1257 2589 vulgus.
1303 2544 1515 2584 Quemadmo-

829 2598 903 2628 dum
918 2602 1049 2635 utraque
1071 2604 1120 2624 res
1141 2598 1252 2622 natura
1272 2589 1438 2630 conjuncta
1458 2591 1516 2620 est,

829 2640 874 2671 ita
902 2646 933 2670 et
960 2644 1124 2678 utramque
1153 2635 1204 2665 hic
1233 2629 1518 2674 interpretationem

826 2684 940 2724 jungas
954 2681 1038 2711 licet.

872 2726 914 2757 96
937 2725 968 2754 Si
991 2725 1111 2753 liberum
1136 2719 1218 2760 inde]
1244 2715 1401 2758 Displicet
1423 2712 1457 2744 er«)
1472 2713 1518 2742 in-

830 2771 876 2800 de,
920 2766 1092 2798 Mallemus
1105 2764 1167 2793 sibi.

875 2812 915 2842 97
941 2810 1045 2839 Pacem
1087 2818 1117 2837 ez
1154 2816 1184 2835 eo
1226 2800 1356 2840 manere]
1410 2797 1520 2829 Placet

835 2852 983 2886 Gronovii
1001 2850 1196 2891 conjectura:
1222 2855 1252 2874 cr
1268 2854 1360 2884 σφω.
