1826 3149
115 216 157 248 U.
171 217 293 254 C,584.

115 261 157 291 A.
172 260 208 291 C.
224 261 294 292 168.

119 665 242 713 Popillii
257 677 302 696 as—

116 715 240 751 peritas.

120 1010 253 1041 Decimii

118 1053 298 1085 moderatio.

120 1754 270 1786 Damnati

119 1800 172 1839 qui
189 1800 300 1829 Perseo

122 1841 270 1873 faverant.

327 101 398 139 178
842 98 983 135 ΤΙΤΙ
1031 97 1206 135 LIVII

325 204 488 246 diorum
529 206 759 247 obcurrunt
802 206 906 262 (jam
948 207 1055 247 enim
1100 221 1147 246 eo
1191 219 1361 261 quoque
1402 203 1587 245 victoriae
1621 203 1731 245 fama

325 261 485 318 perlata
503 265 610 316 erat)
627 271 804 312 orantes,
822 270 864 302 ut
880 264 1065 303 Rhodum
1080 263 1377 303 deveherentur.
1391 262 1602 314 pertinere
1618 262 1663 302 id
1676 261 1733 300 acl

310 319 473 373 samam
505 321 746 372 salutemque
775 320 967 367 civitatis,
1000 335 1157 360 noscere
1192 321 1296 373 ipsos
1335 318 1480 366 omnia,
1513 332 1600 372 quae
1638 324 1731 358 acta

328 382 467 424 essent,
490 382 779 430 agerenturque
809 377 962 425 Rhodi,
985 384 1022 417 et
1052 384 1253 430 comperta
1276 391 1354 429 per
1383 390 1435 423 se,
1458 389 1538 415 non
1568 376 1733 428 vulgata

311 434 452 487 fam'a,
470 434 638 472 Romam
659 433 826 486 nferre.
887 434 973 474 Diu
990 443 1186 489 negantes
1206 433 1494 489 perpulerunt,
1512 440 1559 473 ut
1575 446 1731 472 moram

328 489 600 545 navigationis
648 490 816 530 brevem
859 506 935 546 pro
978 491 1110 532 salute
1155 490 1272 531 sociae
1317 489 1431 530 urbis
1475 496 1728 545 paterentur.

332 546 559 601 Postquam
592 546 791 586 Rhodum
822 556 993 588 ventum
1023 556 1099 597 est,
1128 548 1170 588 in
1200 546 1433 587 concionem
1465 560 1634 601 quoque
1663 558 1733 584 eos

329 602 453 642 iidem
483 602 675 658 precibus
713 611 1018 658 pertraxerunt.
1080 605 1303 645 Adventus
1343 603 1573 657 legatorum
1613 600 1732 641 auxit

359 658 468 699 otius
499 658 687 700 timorem
719 660 892 711 civitati,
923 677 1049 717 quam
1080 661 1252 702 minuit:
1285 659 1423 700 onmia
1451 659 1559 699 enim
1595 656 1733 713 Popil-

329 674 422 764 lius,
454 731 550 770 quae
582 716 732 772 singuli
763 718 1029 773 universique
1058 734 1106 758 eo
1144 717 1254 759 bello
1287 716 1492 757 hostiliter
1527 715 1732 762 dixerant,

329 770 611 828 fecerantque,
634 773 788 815 retulit.
833 782 888 823 et,
911 775 973 814 vir
993 790 1112 830 asper
1132 774 1310 830 ingenio,
1332 773 1511 829 augebat
1543 771 1733 813 atrocita-

330 836 413 868 tem
435 843 592 879 eorum,
615 845 711 885 quae
733 830 982 881 dicerentur,
1004 832 1124 872 vultu
1147 831 1253 873 truci
1275 839 1314 872 et
1336 829 1589 871 accusatoria
1609 844 1731 869 voce:

331 892 393 934 ut,
417 900 548 940 quum
570 887 750 942 propriae
772 887 993 929 simultatis
1013 889 1128 929 nulla
1149 903 1292 929 caussa
1311 902 1405 927 cum
1426 886 1592 926 civitate
1613 893 1733 934 esset,

330 957 380 982 ex
403 941 526 982 unius
557 944 754 984 senatoris
784 945 962 985 Romani
992 945 1229 993 acerbitate,
1253 944 1387 999 qualis
1416 943 1457 983 in
1489 958 1530 982 se
1555 942 1735 982 universi

330 1006 496 1039 senatus
525 999 686 1040 animus
716 1009 835 1051 esset,
858 1002 1146 1057 conjectarent.
1208 1003 1255 1042 C.
1280 999 1455 1041 Decimii
1485 998 1736 1040 moderatior·

329 1054 464 1095 oratio
498 1055 594 1105 fuit,
626 1057 715 1112 qui,
748 1059 791 1097 in
824 1060 1029 1112 plerisque
1063 1074 1209 1107 eorum,
1242 1072 1330 1112 quae
1368 1063 1667 1097 commemorata
1706 1070 1733 1095 a

331 1113 515 1164 Popillio
546 1120 684 1162 essent,
706 1116 860 1167 culpam
892 1130 970 1154 non
995 1131 1119 1169 penes
1142 1117 1347 1169 populum,
1366 1116 1436 1155 sed
1446 1128 1570 1167 penes
1584 1127 1736 1166 paucos

329 1170 546 1210 concitores
575 1172 686 1224 'vulgi
718 1187 813 1222 esse,
848 1171 966 1213 dixit.
999 1187 1076 1223 eos,
1108 1175 1282 1214 venalem
1318 1173 1498 1225 linguam
1533 1171 1733 1219 habentes,

330 1227 490 1266 decreta
518 1229 643 1280 plena
676 1230 799 1282 regioe
828 1231 1121 1271 adsentationis
1135 1230 1289 1284 fecisse
1307 1248 1319 1268 :
1351 1236 1389 1269 et
1419 1243 1487 1269 eas
1517 1229 1738 1282 legationes

329 1284 493 1332 misisse,
525 1298 690 1338 quarum
722 1286 905 1327 Rhodios
933 1302 1084 1340 semper
1123 1301 1201 1327 non
1240 1288 1369 1327 minus
1402 1287 1586 1338 puderet,
1618 1299 1736 1339 quam

323 1341 553 1392 poeniteret.
618 1341 720 1390 Quae
748 1344 896 1392 omnia,
927 1343 962 1367 5⁹
973 1346 1010 1384 si
1041 1351 1170 1385 tamen
1194 1345 1345 1397 populo
1358 1344 1490 1398 foret,
1524 1344 1566 1383 in
1597 1343 1737 1395 capita

331 1398 537 1438 noxiorum
569 1412 746 1439 versura.
809 1402 917 1441 Cum
948 1416 1098 1457 magno
1128 1401 1304 1441 adsensu
1335 1400 1504 1441 auditus
1544 1407 1620 1449 est,
1652 1414 1734 1439 non

330 1453 460 1509 magis
490 1470 552 1505 eo,
583 1456 698 1512 quod
729 1456 1009 1499 multitudinis
1039 1473 1189 1499 noxam
1219 1457 1421 1506 elevabat,
1453 1471 1579 1512 quam
1619 1456 1734 1511 quod

331 1510 496 1566 culpam
516 1511 558 1552 in
580 1521 767 1554 auctores
787 1522 979 1556 verterat.
1042 1516 1193 1571 Itaque
1214 1530 1345 1570 quum
1367 1513 1573 1570 principes
1592 1528 1735 1553 eorum

334 1568 532 1608 Romanis
548 1570 857 1625 responderent,
880 1586 1144 1627 nequaquam
1175 1580 1312 1613 tamen
1343 1579 1427 1612 tam
1457 1578 1577 1626 grata
1603 1569 1736 1610 oratio

332 1639 476 1664 eorum
497 1625 593 1675 fuit,
616 1626 704 1681 qui,
727 1642 823 1683 quae
850 1627 1050 1683 Popillius
1071 1629 1293 1684 objecerat,
1315 1628 1474 1668 diluere
1504 1634 1736 1682 utcumque

333 1681 467 1721 conati
499 1690 623 1729 sunt;
672 1699 797 1738 quam
829 1700 986 1735 eorum,
1018 1684 1090 1740 qui
1124 1684 1310 1725 Decimio
1340 1683 1380 1724 in
1411 1683 1651 1725 auctoribus
1681 1683 1735 1723 ad

332 1737 542 1793 piaculum
573 1753 693 1779 noxae
724 1740 964 1796 objiciendis
987 1741 1147 1782 adsensi
1179 1749 1288 1782 sunt.
1349 1741 1575 1781 Decretum
1606 1739 1736 1795 igitur

332 1795 555 1850 extemplo,
587 1804 649 1845 ut,
681 1796 753 1852 qui
789 1812 865 1853 pro
910 1797 1057 1838 Perseo
1097 1798 1294 1838 adversus
1334 1798 1544 1838 Romanos
1584 1796 1736 1838 dixisse

333 1850 451 1905 quid,
483 1861 555 1892 aut
588 1852 744 1903 fecisse,
775 1854 1129 1904 convincerentur,
1170 1854 1315 1910 capitis
1350 1854 1734 1895 condemnarentur.

335 1908 616 1950 Excesserunt
648 1910 750 1950 urbe
780 1910 897 1952 4⁰sub
927 1910 1110 1952 adventu
1143 1912 1427 1952 Romanorum
1458 1911 1644 1967 quidam,
1666 1910 1735 1951 alii

334 1971 507 2005 mortem
539 1965 615 2006 sibi
645 1966 942 2008 consciverunt.
1016 1968 1181 2023 Legati,
1203 1983 1284 2008 non
1314 1968 1426 2008 ultra
1459 1983 1585 2024 quam
1616 1967 1737 2023 quin-

333 2035 416 2075 que
437 2020 523 2061 dies
555 2023 696 2063 Rhodi
726 2024 889 2074 morati,
921 2024 1227 2065 Alexandream
1258 2024 1588 2081 proficiscuntur.
1649 2026 1738 2066 Nec

333 2091 381 2116 eo
403 2077 567 2132 segnius
592 2080 752 2135 judicia
780 2096 831 2121 ex
863 2080 1028 2122 decreto
1054 2097 1191 2122 coram
1220 2081 1284 2121 his
1313 2081 1424 2122 facto
1453 2081 1593 2122 Rhodi
1622 2097 1737 2123 exer-

334 2133 561 2229 pebantur:
593 2152 719 2191 quam
748 2137 1094 2193 perseverantiam
1124 2138 1166 2179 in
1195 2138 1461 2194 exsequenda
1488 2154 1532 2179 re
1560 2138 1737 2180 Decimii

350 2193 519 2231 emtas*.

392 2247 483 2287 XI„
513 2249 652 2298 Quum
682 2250 772 2291 haec
810 2260 1069 2307 gererentur,
1100 2252 1335 2294 Antiochus
1374 2252 1531 2293 frustra
1569 2253 1739 2294 tentatis

122 2310 187 2358 Res
200 2310 321 2352 AEgyp-
334 2302 539 2344 moenibus
561 2306 840 2348 Alexandreae
861 2310 1109 2350 abscesserat
1128 2326 1136 2349 :
1173 2318 1391 2371 ceteraque
1414 2309 1605 2364 AEgypto
1631 2309 1738 2365 poti-

335 2367 417 2421 tus,
449 2360 592 2422 relicto
624 2363 815 2419 Memphi
846 2366 999 2421 majore
1034 2366 1273 2415 Ptolemaeo,
1304 2381 1371 2405 cni
1400 2380 1574 2420 regnum
1606 2366 1738 2421 quaeri

336 2430 427 2477 suis·
450 2416 606 2458 viribus
637 2419 872 2471 simulabat,
907 2430 951 2462 ut
984 2422 1180 2463 victorem
1220 2437 1316 2462 mox
1352 2421 1665 2476 adgrederetur,
1696 2422 1737 2462 in

338 2472 498 2526 Syriam
521 2474 747 2518 exercitum
769 2478 958 2519 abduxit.
1020 2480 1107 2518 Nec
1128 2479 1254 2534 hujus
1275 2477 1501 2519 voluntatis
1521 2478 1610 2533 ejus
1626 2478 1740 2533 igna-

335 2543 406 2569 rus
431 2527 697 2581 Ptolemaeus,
719 2533 820 2573 dum
842 2535 1112 2576 conterritum
1142 2534 1364 2575 obsidionis
1394 2543 1508 2575 metu
1538 2534 1738 2575 minorem

334 2584 505 2626 fratrem
527 2585 713 2638 haberet,
735 2604 853 2644 posse
881 2606 922 2630 se
954 2591 1080 2647 recipi
1112 2591 1405 2640 Alexandreae,
1427 2599 1468 2632 et
1500 2606 1637 2631 sorore
1668 2591 1739 2631 ad-

376 2716 418 2746 39
442 2716 472 2745 Si
489 2722 582 2746 tamen
600 2717 813 2758 populosoret]
839 2719 1012 2750 Probabilis
1055 2731 1102 2750 sos
1117 2725 1252 2750 excusat.

333 2762 379 2787 est
406 2758 582 2799 conjectura
610 2761 680 2791 Jac.
711 2761 878 2791 Gronovii:
924 2773 952 2791 se
980 2774 1013 2792 eur
1098 2763 1138 2792 40
1162 2763 1220 2792 Sub
1247 2764 1390 2803 adventu]
1433 2763 1483 2793 Sic
1511 2768 1542 2793 et
1571 2763 1688 2800 Florus,
1715 2764 1740 2794 1.

333 2810 411 2830 mens
437 2803 541 2841 populo
563 2802 724 2843 (Rhodio)
737 2804 831 2844 flaret.
878 2805 1013 2840 Qualem
1057 2806 1123 2837 III.
1139 2816 1164 2836 c.
1179 2806 1210 2837 6.
1225 2807 1276 2836 sab
1289 2808 1346 2844 ipso
1360 2808 1443 2837 hostis
1456 2817 1575 2837 recessu.

334 2851 444 2884 nempe
466 2844 665 2887 descripserat
684 2846 855 2881 Decimius,
872 2846 944 2877 dum
968 2847 1013 2889 ip-
