1826 3149
318 104 391 140 148
839 102 1201 143 T1T1L1V11

111 225 152 257 U.
168 226 289 259 (3.584.
322 226 395 268 spe
410 210 610 268 dejectuS,
632 213 888 254 Antenorem
911 221 951 254 et
974 212 1214 267 Callippum
1234 209 1455 267 praefectos
1474 207 1612 250 classis
1631 222 1725 249 curn

110 269 289 301 A.C.168.
322 268 601 325 quadraginta
639 270 783 310 lembis
821 269 1015 325 (adjectae
1050 269 1103 309 ad
1133 269 1245 309 hunc
1284 281 1504 308 numerum
1538 265 1727 321 quinque

323 324 473 380 pristes
500 329 637 381 erant)
670 326 890 366 Tenedum
921 325 1078 372 mittit-3
1114 324 1202 367 ⁵²ut
1232 324 1327 365 inde
1358 337 1509 379 sparsae
1538 336 1612 378 per
1644 323 1727 377 Cy-

324 380 462 422 cladas
494 381 648 423 insulas
679 397 817 431 naves,
841 381 1132 422 Macedoniam
1166 396 1261 422 cum
1288 381 1499 421 frumento
1523 385 1725 434 petentes,

325 446 575 480 tutarentur.
637 438 904 479 Cassandreae
930 438 1122 479 deductae
1147 452 1271 478 naves
1296 436 1338 477 in
1358 444 1506 493 portus
1527 435 1725 491 primum,

324 494 397 549 qui
420 495 497 535 sub
519 495 637 536 Atho
656 503 796 536 monte
817 504 928 544 sunt,
945 495 1041 535 inde
1059 494 1279 535 Tenedum
1295 493 1459 549 placido
1475 491 1578 532 mari
1594 505 1727 546 quum

323 551 591 607 trajecissent,
613 560 768 592 stantes
797 551 838 591 in
867 560 992 608 portu
1024 551 1212 592 Rhodias
1241 558 1404 606 apertas
1432 564 1558 590 naves
1588 547 1733 588 Euda-

323 622 521 664 mumque
556 608 804 664 praefectum
836 624 993 658 earum,
1025 607 1058 632 ⁵³
1074 607 1305 656 inviolatas,
1340 614 1467 661 atque
1502 604 1627 646 etiam
1657 604 1729 644 be-

324 663 447 719 nigne
479 664 707 719 adpellatos
742 665 1000 706 dimiserunt.
1062 664 1241 720 Cognito
1276 662 1440 712 deinde,
1475 661 1508 685 ⁵4
1521 661 1563 702 in
1598 661 1729 701 latere

323 720 454 761 altero
488 721 794 777 quinquaginta
832 722 1037 762 onerarias
1077 736 1260 770 suarum,
1301 719 1508 761 stantibus
1542 717 1585 758 in
1623 716 1730 758 ostio

324 785 471 832 portus
497 778 698 819 Eumenis
723 779 925 828 rostratis,
948 778 1102 834 quibus
1128 777 1305 818 Damius
1331 783 1526 832 praeerat,
1548 773 1728 815 inclusas

323 848 434 880 esse;
465 833 795 876 ⁵⁵circumveeti‘
824 850 1013 890 propere,
1044 850 1091 875 ac
1123 833 1325 875 submotis
1355 830 1726 874 terrore-hostium

323 890 513 941 navibus,
534 891 754 941 onerarias,
776 891 899 941 datis,
921 891 994 947 qui
1014 899 1379 947 prosequerentur,
1401 889 1542 930 decem
1566 886 1728 936 lembis,

323 946 364 987 in
396 947 686 989 Macedoniam
715 948 913 990 mittunt:
945 948 1005 989 ita
1033 956 1080 989 ut
1110 946 1144 971 ⁵⁶
1157 947 1198 987 in
1228 954 1369 988 tutum
1393 944 1602 1002 prosecuti
1622 942 1729 984 redi-

322 1012 415 1045 rent
438 1005 671 1046 Tenedum.
732 1005 855 1045 Nono
874 1012 968 1060 post
989 1004 1056 1046 die
1077 1003 1130 1045 ad
1158 1004 1341 1053 classem,
1365 1003 1452 1058 jam
1478 1001 1532 1042 ad
1559 1000 1729 1055 Sigeum

323 1067 515 1111 stantem,
529 1061 755 1102 redierunt.
799 1062 904 1102 Inde
920 1061 1079 1102 Subota
1094 1060 1248 1113 (insula
1262 1068 1323 1101 est
1336 1059 1552 1114 interjecta
1572 1057 1733 1098 Elaeaeu

322 1124 364 1157 et
380 1117 519 1172 Atho)
541 1118 765 1174 trajiciunt.
827 1119 954 1159 Forte
975 1126 1141 1174 postero
1161 1117 1242 1167 die,
1259 1131 1385 1172 quam
1410 1116 1570 1156 Subota
1590 1113 1731 1155 classis

324 1173 474 1223 tenuit,
496 1174 682 1230 quinque
708 1183 749 1216 et
770 1174 943 1230 triginta
968 1189 1107 1224 naves,
1135 1189 1239 1229 quas
1270 1173 1532 1229 hippagogos
1562 1178 1730 1220 vocant,

323 1229 376 1270 ab
409 1230 528 1271 Elaea
560 1231 757 1294 profectae
790 1246 885 1272 cum
916 1230 1130 1287 equitibus
1157 1229 1290 1271 Gallis
1321 1229 1537 1285 equisque,
1561 1228 1730 1269 Phanas

323 1295 652 1382 ffiomontorium
703 1287 904 1329 Chiorum
952 1287 1165 1344 petebant,
1200 1286 1311 1328 unde
1360 1285 1640 1327 transmittere
1688 1283 1731 1324 in

378 1343 616 1385 acedoniam
664 1352 843 1400 possent.
904 1343 1053 1386 Attalo
1102 1344 1154 1385 ab
1203 1344 1393 1384 Eumene
1442 1341 1732 1382 mittebantur.

325 1400 416 1440 Has
441 1415 565 1441 naves
592 1416 665 1457 per
690 1401 822 1442 altum
851 1400 950 1441 ferri
977 1415 1109 1456 quum
1137 1415 1188 1441 ex
1211 1400 1377 1455 specula
1397 1399 1561 1454 signu-m
1583 1398 1731 1438 datum

324 1456 529 1497 Antenori
550 1466 670 1507 esset,
691 1458 904 1514 profectus
927 1473 952 1498 a
983 1457 1166 1506 Subotis,
1185 1457 1293 1498 inter
1324 1456 1608 1511 Erythrarum
1636 1469 1733 1510 pro-

323 1513 575 1554 montorium
608 1514 860 1570 Chiumque,
892 1529 977 1570 qua
1005 1513 1256 1555 artissimum
1285 1512 1441 1554 fretum
1471 1520 1547 1562 est,
1578 1510 1629 1551 iis
1657 1511 1734 1551 ob-

322 1570 465 1611 currit.
526 1571 642 1611 Nihil
672 1570 809 1611 minus
839 1571 1004 1611 credere
1028 1570 1215 1626 praefecti
1244 1569 1459 1619 Eumenis,
1481 1583 1607 1624 quam
1636 1568 1732 1608 Maf-

323 1626 526 1667 cedonum
557 1627 726 1668 classem
756 1627 797 1667 in
828 1627 898 1667 illo
927 1627 1069 1682 vagari
1099 1626 1226 1667 mari:
1259 1641 1368 1667 nunc
1395 1627 1606 1666 Romanos
1626 1639 1728 1675 esse,

324 1697 434 1723 nunc
465 1684 675 1734 Attalum,
717 1691 791 1724 aut
821 1683 1009 1724 remissos
1041 1683 1201 1738 aliquos
1236 1683 1288 1724 ab
1321 1682 1470 1724 Attalo
1502 1696 1553 1722 ex
1586 1680 1730 1722 castris

325 1739 525 1780 Romanis
566 1741 816 1796 Pergamum
856 1748 1008 1796 petere.
1090 1740 1171 1780 Sed
1211 1754 1343 1795 quum
1378 1739 1466 1794 jam
1507 1737 1730 1793 adpropin-

325 1797 546 1851 quantium
573 1797 708 1838 forma
734 1797 963 1838 lemborum
995 1796 1110 1837 haud
1141 1796 1271 1837 dubia
1297 1803 1416 1845 esset,
1439 1803 1479 1836 et
1510 1794 1731 1835 concitatio

325 1867 547 1903 remorum,
578 1853 829 1910 directaeque
859 1853 901 1894 in
932 1869 973 1894 se
1003 1869 1151 1909 prorae,
1181 1851 1215 1879 ⁵⁷
1226 1853 1365 1894 hostes
1395 1851 1733 1908 adpropinquare

325 1909 607 1964 aperuissent;
652 1919 752 1951 tunc
786 1910 937 1966 injecta
971 1909 1193 1965 trepidatio
1233 1917 1309 1959 est,
1345 1924 1477 1964 quum
1515 1907 1731 1949 resistendi

327 1980 420 2020 spes
448 1965 563 2007 nulla
592 1975 711 2016 esset,
742 1967 998 2022 inhabilique
1027 1967 1196 2008 navium
1225 1981 1389 2022 genere,
1420 1972 1461 2007 et
1493 1964 1627 2006 Gallis
1659 1964 1730 2005 vix

326 2021 508 2076 quietem
549 2023 776 2065 ferentibus
811 2023 853 2064 in
892 2023 1006 2064 mari.
1068 2024 1171 2064 Pars
1210 2037 1368 2071 eorum,
1405 2021 1478 2078 qui
1518 2021 1734 2077 propiores

325 2076 359 2101 ⁵⁸
372 2078 596 2121 continenti
615 2080 724 2122 litori
741 2088 873 2130 erant,
894 2080 936 2121 in
958 2080 1224 2136 Erythraeam
1237 2088 1254 2104 ¹
1273 2086 1473 2120 enarunt:
1496 2093 1607 2133 pars,
1629 2077 1732 2118 velis

327 2134 451 2185 datis,
471 2135 524 2176 ad
547 2136 700 2178 Chium
721 2152 845 2179 naves
865 2137 1034 2193 ejecere,
1056 2135 1291 2192 relictisque
1317 2134 1451 2192 equiS,
1472 2134 1604 2175 effusa
1626 2134 1731 2190 fuga

453 2245 464 2267 ῑ
479 2247 676 2278 circunwectis
691 2247 781 2279 Crev.
868 2250 883 2267 ²¹
900 2247 980 2278 Eleae
995 2246 1092 2278 Gron.
1177 2247 1194 2266 Χ
1212 2245 1389 2287 Erythream
1405 2244 1501 2276 Gron·
1515 2243 1606 2275 Crev-

369 2353 411 2383 52
438 2352 477 2383 Ut
493 2355 559 2384 inde
579 2355 699 2396 ερατ-ειν]
737 2353 869 2385 Videtur
897 2354 1008 2385 melius
1051 2365 1086 2384 ac
1113 2353 1257 2384 summotis
1283 2358 1391 2381 terrore
1415 2350 1493 2392 ipso,
1521 2359 1613 2390 quem
1637 2348 1734 2381 adve-

326 2394 461 2425 suturum
488 2398 590 2435 sparsi,
616 2402 650 2427 ut
678 2397 824 2427 reseratur
858 2396 899 2428 ad
929 2407 1007 2438 prae-
1052 2396 1171 2427 nientes
1185 2394 1366 2436 injecerunt,
1381 2394 1502 2423 hostium
1516 2394 1649 2423 navibus.

327 2437 424 2468 sectos
437 2438 629 2481 classemque
644 2439 746 2481 potius
760 2450 854 2481 quam
870 2439 909 2471 ad
931 2439 1007 2482 pris-
1094 2440 1136 2470 56
1160 2438 1195 2468 In
1211 2438 1324 2478 tntum]
1356 2436 1442 2467 Olim
1470 2442 1572 2466 totum.
1616 2436 1732 2466 Emen-

326 2485 380 2510 tes.
1052 2481 1138 2512 davit
1152 2479 1305 2521 Sigonius.

369 2524 410 2554 53
444 2522 612 2562 Inviolatus,
647 2532 733 2564 utque
767 2526 853 2554 etiam
888 2526 1008 2566 benigne
1094 2525 1133 2554 57
1171 2523 1273 2553 Hostes
1313 2522 1543 2561 appropinquare
1598 2521 1730 2558 aperuis-

324 2567 495 2607 appeelatos]
567 2567 650 2607 Lege
693 2568 852 2601 inviolatos,
896 2578 1007 2609 nempe
1048 2567 1126 2607 sent]
1164 2564 1351 2605 Conjectura
1371 2563 1519 2594 Turnebh
1564 2562 1654 2594 Prius
1689 2562 1734 2593 le-

326 2608 501 2641 Eudamum
546 2614 724 2651 ceterosque
768 2609 908 2641 Rhodios
953 2610 1007 2651 qui
1050 2609 1179 2649 gebatur
1192 2610 1378 2646 apparuisset.
1423 2606 1516 2643 Quod
1538 2605 1564 2636 si
1592 2604 1662 2646 quis
1687 2615 1733 2635 re-

324 2657 413 2682 erant
425 2651 457 2682 in
473 2651 613 2684 navibus.
1052 2650 1147 2682 tinere
1184 2650 1270 2686 velit,
1307 2650 1391 2690 legat
1416 2655 1442 2678 et
1470 2649 1659 2679 concitatione
1685 2658 1733 2677 re-

368 2695 409 2725 54
433 2694 470 2724 In
487 2696 575 2725 lutere
590 2695 695 2736 altero]
711 2694 827 2724 Insulae
842 2693 975 2726 Tenedi.
1050 2705 1173 2728 moram,
1193 2694 1363 2732 directisque
1398 2692 1430 2721 in
1458 2702 1486 2721 se
1520 2692 1613 2731 proris
1647 2691 1735 2721 hostes

367 2739 408 2767 55
433 2737 653 2778 Circmnvectis]
687 2736 770 2767 Aliae
785 2736 936 2768 editiones
951 2736 1006 2767 ha·
1050 2737 1280 2775 appropinquare
1293 2735 1482 2774 apparuisset.

323 2779 398 2809 bent
433 2782 651 2815 circzmzwctus,
688 2779 756 2810 aliae
793 2781 1003 2810 circumvectos.
1090 2780 1129 2809 58
1156 2779 1322 2808 Continenti
1343 2778 1450 2818 latori]
1488 2774 1539 2806 Sic
1560 2774 1730 2807 Horatius:

324 2821 384 2852 Sed
415 2822 512 2853 cuivis
537 2828 623 2865 patet
643 2822 808 2863 legendum
834 2832 921 2852 esse:
945 2833 1004 2851 crr-
1050 2821 1162 2851 Parum
1177 2821 1299 2860 locuples
1312 2822 1474 2851 continente
1488 2820 1564 2858 ripa.

322 2867 462 2895 cum-vecti
487 2866 622 2908 praesecti
644 2865 751 2896 elassis
777 2864 1003 2900 Macedonicas,
