1805 3174
581 57 1038 110 PRAEFATIO.
1348 56 1534 104 lxxxvii

73 215 256 263 magna
293 201 508 249 historiae
547 206 687 263 parte
722 201 914 247 futurus
950 203 1039 252 est,
1078 201 1126 243 et
1162 211 1348 242 vacuos
1385 212 1534 243 sensu

72 292 159 339 pro
185 278 331 326 rebus
358 294 508 325 sonos
535 294 665 340 saepe
703 283 1010 340 captaturus,
1038 273 1300 333 diligenter
1331 273 1377 320 in
1402 275 1531 321 notis

71 354 272 410 nostris,
310 372 409 402 non
446 354 707 401 ambitiose
744 361 929 412 tamen,
966 350 1357 414 explicarentur.
1436 351 1532 399 lta-

72 447 170 493 que
217 433 405 479 nudam
445 432 733 493 hujusmodi
775 447 934 478 rerum
972 428 1357 477 aestimationem
1401 437 1531 476 notae

71 507 392 556 exhibebunt.
448 508 711 556 Momenta
736 507 999 562 rationum,
1028 505 1210 570 quibus
1236 505 1322 554 illa
1348 505 1528 562 nititur,

67 592 116 632 et
151 591 307 633 totam
344 585 663 634 subducendi
701 584 883 633 calculi
919 584 1063 638 viam,
1092 598 1353 645 operosum
1391 599 1532 644 argu-

69 668 310 718 mentum,
353 669 404 709 et
444 663 580 726 quod
630 679 722 710 nec
763 659 1021 725 perstringi
1070 658 1271 706 omnino
1316 658 1531 707 breviter

69 739 268 796 debeat,
295 757 387 788 nec
415 741 520 787 fuse
545 740 624 788 hic
651 738 889 803 explicari
915 737 1036 786 satis
1062 737 1330 784 commode
1354 737 1528 801 possit,

68 817 275 864 seorsim
301 835 610 881 exponemus
637 817 873 882 peculiari
900 815 1256 879 disputatione,
1278 832 1388 879 quae
1415 814 1528 862 huic

67 893 344 955 praefationi
371 896 715 958 subjungetur.

134 972 482 1037 Geographica
516 974 762 1022 illustrare
788 972 909 1037 quin
946 970 1222 1019 utilissimae
1260 985 1421 1032 operae
1447 970 1523 1026 sit,
1538 987 1743 1038 403Geogr2-

66 1067 214 1098 nemo
256 1068 377 1099 sane
415 1050 677 1111 dubitabit,
716 1050 802 1114 qui
844 1048 1119 1097 meminerit
1155 1063 1265 1094 eam
1304 1063 1414 1094 esse
1449 1033 1642 1093 velpfflffl‘

66 1126 372 1190 praecipuam
419 1127 635 1175 historiae
684 1128 860 1183 facem,
902 1125 1049 1188 plane
1092 1123 1444 1180 necessariam,
1487 1124 1528 1171 si

65 1203 178 1268 quis
204 1204 466 1253 distinctas
491 1222 651 1253 rerum
676 1211 928 1269 gestarum
950 1202 1190 1264 imagines
1216 1218 1395 1264 capere
1420 1201 1524 1249 ani-

67 1297 149 1329 mo
189 1281 319 1330 velit.
390 1282 486 1330 Illa
526 1282 772 1330 dubitatio
817 1281 923 1337 fuit,
960 1287 1122 1326 utrum
1159 1279 1357 1326 chartas
1395 1279 1743 1344 Geo-qurchartqs

66 1358 330 1421 graphicas
355 1358 715 1422 insculpendas
740 1373 1040 1412 curaremus,
1062 1374 1172 1419 quae
1197 1363 1418 1404 nostram
1444 1334 1734 1424 Li-Zssoffi'il'rlss'

65 1435 130 1483 vii
166 1435 437 1484 editionem
474 1436 844 1496 comitarentur,
870 1452 934 1482 an
969 1452 1028 1481 ea
1063 1451 1172 1497 quae
1199 1434 1262 1480 ad
1301 1420 1740 1500 Geog1·a-}{¹1}i}ss}¹0{¹ss“

64 1512 232 1575 phiam
275 1513 522 1577 pertinent
558 1513 719 1561 verbis
759 1512 1012 1576 explicare
1048 1510 1169 1558 satis
1212 1511 1619 1564 haberen1us.¹¹¹“⁵·

66 1590 213 1638 Prius
239 1590 364 1638 illud
390 1592 651 1640 consilium
675 1591 843 1639 multis
863 1591 1074 1638 fortasse
1095 1588 1348 1650 arrideret,
1370 1590 1524 1654 idque

64 1667 127 1714 ab
169 1666 361 1732 aliquot
399 1669 540 1716 annis
575 1669 625 1716 in
662 1667 889 1732 plurimis
923 1666 1029 1727 jam
1074 1665 1206 1713 libris
1244 1666 1523 1715 factitatum

61 1761 175 1792 esse
198 1761 300 1792 non
325 1745 626 1809 ignoramus.
698 1746 799 1795 Sed
826 1745 877 1792 in
910 1744 1056 1792 Livio
1083 1743 1220 1791 veriti
1246 1759 1434 1801 sumus,
1460 1763 1523 1792 ne

64 1839 178 1870 cum
203 1823 337 1871 haud
363 1824 544 1887 exigua
570 1834 798 1888 sumptus
830 1822 1125 1871 accessione
1149 1822 1327 1883 exigua
1352 1829 1522 1870 tamen

65 1901 127 1948 ad
156 1908 405 1964 emptores
443 1903 626 1951 rediret
652 1903 853 1951 utilitas.
925 1900 1126 1948 Etenim
1166 1899 1392 1947 manibus
1418 1916 1522 1947 om-

63 1977 199 2026 nium
242 1987 463 2028 teruntur
502 1981 685 2029 tabulae
737 1978 1103 2044 Geographicae
1150 1994 1319 2025 earum
1359 1977 1519 2039 regio-

62 2072 183 2104 num
218 2074 344 2120 quas
370 2058 574 2107 historia
610 2059 821 2107 Liviana
845 2056 1208 2121 complectitur,
1235 2072 1263 2102 a
1288 2054 1519 2102 doctissi-

63 2133 157 2180 mis
183 2134 297 2181 viris
316 2151 498 2198 magna
518 2153 636 2184 cura
654 2137 934 2184 elaboratae.
983 2133 1160 2196 Itaque
1185 2139 1352 2179 actum
1376 2148 1520 2194 agere

61 2211 323 2269 videretur,
351 2213 435 2276 qui
460 2230 522 2261 ex
548 2213 642 2261 illis
669 2210 1023 2274 vulgatissimis
1049 2208 1229 2257 tabulis
1256 2224 1519 2272 expressas

61 2289 259 2338 tabulas
286 2290 425 2338 Livio
450 2292 786 2354 subjungeret.

129 2367 229 2415 Sed
262 2384 427 2431 neque
462 2374 608 2415 notas
639 2375 832 2415 nostras
870 2363 1243 2427 Geographicas
1279 2362 1330 2409 in
1354 2362 1514 2425 ipsum
1530 2372 1593 2402 Cur
1606 2376 1696 2401 notas

1485 2437 1493 2445 .
1529 2416 1723 2452 Geographi·

63 2445 407 2494 commentarii
444 2462 624 2509 corpus
660 2445 878 2493 intexere
914 2442 1197 2492 consultum
1236 2457 1345 2488 esse
1375 2439 1689 2495 dum-casinip.

62 2535 188 2576 mus,
215 2537 280 2568 ne
316 2522 632 2570 multitudine
666 2524 895 2569 notarum
931 2524 1253 2567 onerarentur
1288 2524 1336 2563 et
1358 2516 1509 2577 impe·
1525 2509 1701 2571 fss¹g¹g,{{'}{¹'

61 2595 288 2644 direntur
309 2599 533 2661 paginae3
569 2616 632 2646 ne
657 2615 789 2661 saepe
813 2598 1066 2652 lectorem,
1094 2595 1212 2642 dum
1237 2594 1277 2640 is
1302 2591 1510 2652 alicujus
1524 2594 1717 2658 icffsrg'rffjess‘ifi'n

61 2673 180 2720 nodi
205 2673 288 2737 qui
311 2691 425 2723 eum
445 2676 576 2724 male
600 2675 753 2723 habet
777 2674 1073 2722 solutionem
1092 2670 1265 2735 quaerit
1287 2669 1339 2717 in
1359 2667 1508 2724 notis,
1525 2679 1608 2701 ΠΜ·

63 2766 328 2799 occurrens
362 2753 519 2801 oculis
544 2750 897 2816 Geographica
932 2746 1228 2811 disceptatio
1260 2746 1511 2793 frustrare-

801 2841 825 2868 Β
847 2832 872 2867 4
