1826 3149
160 195 202 225 U.
215 194 252 225 C.
266 194 339 225 583.

159 237 200 268 A.
213 237 250 267 C.
267 237 338 269 169.

376 80 448 114 126
904 76 937 116 Τ
950 80 966 117 1
981 79 1014 117 Τ
1028 81 1045 117 Ι
1087 80 1145 118 LI
1160 80 1193 118 V
1206 81 1222 118 Ι
1236 81 1252 118 Ι

375 180 481 226 Sunt
521 185 630 227 enim
672 187 835 243 Tempe
864 188 1008 239 saltus,
1040 190 1198 231 etiamsi
1228 205 1311 231 non
1340 190 1450 232 bello
1478 192 1550 232 fiat
1591 192 1781 246 infestus,

373 242 551 284 transitu
579 242 766 284 difficilis.
798 259 894 284 nam
913 243 1106 300 ³⁶praeter
1133 247 1345 303 angustias
1374 263 1449 304 per
1478 249 1665 305 quinque
1694 252 1783 292 mil-

372 298 440 349 lia,
464 313 547 352 qua
570 299 770 355 exiguum
798 301 990 355 jumento
1021 311 1172 344 onusto
1205 303 1284 344 iter
1316 313 1393 355 est,
1414 320 1539 360 rupes
1571 306 1782 364 utrimque

370 354 430 396 ita
450 355 618 397 abscisae
639 364 751 405 sunt,
774 365 821 397 ut
849 357 1004 413 despici
1025 358 1095 399 vix
1117 359 1202 400 sine
1223 361 1425 417 vertigine
1458 362 1638 417 quadam
1661 364 1782 405 simul

369 412 585 459 oculorum
617 412 741 452 animi
775 428 826 454 ue
857 414 998 469 possit.
1031 423 1158 457 terret
1179 424 1220 457 et
1242 417 1399 459 sonitus
1425 428 1465 460 et
1497 419 1677 461 altitudo
1708 436 1783 476 per

368 468 547 509 mediam
567 468 716 509 vallem
768 470 903 511 uentis
925 471 1051 511 Penei
1072 473 1213 513 amnis.
1276 474 1359 515 Hic
1380 475 1508 525 locus,
1531 484 1615 516 tam
1638 486 1784 533 suapte

369 533 520 566 natura
550 525 743 576 infestus,
764 541 839 582 per
871 536 1053 583 quatuor
1085 528 1282 571 distantia
1301 530 1391 572 loca
1409 532 1655 588 ³⁷praes'1diis
1675 534 1783 589 regis

368 582 451 622 fuit
482 581 672 622 insessus.
704 597 835 624 unum
856 584 898 624 in
930 585 1065 640 primo
1096 585 1214 627 aditu
1235 587 1289 627 ad
1313 588 1509 629 Gonnum
1543 598 1654 631 erat:
1686 590 1783 632 5831-

369 645 505 678 terum
528 638 748 694 Condylon
780 641 947 682 castello
978 641 1315 697 inexpugnabili:
1364 645 1534 686 tertium
1567 646 1680 693 circa
1702 648 1783 689 La-

368 694 590 749 pathunta,
612 710 737 750 quem
761 697 948 738 Characa
978 697 1207 754 adpellant:
1251 709 1449 756 quartum
1480 703 1559 743 viae
1583 702 1676 758 ipsi,
1698 720 1784 760 qua

368 758 409 790 et
449 751 586 791 media
615 760 656 793 et
697 754 989 808 angustissima
1018 755 1137 796 vallis
1180 765 1256 807 est,
1288 757 1529 813 inpositum,
1561 775 1688 815 quam
1718 763 1783 802 vel

367 806 509 847 decem
531 808 698 849 armatis
719 810 827 851 tueri
847 810 967 851 facile
987 820 1060 852 est.
1124 814 1356 855 Intercluso
1376 831 1450 870 per
1479 817 1640 872 Tempe
1662 818 1783 859 simul

367 863 487 904 aditu
519 866 831 917 commeatibus,
857 867 980 908 simul
1012 868 1166 919 reditu,
1188 869 1265 925 ipsi
1286 880 1461 923 montes,
1494 888 1569 928 per
1589 890 1694 930 quos
1715 875 1784 916 de-

368 920 625 971 scenderant‚
655 923 869 978 repetendi
900 932 1028 966 erant.
1050 924 1206 981 ³⁹quod
1236 935 1284 967 ut
1313 929 1429 969 furto
1458 930 1705 982 fefellerant,
1726 932 1785 974 ita

366 977 596 1032 propalam,
618 979 855 1020 tenentibus
888 981 1100 1037 superiora
1132 983 1346 1024 cacumina
1364 985 1567 1038 hostibus,
1590 1003 1673 1029 non
1692 997 1785 1045 pot-

366 1042 508 1075 erant:
555 1043 596 1075 et
626 1044 799 1091 experta
828 1037 1050 1079 difficultas
1086 1054 1199 1094 spem
1229 1055 1392 1081 omnem
1422 1042 1643 1086 incidisset.
1708 1047 1782 1086 Su-

366 1099 530 1145 pererat
550 1091 653 1131 nihil
673 1092 788 1133 aliud
804 1093 846 1133 in
867 1102 1020 1135 temere
1040 1096 1270 1147 commisso,
1287 1112 1412 1151 quam
1428 1099 1470 1139 in
1492 1101 1782 1144 Macedoniam

365 1146 421 1187 ad
454 1147 585 1188 Dium
620 1163 694 1204 per
725 1149 883 1190 medios
915 1151 1088 1192 evadere
1121 1152 1282 1194 hostes:
1327 1156 1456 1210 quod,
1479 1157 1556 1198 nisi
1578 1158 1650 1198 Dii
1671 1174 1782 1200 men-

367 1210 451 1243 tem
472 1204 560 1260 regi
580 1205 841 1255 ademissent,
863 1207 1000 1263 ipsum
1026 1208 1204 1264 ingentis
1236 1209 1491 1254 difficultatis
1512 1223 1611 1256 erat.
1673 1217 1782 1257 Nam

366 1274 499 1314 quum
533 1260 704 1317 Olympi
735 1263 893 1304 radices
925 1265 1076 1306 monti's
1108 1266 1250 1321 paullo
1281 1267 1377 1323 plus
1408 1285 1535 1325 quam
1560 1271 1671 1313 mille
1691 1288 1783 1328 pas-

367 1331 490 1357 suum
511 1317 564 1358 ad
596 1333 708 1359 mare
739 1319 977 1375 relinquant
1009 1323 1205 1377 spatium,
1227 1325 1347 1380 cujus
1379 1325 1598 1368 dimidium
1619 1329 1697 1369 loci
1718 1345 1783 1370 oc-

366 1382 494 1427 cupat
526 1374 680 1415 ostium
700 1375 782 1417 late
803 1385 1044 1432 restagnans
1078 1380 1266 1435 Baphyri
1297 1382 1442 1433 amnis,
1460 1383 1492 1407 ⁴⁰
1502 1393 1663 1440 partem
1695 1387 1783 1441 pla

367 1428 484 1470 niciae
514 1439 588 1472 aut
618 1431 739 1472 Jovis
773 1434 991 1489 templum,
1023 1444 1097 1477 aut
1138 1436 1340 1492 oppidum
1383 1447 1521 1488 tenet3
1573 1442 1781 1498 reliquum

366 1486 642 1542 perexiguum
671 1488 783 1529 fossa
810 1490 973 1531 modica
1001 1492 1193 1546 valloque
1223 1493 1360 1535 claudi
1390 1505 1568 1552 poterat,
1594 1507 1635 1540 et
1666 1515 1782 1541 saxo-

364 1557 459 1583 rum
488 1543 543 1584 ad
571 1559 741 1585 manum
771 1545 1052 1604 silvestrisque
1092 1551 1278 1591 materiae
1308 1559 1472 1594 tantum
1503 1563 1605 1605 erat,
1638 1564 1686 1598 ut
1715 1558 1781 1598 vel

363 1613 511 1640 murus
539 1600 678 1656 objici,
710 1610 930 1658 turresque
960 1605 1129 1646 excitari
1164 1608 1389 1662 potuerint.
1451 1612 1639 1661 Quorum
1679 1614 1781 1655 nihil

363 1670 497 1710 quum
540 1656 786 1713 dispexisset
832 1669 985 1702 caecata
1026 1677 1141 1703 mens
1184 1664 1323 1705 subito
1364 1673 1533 1718 terrore,
1574 1668 1781 1712 ‘¹¹nudatis

363 1712 557 1754 omnibus
588 1714 807 1770 praesidiis,
843 1717 1145 1775 patefactisque
1183 1719 1307 1772 bello,
1348 1723 1402 1763 ad
1438 1725 1630 1780 Pydnam
1670 1728 1781 1769 refu-

342 1804 345 1806 .
362 1767 437 1823 git.

422 1826 524 1866 VII.
559 1828 731 1879 Consul,
772 1829 1001 1885 plurimum
1041 1841 1082 1874 et
1117 1834 1300 1889 praesidii
1336 1844 1376 1877 et
1414 1838 1498 1893 spei
1535 1855 1703 1882 cernens
1737 1841 1779 1883 in

365 1882 545 1923 stultitia
564 1892 605 1924 et
628 1885 800 1940 segnitie
832 1886 976 1938 hostis,
998 1889 1166 1931 remisso
1190 1891 1342 1932 nuncio
1367 1894 1420 1934 ad
1444 1896 1513 1950 Sp.
1533 1896 1779 1939 Lucretium

363 1938 588 1990 Larissam,
611 1949 660 1982 ut
692 1942 873 1994 castella,
895 1945 1039 1986 relicta
1058 1947 1110 1987 ab
1141 1947 1273 1998 hoste,
1295 1949 1403 1991 circa
1425 1952 1586 2008 Tempe
1606 1969 1780 2010 occupa-

361 2003 440 2045 ret,
462 1996 675 2050 praemisso
696 1998 875 2055 Popillio
899 2002 953 2042 ad
973 2003 1249 2058 explorandos
1283 2007 1483 2049 transitus
1503 2010 1612 2050 circa
1632 2011 1778 2062 Dium,

361 2059 584 2107 postquam
626 2063 768 2110 patere
797 2057 935 2099 omnia
963 2058 1006 2101 in
1034 2075 1175 2101 omnes
1209 2070 1349 2117 partes
1383 2064 1689 2119 animadvertit,
1721 2084 1780 2110 se-

413 2182 456 2212 36
486 2182 601 2214 Psraeter
636 2187 803 2227 angustias]
841 2188 1050 2231 Praeterquam

362 2224 445 2264 quod
468 2232 600 2267 angusta
619 2228 668 2258 via
690 2235 736 2259 est
757 2240 810 2271 per
824 2231 959 2272 quinque
981 2233 1048 2263 mil-

362 2265 415 2301 lia,
443 2266 519 2299 adeo
546 2275 580 2299 ut
607 2271 750 2312 exiguum
778 2278 887 2304 onusto
909 2275 1050 2316 jumento

362 2308 419 2339 iter
441 2310 490 2345 sit,
507 2312 659 2353 utrimque
681 2336 690 2344 .
713 2337 721 2344 .
745 2337 753 2344 .
777 2315 891 2346 Parum
907 2318 1048 2349 videntur

362 2352 524 2384 convenire
565 2355 636 2386 huic
672 2356 867 2398 descriptioni
906 2369 942 2390 ea
978 2371 1047 2401 quae

363 2394 483 2425 Plinius
506 2396 526 2426 l.
542 2397 602 2428 IV.
624 2399 694 2429 c.8.
709 2399 747 2430 de
768 2399 875 2431 eodem
901 2402 967 2433 loco
993 2404 1047 2434 ha-

362 2436 424 2466 bet.
484 2438 596 2478 Tempe,
624 2440 734 2481 inquit,
763 2444 888 2483 quinque
922 2446 1048 2476 millium

359 2489 496 2517 passuum
531 2482 724 2523 hmgitvudine,
756 2491 783 2514 et
809 2485 909 2526 ferme
943 2490 1047 2528 sesqui-

352 2523 459 2563 jugerz'
486 2524 655 2561 latitudine,
682 2527 765 2556 ‘ultra
799 2529 892 2558 visum
928 2531 1048 2562 hominis

361 2565 557 2597 attollentibus
587 2579 614 2598 se
647 2570 750 2599 dextra
784 2571 912 2611 loevaque
945 2574 1048 2605 leniter

360 2610 488 2637 convexis
491 2611 588 2651 jugis.

404 2650 444 2680 37
468 2651 618 2683 Praesz'cliis
644 2654 736 2701 regis]
773 2656 942 2687 Mallemus
977 2668 1047 2688 cum

361 2692 518 2725 Gronovio
545 2698 642 2737 regiis·
701 2697 750 2727 Sic
777 2699 858 2729 enim
891 2699 967 2730 solet
995 2701 1047 2730 Li-

360 2744 437 2765 vius.

403 2779 444 2808 38
468 2780 601 2810 Alterum
639 2781 804 2824 Condylon]
843 2784 930 2815 Idem
968 2786 1046 2816 Gro-

363 2820 470 2851 novius
513 2822 676 2864 legendum
719 2825 871 2858 existimat
909 2829 1045 2867 alterum,

1094 2201 1203 2233 nempe
1227 2192 1412 2234 praesidium,
1439 2196 1477 2225 acl
1504 2196 1664 2237 Condylon.
1710 2198 1780 2229 Cas-

1094 2235 1160 2264 tello
1185 2235 1321 2277 intellige
1345 2248 1411 2267 cum
1435 2239 1561 2275 castello,
1584 2241 1631 2271 vel
1661 2242 1693 2271 in
1717 2252 1779 2272 cas-

1095 2278 1171 2307 tello).

1135 2321 1176 2350 39
1202 2321 1285 2355 Quod
1309 2329 1344 2352 ut
1359 2321 1449 2363 surm
1466 2323 1659 2367 fefellerant]
1686 2326 1779 2364 Quod

1092 2367 1125 2392 ut
1149 2362 1284 2394 fecerant
1306 2364 1446 2395 fallentes
1468 2366 1547 2398 furto
1570 2368 1682 2400 Persea
1704 2370 1777 2400 Ma-

1091 2404 1295 2446 cedonasque,
1327 2407 1370 2437 ita
1399 2409 1557 2449 propalam
1592 2410 1690 2442 facere
1717 2422 1777 2442 non

1091 2452 1240 2488 poterant,
1270 2449 1294 2479 si
1322 2450 1489 2480 tenuissent
1524 2463 1672 2485 cacumen
1706 2454 1777 2488 hos-

1091 2494 1146 2519 tes.
1215 2491 1498 2523 Transscenderant
1541 2495 1665 2536 quidem
1709 2497 1778 2528 illos

1091 2532 1197 2568 saltus,
1237 2534 1310 2574 quia
1350 2535 1520 2567 fefellerant
1560 2539 1696 2570 hostem:
1744 2546 1777 2571 at

1090 2573 1172 2604 idem
1208 2575 1306 2607 facere
1342 2587 1402 2607 non
1436 2584 1576 2618 poterant
1609 2582 1713 2623 palam
1746 2589 1778 2614 et

1093 2623 1198 2657 aperta
1210 2618 1251 2653 .vi,
1267 2619 1292 2648 si
1306 2619 1400 2650 hostis
1414 2621 1589 2654 obstitisset.

1133 2660 1174 2689 40
1200 2661 1319 2691 Partem
1339 2663 1491 2705 planitiae]
1524 2666 1694 2697 Revocavit
1716 2668 1776 2709 pri-

1093 2712 1150 2731 mae
1192 2703 1333 2734 editionis
1373 2705 1553 2747 scripturam
1593 2710 1776 2743 Gronovius.

1094 2745 1237 2785 Vulgatae
1253 2746 1367 2777 habent
1379 2750 1523 2787 planitiei.

1134 2789 1171 2818 41
1201 2788 1330 2820 Nudatis
1356 2794 1484 2822 omuibus
1509 2796 1669 2836 praesidiis]
1707 2796 1775 2827 Nu-

1091 2829 1170 2861 datis
1184 2831 1324 2874 praesidio
1338 2835 1479 2865 omnibus
1493 2836 1576 2868 locis.
