1831 3194
458 110 511 147 LI
528 111 572 146 Β,
602 109 721 146 XLV.
768 109 901 146 CAI‘.
933 110 1091 146 xxm.
1413 118 1477 157 191

74 219 170 272 ipse,
185 220 293 259 ultro
305 219 356 259 ab
371 220 525 260 sFtolis
540 218 714 259 hostibus
729 220 871 260 vestris
883 220 1107 267 arcessitus,
1123 234 1170 259 ex·
1187 220 1290 260 Asia
1304 222 1426 262 classe
1443 223 1485 262 in
1500 232 1538 262 U.
1553 231 1590 262 C.
1604 231 1678 260 585.

78 276 283 317 Gra’ciam
296 277 456 329 trajecit
467 300 479 322 ;
507 277 781 323 Demetriade,
797 283 832 316 et
846 278 1050 325 Chalcide,
1067 284 1103 317 et
1115 278 1222 318 saltu
1245 278 1486 332 'l'lzermopq-
1500 275 1539 304 Α·
1553 276 1589 305 C.
1606 273 1676 303 167.

73 335 202 374 larum
220 341 421 386 occupato,
438 336 485 373 de
497 335 740 386 possessione
755 335 917 385 imperii
929 349 992 373 vos
1006 334 1175 388 d‹jicere
1188 342 1367 376 conatus.
1392 338 1487 376 Cum

73 391 225 430 Perseo
240 393 338 431 socii
354 393 474 431 vestri
490 392 692 443 obpugnat
698 392 724 437 i,
741 392 819 430 alii
840 392 1042 444 interfecti
1063 394 1195 445 reguli
1206 394 1489 446 principc’sque

69 449 248 500 gentium
271 455 340 488 aut
360 450 608 500 populorum,
627 462 764 488 caussa
787 448 882 488 belli
898 449 1149 502 vobisjucrc.
1186 450 1309 498 Quem
1327 452 1487 490 tandem

73 506 232 545 titulum
256 512 392 545 nostra
409 506 621 545 calamitas
635 505 826 545 habitura
849 512 918 553 est,
935 507 971 545 si
985 508 1163 558 perituri
1176 522 1304 547 sumus
1318 510 1338 546 ‚9
1372 507 1488 547 Non-

73 563 163 602 dum
175 577 336 615 segrego
346 564 527 602 civitatis
538 577 715 602 caussam
730 578 755 601 a
772 564 1039 616 I’olyaratocl
1050 566 1228 612 Dinone,
1237 563 1385 605 civibus
1398 579 1487 605 nos-

73 620 163 669 tris,
180 626 217 659 et
234 621 297 668 iis,
315 634 422 672 quos,
436 627 477 660 ut
492 621 739 660 traderemus
753 620 873 667 vohis,
891 621 1141 661 adduaimus.
1172 623 1220 662 Si
1231 637 1361 662 omnes
1378 622 1488 662 Rho-

74 678 136 716 dii
156 690 266 730 (eque
287 678 403 716 noxii
422 691 597 724 essemus,
614 679 719 730 quod
735 683 909 717 nostrum
926 678 970 717 in
990 678 1062 717 hoc
1077 678 1176 718 bello
1192 681 1340 719 crimen
1353 686 1450 720 esset
1465 683 1486 718 ‚9

72 735 217 774 Persei
216 736 336 786 parti
339 735 407 787 bus
408 736 499 784 favi
502 749 583 774 mus
593 757 607 780 ,-
627 740 677 782 et,
688 736 1009 787 quemadmodum
1019 735 1213 776 Antiochi
1222 737 1489 790 Philippique

70 790 172 831 bello
190 805 267 843 pro
287 791 396 832 vobis
416 793 605 832 adversus
634 806 758 845 reges,
779 793 836 832 sic
857 806 959 832 nunc
981 807 1062 844 pro
1093 808 1185 847 rege
1204 796 1392 834 adversus
1423 809 1489 835 vos

70 851 260 889 stetimus.
289 850 623 896 Quemadmodum
636 850 827 889 soleamus
839 850 963 889 socios
961 849 1125 902 juvare,
1141 857 1177 890 et
1191 865 1307 904 quam
1322 853 1490 905 inpigre

72 919 277 958 capessere
297 906 412 954 bella,
435 908 481 947 C.
500 907 678 953 Livium,
705 906 754 945 L.
764 906 978 946 AOEmilium
996 908 1200 961 Regillum
1224 909 1485 962 interrogate,

73 964 145 1016 qui
158 964 347 1003 classibus
359 965 499 1004 vestris
512 965 554 1003 in
563 965 662 1004 Asia
669 964 941 1017 prafuerunt.
977 965 1200 1018 Numquam
1215 972 1355 1006 vestra’
1368 981 1488 1006 naves

67 1034 301 1073 pugnavere
312 1022 398 1060 sinc
412 1021 535 1060 nobis.
553 1027 691 1060 nostra
705 1022 829 1061 classe
835 1023 1104 1073 pugnavimus
1115 1024 1232 1062 semel
1243 1025 1299 1063 acl
1312 1024 1485 1072 Samum,

72 1078 214 1117 iterum
238 1078 279 1117 in
298 1078 545 1131 Pamphylia
567 1079 756 1118 adversus
771 1078 1052 1118 Hannibalem
1075 1080 1367 1131 imperatorem.
1400 1094 1488 1133 qua²

72 1135 243 1174 victoria
266 1135 378 1174 nobis
394 1149 438 1174 eo
453 1136 674 1188 gloriosior
693 1141 765 1183 est,
779 1136 898 1188 quod,
915 1149 1031 1188 quum
1052 1137 1108 1175 ad
1122 1138 1279 1176 Samum
1301 1151 1487 1191 magnam

62 1197 225 1244 partem
243 1193 401 1232 navium
418 1196 588 1232 adversa
603 1206 745 1245 pugna
762 1198 800 1232 et
816 1194 1018 1246 egregiam
1024 1192 1275 1245 juventutem
1288 1195 1487 1235 amisisse-

71 1263 167 1296 mus,
183 1255 355 1289 netanta
371 1250 526 1303 quidem
541 1250 655 1289 clade
663 1250 814 1297 territi,
830 1251 973 1290 iterum
989 1251 1079 1291 ausi
1090 1265 1219 1291 sumus
1232 1252 1356 1305 regia?
1368 1253 1488 1292 classi

68 1320 118 1346 ex
133 1307 255 1360 Syria
273 1307 451 1347 venienti
466 1306 621 1347 obviam
638 1307 709 1346 ire.
741 1307 850 1347 Hcec
866 1321 945 1346 uon
962 1309 1177 1361 gloriandi
1196 1323 1335 1349 caussa
1349 1310 1484 1358 retuli,

71 1365 214 1417 (neque
225 1365 328 1404 enim
342 1379 388 1404 ea
402 1378 506 1404 nunc
518 1371 656 1404 nostra
669 1370 726 1404 est
723 1364 919 1418 fortuna)
937 1366 1007 1405 sed
1019 1371 1063 1405 ut
1075 1366 1339 1415 admonerem,
1355 1381 1486 1420 quem-

69 1421 280 1461 admodum
300 1421 497 1475 adjuvare
516 1423 641 1462 socios
659 1422 831 1461 solerent
856 1422 1023 1462 Rhodii.

127 1478 321 1519 XXIII.
354 1479 544 1525 Proemia,
560 1479 761 1530 Philippo
774 1485 811 1518 et
824 1479 1026 1519 Antiocho
1041 1480 1220 1528 devictis,
1235 1481 1485 1534 amplissima

68 1536 289 1588 accepimus
301 1550 327 1575 a
340 1535 462 1576 vobis.
494 1536 551 1583 Si,
568 1549 656 1588 quae
668 1541 798 1576 vestra
816 1550 920 1575 nunc
935 1542 992 1576 est
995 1537 1174 1590 fortuna
1197 1538 1324 1578 Derim
1346 1538 1485 1592 benig-

69 1593 202 1632 nitate
216 1599 253 1633 et
275 1594 422 1633 virtute
437 1599 583 1641 vestra,
602 1607 649 1632 ea
665 1593 811 1632 Persei
812 1592 981 1646 fuisset,
1000 1600 1038 1633 et
1049 1596 1222 1646 pra’mia
1237 1596 1408 1647 petitum
1431 1597 1488 1636 ad

69 1650 254 1690 victorem
271 1664 400 1704 regem
416 1650 651 1690 venissemus
668 1650 710 1689 in
726 1649 1027 1700 Macedoniam,
1045 1652 1144 1705 quid
1155 1653 1316 1692 tandem
1333 1653 1486 1693 dicere-

70 1709 182 1747 mus?
203 1708 439 1747 Pecuniane
453 1722 478 1746 a
493 1707 605 1747 nobis
620 1706 814 1760 adjutum,
829 1721 884 1746 an
888 1707 1132 1760 frumento?
1155 1710 1325 1750 auxiliis
1339 1715 1485 1751 terres-

68 1763 210 1813 tribus,
233 1778 288 1804 an
309 1764 520 1804 navalibus
535 1767 555 1802 ,9
588 1765 695 1817 quod
705 1765 946 1817 praesidium
967 1767 1140 1806 tenuisse
1158 1780 1229 1807 nos
1243 1769 1264 1805 ?
1296 1766 1366 1807 ubi
1382 1781 1485 1821 pug-

68 1835 184 1862 nasse
201 1828 273 1861 aut
286 1821 356 1862 sub
374 1822 485 1862 illius
500 1821 675 1870 ducibus,
693 1828 765 1861 aut
781 1835 858 1874 per
873 1836 944 1862 nos
961 1823 1066 1874 ipsos
1083 1826 1104 1861 ?
1129 1823 1176 1863 Si
1190 1831 1399 1877 quaereret,
1416 1824 1487 1865 ubi

67 1879 179 1919 miles
191 1885 337 1927 noster,
352 1878 421 1918 ubi
433 1879 549 1918 navis
561 1880 672 1919 intra
681 1879 882 1931 praesidia
895 1894 964 1920 sua
965 1879 1122 1933 fuisset
1129 1897 1145 1928 ,·
1162 1881 1261 1934 quid
1271 1883 1484 1933 responde-

68 1950 197 1975 remus
210 1939 231 1974 ?
262 1935 644 1990 Caussamfortasse
659 1937 875 1976 diceremus
890 1938 1002 1989 apud
1016 1938 1215 1985 victorem,
1234 1939 1484 1991 quemadmo-

69 1993 160 2032 dum
173 1994 284 2045 apud
295 2008 360 2033 vos
374 1994 552 2033 dicimus.
584 1993 681 2033 Hoc
693 1994 796 2033 enim
810 1994 963 2047 legatos
976 2001 1142 2048 utroque
1155 1996 1204 2035 de
1212 2009 1314 2048 pace
1327 1997 1485 2036 mitten-

71 2050 123 2089 do
136 2051 335 2090 consecuti
348 2064 491 2101 sumus,
511 2049 597 2090 ⁹⁷ut
612 2064 662 2091 ne
676 2050 727 2090 ab
743 2057 914 2104 utraque
925 2058 1053 2104 parte
1067 2053 1251 2105 gratiam
1268 2053 1460 2094 iniremus
1468 2076 1482 2099 ‚-

68 2106 121 2146 ab
141 2108 274 2147 altera
295 2108 416 2148 etiam
438 2108 585 2147 crimen
601 2113 638 2147 et
652 2108 875 2160 periculum
899 2115 1011 2150 esset.
1045 2108 1296 2163 Quamquam
1313 2111 1486 2151 Perseus

69 2178 159 2204 vere
165 2163 364 2217 olgjiceret,
374 2165 419 2204 id
430 2165 537 2217 quod
542 2178 608 2205 vos
615 2178 693 2204 non
699 2165 884 2217 potestis,
896 2166 1043 2206 Patres
1050 2167 1280 2219 conscripti,
1291 2168 1484 2220 nosprin-

69 2221 179 2274 cipio
194 2221 290 2262 belli
315 2222 467 2262 misisse
486 2222 543 2261 ad
567 2235 633 2261 vos
659 2223 829 2276 legatos,
852 2223 923 2275 qui
941 2224 1234 2275 pollicerentur
1253 2224 1374 2273 vobis,
1397 2238 1487 2278 quae

69 2279 127 2318 ad
137 2278 277 2318 bellum
291 2293 388 2331 opus
402 2285 528 2319 essent
534 2301 550 2324 ;
573 2278 836 2327 9⁸navalihus,
851 2281 996 2333 armis,¹
997 2279 1206 2333 juventute
1217 2287 1370 2331 nostra,
1384 2283 1486 2322 sicut

61 2335 274 2388 prioribus
289 2336 414 2383 bellis,
432 2337 489 2375 ad
506 2337 640 2375 omnia
654 2342 830 2388 paratos
833 2336 949 2390 fore.
1011 2338 1077 2378 Ne
1090 2344 1390 2390 proestaremus,
1406 2352 1486 2391 per

69 2406 136 2433 vos
154 2393 278 2442 stetit,
294 2394 365 2446 qui
384 2394 433 2433 de
452 2407 694 2446 quacumque
708 2407 846 2434 caussa
862 2399 943 2433 tum
959 2395 1200 2448 adspernati
1215 2402 1353 2435 nostra
1366 2397 1485 2436 auxi-

69 2450 131 2489 lia
147 2451 252 2490 estis.
284 2450 427 2503 Neque
424 2451 603 2504 fecimus
618 2451 746 2502 igitur
759 2451 975 2504 quidquam
992 2458 1192 2505 tamquam
1206 2452 1348 2502 hostes,
1362 2466 1486 2506 neque

68 2505 255 2547 bonorum
274 2508 468 2547 sociorum
489 2506 686 2560 deficimus
705 2507 834 2562 officio
848 2530 862 2553 ;
895 2509 966 2548 sed
983 2523 1009 2547 a
1030 2509 1140 2549 vobis
1154 2508 1365 2562 prohibiti
1372 2523 1485 2562 pra)-

69 2568 179 2603 stare
181 2564 355 2617 suimus.
419 2564 528 2611 Quid
539 2565 695 2617 igitur?
727 2565 884 2604 nihilne
886 2565 1049 2617 factum
1067 2580 1191 2619 neque
1207 2567 1352 2606 dictum
1368 2573 1425 2606 est
1441 2567 1483 2606 in

69 2619 236 2660 civitate
264 2627 409 2670 vestra,
432 2622 601 2670 Rhodii,
624 2623 732 2675 quod
757 2623 930 2671 nolletis,
952 2637 1029 2676 quo
1057 2624 1200 2663 merito
1219 2624 1486 2679 offenderetur

116 2823 157 2853 97
186 2822 225 2853 Ut
253 2834 288 2853 ne
315 2825 350 2854 ab
380 2831 503 2866 utraque
534 2828 633 2868 parte]
673 2828 757 2869 Lege
843 2829 884 2859 98
916 2828 1077 2857 Navalibus
1120 2826 1223 2866 armis]
1280 2825 1340 2856 Hic
1384 2836 1485 2857 rursus

75 2876 147 2896 cum
161 2866 316 2897 Gronovio
331 2873 364 2896 11!
378 2869 413 2896 ab
429 2875 531 2898 neutra
545 2876 638 2908 parte.
799 2870 945 2902 emendat
961 2868 1145 2903 Gronovius,
1161 2869 1290 2903 navibus,
1305 2871 1404 2900 armis.
