1826 3149
368 104 443 139 244
911 101 1219 140 EPITOMAE

945 297 1184 351 LXXV.

403 448 407 453 ⁵
427 401 477 441 A.
499 399 728 441 Postumius
758 399 928 442 Albinus
955 401 1125 455 legatus,
1147 415 1265 454 quum
1291 400 1410 441 classi
1431 404 1635 452 praeesset,
1656 398 1763 453 infa-

369 457 446 496 mis
473 457 632 496 crimine
658 457 914 508 proditionis,
937 457 988 497 ab
1021 459 1194 498 exercitu
1223 472 1293 498 suo
1326 455 1558 509 interfectus
1588 462 1659 496 est.
1709 455 1764 494 L.

373 514 577 554 Cornelius
605 514 718 554 Sulla
741 514 896 568 legatus
924 514 1121 555 Samnites
1132 515 1278 567 proelio
1306 515 1415 563 vicit,
1438 520 1475 554 et
1508 514 1605 553 bina
1633 517 1764 552 castra

369 584 500 610 eorum
542 571 797 624 expugnavit.
858 571 933 611 Cn.
967 573 1185 624 Pompeius
1223 572 1400 613 Vestinos
1439 571 1481 610 in
1524 569 1766 610 deditionem

367 627 534 678 accepit.
602 628 657 667 L.
695 628 865 668 Porcius
896 629 1040 678 consul,
1071 629 1185 669 rebus
1210 642 1402 682 prospere
1429 627 1563 682 gestis
1586 624 1766 680 fusisque

368 683 582 737 aliquoties
601 684 768 732 Marsis,
791 686 881 725 dum
910 691 1043 726 castra
1063 699 1192 726 eorum
1223 690 1439 739 expugnat,
1459 684 1615 724 cecidit.
1636 697 1682 722 ea
1704 695 1766 721 res

369 739 542 780 hostibus
570 742 782 781 victoriam
812 740 893 794 ejus
914 743 1056 794 proelii
1085 743 1208 784 dedit.
1270 742 1480 783 Cosconius
1508 747 1546 781 et
1578 738 1767 780 Lucceius

371 796 570 838 Samnites
611 799 698 838 acie
735 799 926 846 vicerunt,
975 799 1154 840 Marium
1200 794 1439 853 Egnatium,
1490 796 1765 837 nobilissimum

367 854 535 894 hostium
556 856 700 902 ducem,
719 856 958 904 occiderunt,
975 857 1252 909 compluraque
1266 870 1397 896 eorum
1417 855 1568 907 oppida
1589 855 1633 894 in
1654 851 1765 892 dedi-

368 912 513 951 tionem
543 918 786 964 acceperunt.
836 912 889 952 L.
911 912 1023 953 Sulla
1044 913 1245 965 Hirpinos
1265 913 1427 960 domuit,
1453 911 1651 951 Samnites
1667 909 1764 948 mul-

368 969 422 1008 tis
448 968 611 1020 proeliis
626 968 762 1021 fudit,
795 969 948 1022 aliquot
972 971 1143 1022 populos
1176 970 1350 1023 recepit.-
1400 968 1636 1022 quantisque
1669 979 1767 1005 raro

368 1025 574 1078 quisquam
604 1027 711 1066 alius
743 1031 838 1066 ante
866 1028 1108 1066 consulatum
1138 1027 1252 1068 rebus
1278 1026 1415 1081 gestis,
1447 1026 1503 1065 ad
1528 1024 1764 1078 petitionem

366 1083 592 1123 consulatus
612 1083 782 1124 Romam
801 1089 857 1124 est
870 1083 1088 1140 profectus.

933 1233 1201 1287 LXXVI.

425 1324 478 1365 A.
504 1323 705 1365 Gabinius
736 1325 900 1380 legatus,
922 1326 1036 1367 rebus
1056 1328 1243 1367 adversus
1265 1326 1448 1366 Lucanos
1470 1338 1659 1378 prospere
1675 1337 1766 1377 ges-

366 1382 434 1430 tis,
474 1387 512 1421 et
544 1382 728 1434 plurimis
760 1384 916 1435 oppidis
949 1385 1203 1437 expugnatis,
1236 1384 1278 1422 in
1312 1382 1515 1422 obsidione
1547 1387 1764 1421 castrorum

367 1439 568 1479 hostilium
589 1439 736 1479 cecidit.
785 1440 986 1492 Sulpicius
1001 1441 1162 1493 legatus
1180 1440 1439 1479 Marrucinos
1453 1439 1608 1485 cecidit,
1623 1443 1769 1478 totam-

366 1509 441 1549 que
469 1509 555 1535 eam
585 1495 781 1549 regionem
809 1498 967 1549 recepit.
1016 1498 1089 1537 C'n.
1110 1498 1325 1548 Pompeius
1347 1496 1563 1548 proconsul
1587 1494 1766 1535 Vestinos

367 1558 406 1592 et
427 1553 623 1606 Pelignos
642 1552 682 1592 in
703 1553 937 1593 deditionem
968 1555 1132 1606 accepit.
1194 1554 1334 1593 Marsi
1361 1566 1524 1606 quoque,
1546 1567 1573 1592 a
1593 1552 1647 1591 L.
1668 1550 1767 1590 Mu-

366 1623 480 1657 rena,
503 1615 541 1649 et
559 1608 576 1632 ⁵
592 1609 754 1649 Caecilio
783 1611 925 1650 Pinna
945 1611 1090 1663 legatis
1118 1611 1274 1663 aliquot
1297 1610 1449 1662 proeliis
1464 1608 1610 1661 fracti,
1624 1621 1764 1660 pacem

364 1667 582 1717 petierunt.
615 1667 797 1706 Asculum
833 1681 856 1706 a
896 1667 968 1707 Cn.
999 1667 1191 1719 Pompeio
1225 1673 1378 1719 captum
1414 1672 1481 1714 est,
1518 1667 1629 1705 caesis
1666 1670 1705 1704 et
1738 1678 1765 1703 a

368 1721 500 1762 Mam.
522 1722 699 1762 AEmilio
718 1724 855 1777 legato
881 1723 1049 1764 Italicis.
1099 1724 1184 1764 Silo
1207 1724 1477 1776 Pompcedius,
1499 1724 1581 1762 dux
1603 1721 1767 1761 Marso-

366 1792 468 1828 rum,
489 1778 651 1819 6auctor
669 1778 784 1832 liujus
802 1780 873 1827 rei,
897 1781 940 1820 in
954 1780 1102 1832 proelio
1121 1781 1277 1820 cecidit.
1339 1780 1634 1820 Ariobarzanes
1656 1779 1764 1829 Cap-

357 1836 561 1888 padocice,
585 1836 818 1876 Nicomedes
847 1835 1055 1890 Bitliyniae
1073 1851 1196 1891 regno
1215 1851 1242 1877 a
1263 1836 1510 1877 Mithridate
1534 1836 1658 1875 Ponti
1677 1848 1767 1887 rege

362 1893 473 1945 pulsi
502 1899 602 1932 sunt.
660 1894 871 1933 Praeterea
901 1895 1144 1934 incursiones
1184 1894 1383 1934 Thracum
1412 1894 1452 1933 in
1482 1891 1765 1932 Macedoniam

359 1950 715 2003 populationesque
733 1951 919 1991 continet.

913 2095 1209 2148 LXXVII.

426 2200 556 2249 Quum
595 2202 645 2242 P.
692 2201 890 2255 Sulpicius
927 2205 1107 2245 tribunus
1152 2204 1290 2257 plebis,
1327 2209 1486 2244 auctore
1527 2202 1572 2243 C.
1610 2201 1764 2250 Mario,

360 2258 609 2310 perniciosas
648 2259 756 2312 leges
777 2262 1082 2314 promulgasset,
1115 2269 1161 2302 ut
1189 2260 1351 2301 exsules
1389 2266 1695 2307 revocarentur,
1727 2266 1767 2298 et

365 2313 462 2353 novi
491 2314 602 2355 cives
632 2314 895 2371 libertinique
923 2317 1270 2358 distribuerentur
1292 2318 1334 2357 in
1364 2316 1510 2365 tribus,
1530 2325 1571 2356 et
1594 2324 1637 2356 ut
1669 2314 1767 2355 Ma-

366 2369 451 2409 rius
480 2370 677 2411 adversus
709 2371 1000 2414 Mithridatem
1034 2374 1157 2415 Ponti
1189 2387 1328 2430 regem
1359 2373 1447 2413 dux
1477 2380 1700 2420 crearetur,
1729 2378 1767 2412 et

365 2427 668 2467 adversantibus
695 2429 915 2470 consulibus
938 2430 989 2478 Q.
1014 2432 1208 2484 Pompeio
1227 2439 1266 2471 et
1286 2431 1338 2471 L.
1362 2430 1484 2470 Sullae
1512 2430 1589 2469 vim
1611 2429 1766 2468 intulis-

364 2488 435 2531 set,
456 2481 607 2523 7occiso
632 2483 680 2532 GL
702 2486 896 2537 Pompeio
924 2488 1089 2527 consulis
1103 2487 1211 2538 filio,
1232 2501 1382 2541 genero
1401 2486 1549 2532 Sullce‚·
1585 2486 1635 2525 L.
1656 2485 1767 2526 Sulla

364 2540 499 2580 consul
531 2553 614 2579 cum
655 2543 826 2582 exercitu
864 2543 904 2583 in
942 2544 1073 2585 urbem
1106 2546 1227 2594 venit,
1264 2550 1303 2584 et
1331 2544 1522 2583 adversus
1545 2540 1766 2593 factionem

396 2653 428 2684 .5
454 2651 568 2682 Coecilio
591 2652 660 2693 Pio]
684 2652 735 2683 Sic
758 2654 855 2684 edidit
877 2655 1037 2696 Sigonius:
1124 2656 1143 2685 7
1169 2655 1265 2685 Occiso
1289 2655 1326 2689 Q.
1351 2653 1499 2696 Pompeio]
1539 2654 1590 2685 Sic
1621 2653 1705 2684 dedit
1728 2664 1766 2684 ex

366 2704 460 2734 quam
482 2694 645 2725 lectionem
675 2694 775 2726 firmat
805 2697 979 2728 Gronovius
1005 2709 1042 2728 ex
1087 2697 1264 2738 conjectura
1286 2697 1439 2739 Sigonius,
1459 2707 1555 2738 quum
1576 2696 1660 2739 prius
1681 2696 1764 2737 lege—

366 2736 501 2773 Velleio,
517 2736 537 2766 l.
554 2737 601 2768 11.
618 2747 646 2768 c.
665 2738 715 2768 15.
747 2738 830 2769 Libri
847 2739 962 2770 habent
980 2741 1042 2771 Coe-
1086 2745 1168 2771 retur
1203 2742 1343 2780 occisoque
1382 2740 1525 2779 Pompeio.
1591 2738 1766 2772 Assentitur

365 2779 431 2808 cilio
447 2779 557 2811 Pinna.
602 2779 675 2810 vid.
691 2779 781 2816 infra,
799 2792 826 2811 c.
842 2782 874 2812 2.
1087 2782 1213 2823 Sigonio
1231 2783 1372 2815 Pithoeus
1388 2782 1471 2824 apud
1484 2781 1670 2814 Hearnium.

409 2821 429 2850 6
451 2822 560 2851 Auctor
582 2822 669 2861 hujus
683 2824 741 2865 rei]
765 2823 833 2854 Imo
855 2825 942 2863 hujus
965 2825 1041 2856 belli.
