1831 3194
511 115 569 152 Ll
589 116 628 151 Β.
658 113 785 151 XLII.
834 115 861 151 C
878 118 904 151 A
921 115 960 151 P.
993 117 1078 152 XX.
1449 126 1487 158 :31

86 238 165 267 mae
186 226 226 266 in
248 225 431 281 singulos
452 224 585 265 missa.
648 224 740 264 Hos
771 224 916 279 utiquc
947 225 1137 280 populos,
1161 226 1274 280 quod
1305 226 1357 268 al)
1379 237 1496 283 tergo
1512 242 1597 272 inc.
1613 241 1685 271 580.

88 283 346 323 Macedoniae
384 281 566 322 Thracia
600 288 720 329 esset,
756 281 970 322 adsumtos
1005 281 1045 321 in
1077 281 1311 324 societatem
1343 288 1496 339 gaude·
1511 284 1687 315 A.(,·.172.

87 339 199 380 bant.
263 339 343 380 Sed
379 346 425 380 ut
462 338 502 378 in
534 338 638 377 Asia
674 354 842 393 quoque
875 347 915 378 et
949 338 1092 379 insulis
1122 340 1337 395 explorata
1361 343 1497 383 omnia

85 405 235 445 essent,
260 395 327 436 Ti.
361 394 586 436 Claudium
619 395 841 443 Neronem,
877 396 937 434 M.
972 395 1205 436 Decimium
1239 397 1394 452 legatos
1425 400 1498 439 mi-

87 461 240 493 serunt.
285 452 399 493 adire
426 467 494 492 eos
517 452 683 492 Cretam
706 459 747 491 et
770 451 970 492 Rhodum
985 453 1217 507 jusserunt,
1240 454 1359 495 simul
1383 471 1498 496 reno-

87 524 183 550 vare
222 508 458 558 amicitiam,
495 508 617 548 simul
658 508 875 563 speculari,
899 523 998 549 num
1034 509 1241 552 sollicitati
1277 511 1400 553 animi
1438 529 1498 553 so-

85 566 242 606 ciorum
264 566 316 606 ab
338 581 433 622 rege
456 567 606 606 Perseo
627 573 772 605 essent.

145 622 253 662 XX.
303 624 353 663 In
376 637 573 678 suspensa
597 621 762 662 civitate
796 622 849 662 ad
884 624 1232 678 exspectationem
1263 626 1356 667 novi
1385 625 1496 677 belli,
1514 641 1666 679 proemia.

86 687 290 720 nocturna
310 687 555 735 tempestate
578 677 611 702 ⁶³
624 678 816 719 columna
836 688 1014 720 rostrata
1035 680 1075 720 in
1100 682 1306 737 Capitolio
1324 684 1370 716 *q
1392 684 1500 725 bello
1609 676 1618 681 ζ’

88 735 272 777 Punicor
291 736 483 786 consulis,
501 736 567 777 cui
589 735 747 789 collega
770 737 854 776 Ser.
872 736 1048 777 Fulvius
1069 737 1165 786 fuit,
1188 747 1276 779 tota
1296 740 1349 780 ad
1371 740 1500 782 imum

86 792 260 833 fulmine
281 793 465 835 discussa
485 801 559 834 est.
620 792 686 833 Ea
716 808 793 842 reS,
825 793 1004 849 prodigii
1027 793 1114 834 loco
1135 795 1291 845 habita,
1314 797 1365 837 ad
1389 813 1501 838 senae

88 857 180 890 tum
209 850 340 891 relata
369 858 441 891 est.
504 851 651 891 Patres
678 850 732 890 ad
759 849 967 905 aruspices
994 850 1160 899 referre,
1183 861 1223 892 et
1248 853 1501 895 decemviros

87 905 201 946 adire
231 907 357 948 libros
381 909 610 964 jusserunt.
672 906 921 955 Decemviri,
949 906 1249 949 ⁶⁴lustrandum
1283 910 1500 965 oppidum,

88 961 122 986 ⁶⁵
135 964 478 1019 supplicationem
509 963 918 1018 obsecrationemque
948 963 1198 1015 habendam,
1222 966 1398 1007 victimis
1419 983 1503 1008 ma-

83 1019 248 1075 joribus
278 1020 589 1062 sacrificandum
621 1028 662 1060 et
693 1019 734 1060 in
767 1019 973 1074 Capitolio
1006 1021 1166 1069 Romae,
1189 1031 1229 1062 et
1255 1023 1295 1062 in
1329 1026 1504 1079 (lampa-

89 1076 158 1117 nia
197 1077 251 1117 ad
296 1077 500 1118 Minervae
541 1076 886 1132 promontorium,
918 1077 1241 1118 renunciaruut:
1277 1079 1398 1119 ludos
1427 1096 1501 1136 per

89 1133 229 1174 decem
252 1134 339 1175 dies
368 1134 467 1174 Jovi
498 1133 655 1189 optimo
686 1132 866 1173 maximo
896 1133 1030 1187 primo
1061 1150 1230 1189 quoque
1260 1135 1326 1176 die
1354 1137 1505 1178 facien-

88 1189 174 1231 dos.
236 1192 302 1232 Ea
321 1190 458 1231 onmia
478 1205 573 1231 cum
594 1205 694 1230 cura
715 1189 835 1230 facta.
897 1190 1140 1245 Aruspices,
1162 1192 1203 1231 in
1233 1192 1386 1233 bonum
1417 1209 1506 1234 ver-

89 1261 235 1288 surum
264 1247 308 1288 id
342 1247 596 1304 prodigium,
627 1246 984 1302 prolationemque
1020 1247 1164 1288 finium
1208 1257 1247 1289 et
1291 1249 1505 1291 interitum

88 1304 367 1400 perduellium
387 1304 595 1360 portendi,
618 1303 921 1359 responderunt
939 1320 949 1351 ;
975 1304 1090 1359 quod
1103 1320 1152 1344 ex
1172 1305 1360 1347 hostibus
1378 1308 1508 1362 spolia

108 1360 264 1403 uissent
291 1377 339 1402 ea
370 1370 517 1411 rostra,
540 1376 635 1417 quae
664 1368 886 1416 tempestas
914 1360 1151 1416 disjecisset.
1213 1363 1505 1415 Accesserunt,

89 1416 123 1441 ⁶⁶
138 1433 234 1473 quae
262 1418 524 1459 cumularent
553 1417 771 1472 religiones
800 1416 957 1457 animis.
1022 1418 1242 1469 Saturniae,
1264 1420 1507 1461 nunciatum

90 1483 194 1525 erat,
216 1475 416 1530 sanguine
440 1490 514 1530 per
544 1474 734 1516 triduum
763 1473 807 1514 in
835 1473 991 1528 oppido
1021 1473 1204 1529 pluisse;
1230 1475 1402 1517 Calatiae
1432 1477 1509 1517 asi-

132 1567 150 1591 q
165 1568 237 1594 nota
258 1564 379 1594 lacunae
403 1564 506 1594 abest:
533 1563 631 1594 Gron.
649 1563 740 1594 Crev.
870 1566 882 1582 Υ
898 1562 1058 1592 —Puw'co
1077 1566 1172 1602 prim-e
1190 1566 1278 1603 posita
1295 1578 1311 1594 a
1329 1566 1374 1597 M.
1394 1567 1511 1597 AEmilio

89 1607 215 1643 consule,
231 1608 280 1636 cui
295 1612 355 1637 etc.
372 1607 467 1637 Gron.
514 1607 646 1637 Uncinis
662 1606 782 1637 inclusa
795 1606 1073 1644 'priore—AEmz‘lt'o
1088 1607 1180 1637 refert
1197 1608 1289 1640 Crev.

134 1683 174 1713 63
208 1683 349 1712 Columna
385 1689 508 1713 rostrata
550 1684 583 1712 in
623 1682 775 1721 Capitolio,

819 1686 925 1722 gatam
961 1680 1143 1723 scriptorum
1188 1682 1399 1721 Romanorum
1436 1695 1509 1714 con-

91 1726 161 1756 bello
184 1725 298 1756 Punica
323 1725 434 1766 [priore
459 1727 551 1765 posita
576 1737 595 1754 a
619 1725 665 1756 M.
683 1725 776 1754 AEmi-

821 1723 1028 1759 suetudinem,
1044 1730 1078 1754 ut
1101 1725 1236 1755 Romam
1264 1728 1342 1756 urbis
1365 1727 1436 1757 κατ’
1452 1728 1508 1765 ἔξο-

91 1768 143 1809 Ζίο]
190 1768 338 1809 Quinque
372 1768 491 1799 ultimae
521 1778 612 1798 voces
646 1767 778 1809 adjectae

91 1817 164 1842 sunt
186 1821 205 1842 a
234 1811 370 1852 Sigonio.
423 1811 569 1842 Ceterum
599 1810 690 1851 hujus
726 1821 778 1841 co-

91 1853 207 1885 lumnae
230 1860 364 1885 rostrata:
391 1854 478 1885 nulla
507 1853 569 1884 alia
593 1859 692 1884 exstat
713 1864 776 1884 me-

91 1897 200 1928 moria.
243 1896 463 1939 Triumphasse
480 1897 549 1927 illos
573 1896 715 1927 consules
740 1896 778 1926 de

92 1940 201 1971 Poenis
223 1945 254 1970 et
278 1940 517 1970 Cossurensibus
540 1939 626 1970 Fasti
650 1939 776 1980 Capito-

92 1982 147 2013 lini
162 1988 257 2014 testes
272 1988 354 2013 sunt.
401 1982 473 2014 Vid.
490 1993 583 2023 supra
605 1983 626 2012 l.
644 1982 777 2013 XVIII.

92 2035 119 2056 c.
146 2027 196 2056 41.
224 2025 360 2056 Rostrata
383 2031 428 2056 est
450 2026 554 2056 rostris
576 2025 701 2057 navium
725 2035 777 2055 ex-

91 2074 210 2100 ornata.

135 2111 176 2141 64
207 2111 409 2142 Lustraoidzmz
450 2111 600 2151 oppidum]
658 2110 780 2140 Sacrifi-

93 2153 176 2185 cium
205 2155 416 2196 peragendum
445 2165 523 2190 esse,
546 2154 579 2185 in
605 2163 666 2194 quo
693 2153 778 2194 oppi-

92 2197 167 2228 dum
212 2197 355 2228 circuiret
392 2203 423 2228 et
467 2197 598 2228 ambiret
641 2195 780 2226 victima.

92 2239 253 2277 Lustrasti),
283 2243 333 2271 vel
364 2242 488 2270 lamam
522 2249 685 2270 commune
714 2244 780 2269 erat

91 2293 205 2313 nomen
232 2283 370 2314 omniurn
395 2282 625 2318 sacrificiorum,
651 2282 684 2311 in
710 2281 779 2322 qui-

92 2325 150 2356 bus
189 2325 291 2356 hostia
318 2326 616 2357 circumducebatur.
661 2325 693 2355 Si
721 2324 778 2354 cir-

91 2377 162 2398 cum
199 2369 318 2405 urbem,
352 2369 515 2399 dicebatur
544 2367 694 2409 peculiari
724 2377 778 2397 no-

92 2410 175 2442 mine
218 2413 420 2447 amburbium;
456 2412 481 2441 si
522 2411 639 2441 circum
679 2420 778 2451 agros,

90 2455 290 2491 ambarvalia5
320 2454 345 2484 si
375 2454 492 2485 circum
515 2453 695 2488 exercitum,
720 2453 778 2482 Ias-

91 2498 132 2526 tri
165 2497 407 2538 appellationem
443 2497 609 2527 retinebat.
654 2497 779 2525 Ambur-

91 2539 169 2568 biam
183 2539 367 2570 describitur
382 2550 401 2570 a
423 2540 563 2576 Lucano,
579 2539 598 2568 l.
616 2539 643 2569 I.
660 2549 690 2569 v.
706 2538 780 2568 592.

92 2585 124 2611 et
150 2592 215 2623 seq.
260 2583 447 2612 Ambarvalia
478 2593 496 2613 a
524 2581 668 2622 Virgilio,
698 2580 722 2611 l.
750 2581 779 2612 I.

96 2623 211 2664 Georg.
228 2636 258 2655 v.
274 2626 349 2656 345.
365 2631 396 2656 et
411 2636 475 2666 seq.
517 2624 592 2656 Vid.
609 2629 639 2655 et
655 2624 780 2654 Festum

92 2664 126 2695 in
153 2677 228 2697 voce
258 2669 467 2703 Amburbiales,
498 2673 529 2698 et
565 2666 705 2697 Servium
742 2666 782 2696 ad

94 2707 204 2749 Eclog.
227 2710 292 2740 ΙΙΙ.
308 2721 339 2741 v.
354 2711 406 2741 77.
452 2712 597 2740 Ceterum
627 2709 677 2740 hic
705 2708 784 2739 illud

92 2750 262 2782 notandum
288 2753 431 2788 occurrit,
455 2752 538 2794 quod
561 2763 657 2793 quum
680 2761 779 2782 sermo

92 2792 133 2824 de
155 2793 259 2824 Roma
278 2794 330 2832 sit,
352 2797 449 2835 oppidi
470 2805 583 2826 nomen
604 2800 780 2835 usurpatur.

93 2835 133 2866 Id
159 2834 271 2867 mirum
292 2837 390 2878 primo
420 2837 570 2880 adspectu
599 2837 696 2868 videri
726 2836 779 2867 de-

94 2878 147 2908 bet
177 2877 214 2909 iis
243 2878 296 2920 qui
326 2886 437 2910 norunt
458 2880 540 2911 hanc
563 2891 629 2912 esse
657 2879 781 2922 pervul-

821 1768 882 1807 χὴν
904 1767 1027 1798 nomine
1058 1767 1239 1808 insigniant,
1262 1771 1366 1808 oppida
1391 1770 1510 1801 soleant

822 1810 926 1841 dicere
955 1810 1087 1840 minores
1115 1811 1215 1841 urbes.
1269 1811 1330 1842 Sed
1365 1812 1509 1843 nimirum

821 1853 879 1883 hoc
906 1853 975 1884 loco
1005 1858 1035 1883 et
1066 1853 1135 1884 aliis
1164 1852 1316 1885 similibus
1355 1865 1415 1886 non
1446 1861 1511 1886 tota

823 1896 927 1926 Roma
955 1897 1051 1935 oppidi
1076 1895 1199 1927 nomine
1223 1896 1426 1938 intelligenda
1453 1905 1509 1934 est,

822 1939 877 1969 sed
893 1944 977 1969 certa
992 1939 1137 1979 quaedam
1153 1939 1219 1980 ejus
1235 1940 1318 1981 regio
1334 1953 1339 1970 :
1365 1947 1399 1971 ut
1423 1941 1509 1972 Pari—

821 1981 874 2011 siis
889 1980 966 2012 duas
980 1980 1064 2011 urbis
1086 1988 1200 2023 partes,
1218 1982 1347 2013 alteram
1369 1984 1510 2015 nomina-

822 2034 891 2054 mus
919 2024 947 2053 Ia
979 2023 1056 2060 Cim,
1086 2025 1216 2055 alteram
1247 2026 1273 2055 la
1308 2025 1390 2057 Vale.
1444 2028 1509 2058 Jos.

823 2066 962 2107 Scaliger
988 2066 1021 2096 in
1051 2067 1260 2110 conjectaneis
1288 2068 1417 2099 ulterius
1445 2080 1510 2100 rem

824 2109 1014 2150 exsequitur,
1038 2115 1070 2140 et
1091 2110 1196 2152 oppidi
1220 2111 1343 2142 nomine
1367 2112 1512 2153 designa-

823 2157 888 2182 tam
909 2163 975 2183 esse
998 2157 1089 2193 putat
1110 2154 1246 2184 Romam
1268 2153 1355 2185 illam
1378 2155 1512 2196 quadra-

823 2200 898 2230 tam,
916 2205 935 2225 a
950 2194 1086 2225 Romulo
1100 2196 1234 2237 primum
1248 2197 1415 2228 conditam.

880 2238 921 2268 65
960 2238 1201 2277 Supplicationem
1282 2241 1511 2270 obsec-rationem-

823 2282 894 2322 que]
925 2280 1104 2319 Supplicatio
1126 2287 1202 2318 erat,
1227 2286 1261 2311 ut
1289 2282 1381 2313 facile
1411 2283 1513 2323 quivis

824 2329 970 2354 annotare
998 2323 1099 2364 potuit
1129 2335 1167 2354 ex
1196 2325 1350 2355 sexcentis
1366 2326 1445 2355 Livii
1467 2326 1512 2356 lo-

823 2366 878 2401 cis,
901 2377 998 2407 quum
1023 2366 1156 2408 populus
1180 2367 1296 2408 templa
1316 2368 1511 2404 circumibat,

823 2415 865 2444 et,
891 2409 978 2439 caesis
1001 2409 1146 2445 victimis,
1162 2410 1212 2440 vel
1235 2410 1447 2450 gratulabatur
1474 2411 1512 2442 de

822 2452 986 2493 prosperis,
1002 2451 1052 2482 vel
1068 2453 1152 2483 mala
1174 2452 1410 2494 deprecabatur.
1456 2454 1512 2483 Ob-

825 2496 945 2524 secratio
980 2494 1082 2529 fiebat⁸
1110 2495 1143 2525 in
1180 2495 1254 2531 foro,
1292 2506 1350 2526 nec
1391 2496 1512 2527 videtur

825 2536 910 2567 aliud
946 2537 1050 2573 fuisse,
1086 2537 1144 2568 nisi
1180 2539 1316 2579 precatio
1356 2539 1511 2580 quaedam,

823 2590 917 2621 quam
933 2590 950 2610 e
966 2579 1088 2610 Rostris
1102 2580 1244 2611 sacerdos
1265 2581 1408 2622 publicus
1422 2591 1511 2622 pera-

824 2628 921 2663 geret.
966 2622 1044 2653 Vid.
1064 2633 1156 2665 supra
1179 2629 1327 2659 nostrum,
1351 2624 1371 2653 l.
1397 2624 1458 2654 IV.
1483 2633 1511 2653 c.

825 2667 879 2696 21.
894 2671 926 2695 et
941 2666 1064 2695 Sueton.
1081 2665 1114 2695 in
1131 2665 1275 2702 Claudio,
1291 2676 1319 2696 c.
1334 2667 1384 2695 22.

871 2708 937 2738 66¹¹
954 2707 1027 2742 Quae
1055 2709 1239 2739 cumularent
1268 2709 1418 2748 religiones
1446 2709 1512 2737 imi—

821 2751 890 2791 mis]
917 2751 996 2787 Quoe
1019 2750 1119 2791 magis
1142 2761 1179 2781 ac
1203 2751 1300 2790 magis
1321 2749 1438 2780 animos
1454 2749 1511 2779 im-

822 2793 944 2834 plerent
971 2793 1182 2834 religionibus,
1205 2793 1354 2833 novisque
1383 2792 1435 2822 irat
1466 2792 1512 2823 di-

823 2835 905 2867 vinae
919 2836 1090 2866 timoribus.
1140 2851 1145 2855 s

896 2926 963 2960 EQ
