1826 3149
278 75 352 109 152
807 68 947 109 TITI
992 69 1164 109 LIVII

65 193 106 225 U.
122 195 158 223 c.
175 192 249 224 584.
280 187 320 221 et
355 178 535 230 Bellum,
566 178 772 235 principes
804 179 953 235 gentis,
986 193 1060 235 per
1092 195 1198 235 quos
1229 178 1417 221 inducias
1431 187 1622 277 speteret,
1648 186 1697 220 ut

67 236 158 268 A·C·
178 235 247 266 168.
282 235 509 278 deliberare
536 235 588 277 de
618 244 730 278 statu
766 251 905 277 rerum
936 251 1105 277 suarum
1137 245 1288 292 posset.
1351 236 1428 277 Tri
1462 253 1517 277 uo
1547 237 1590 277 in
1619 236 1698 277 hoc

74 754 209 786 Gentius
223 766 254 786 se

74 798 170 829 dedit.

77 1432 251 1474 Οἱψὶωῑῒω

75 1475 201 1516 cognati
217 1486 263 1506 re-

74 1518 132 1559 giS.

80 1938 208 1968 Perseus
224 1938 253 1968 in

78 1991 190 2021 magno
205 1987 263 2011 ter-

77 2034 142 2054 rore
159 2029 216 2054 cst.

282 293 397 344 dato,
433 308 565 349 quum
605 301 741 333 castra
776 293 967 333 Romana
1006 292 1256 348 quingentos
1294 293 1424 334 ferme
1464 308 1611 349 passus
1644 293 1698 334 ab

283 350 387 391 urbe
417 351 620 399 abessent,
643 364 788 389 navem
819 349 1071 399 conscendit,
1093 357 1134 390 et
1164 349 1334 391 flumine
1363 351 1557 391 Barbaria
1585 349 1700 390 navi-

282 415 355 463 gat
385 406 427 447 111
457 407 592 447 lacum
627 405 878 456 Labeatum,
911 405 1027 446 velut
1063 414 1267 447 secretum
1299 407 1436 447 locum
1468 415 1613 463 petens
1645 406 1699 447 ad

284 463 632 509 consultandum;
666 462 752 513 sed,
774 470 822 504 ut
844 462 1055 518 adparuit,
1076 462 1181 503 falsa
1202 478 1273 518 spe
1294 463 1469 527 excitus,
1494 465 1702 505 Caravan-

285 520 391 583 tium
431 520 617 569 fratrem,
650 518 683 545 ⁷⁰
698 519 842 561 multis
881 519 1065 560 millibus
1099 528 1353 561 armatorum
1389 520 1491 561 actis
1521 519 1619 560 ⁷¹ex
1652 535 1701 561 ea

284 576 466 632 regione,
507 576 548 616 in
588 591 715 631 quam
755 576 904 617 missus
943 584 1047 627 erat,
1084 575 1321 617 adventare.
1363 577 1436 632 qui
1476 585 1700 640 postquam

286 633 454 674 evanuit
476 647 632 682 rumor,
654 632 778 674 tertio
798 641 893 688 post
915 632 981 673 die
1011 648 1158 674 navem
1179 632 1366 673 eamdem
1388 634 1569 674 secundo
1589 648 1700 673 amm

289 689 485 730 Scodram
514 689 702 730 demisit:
735 689 1042 752 praemissisque
1069 689 1244 753 nunciis,
1271 698 1319 731 ut
1355 689 1432 731 sibi
1465 690 1702 753 adpellandi

287 746 478 809 praetoris
517 754 700 810 potestas
734 747 866 797 fieret,
902 761 1021 802 copla
1059 746 1183 797 facta,
1216 746 1257 786 in
1290 755 1425 787 castra
1457 747 1580 788 venit.
1642 748 1702 788 Et

287 818 535 859 prineiplum
577 802 773 845 orationis
812 804 865 844 ab
911 803 1171 844 accusatione
1211 803 1402 844 stultitiae
1442 819 1560 845 orsus
1600 819 1701 866 suae,

288 868 497 915 postremo
531 859 585 900 ad
620 874 761 915 preces
795 859 1067 914 lacrimasque
1101 860 1273 911 effusus,
1303 860 1480 915 genibus
1513 860 1705 916 praetoris

288 916 521 981 accidens,
514 932 555 957 m
585 925 833 972 potestatem
865 932 950 957 sese
971 915 1098 957 dedit.
1161 916 1317 979 Primo,
1338 917 1494 957 bouum
1519 932 1703 957 amnium

289 973 471 1014 habere
456 989 615 1029 jussus,
637 973 690 1014 ad
718 988 877 1014 coenam
898 972 1022 1014 etiam
1054 972 1269 1023 invitatus,
1291 973 1333 1013 in
1356 974 1501 1014 urbem
1522 974 1575 1014 ad
1609 989 1705 1014 suos

290 1030 430 1080 rediit,
456 1039 497 1071 et
527 1045 622 1071 cum
653 1039 830 1085 praetore
860 1045 908 1070 eo
938 1029 1004 1070 die
1039 1029 1262 1070 honorifice
1294 1038 1355 1071 est
1388 1030 1605 1086 epulatus:
1638 1029 1708 1071 de-

290 1086 422 1127 inde
414 1101 454 1126 m
477 1086 707 1128 custodiam
732 1088 779 1127 C.
804 1086 946 1127 Cassio
968 1085 1136 1127 tribuno
1166 1086 1346 1127 militum
1377 1087 1572 1138 tladitus,
1592 1087 1626 1114 72
1638 1085 1709 1126 vix

288 1143 538 1197 gladiatorio
569 1151 739 1198 accepto
768 1143 909 1184 decem
945 1142 1111 1184 talentis
1140 1143 1192 1185 ab
1222 1159 1319 1198 rege
1350 1159 1438 1195 rex,
1461 1152 1509 1185 ut
1541 1144 1582 1185 in
1613 1158 1704 1185 eam

288 1176 444 1240 fortun
437 1214 502 1240 1111
523 1200 735 1241 recideret.

348 1257 564 1297 XXXII.
612 1256 802 1307 Anicius,
846 1256 1001 1297 Scodra
1040 1265 1219 1312 lecepta,
1260 1256 1362 1298 nihil
1406 1257 1537 1313 prius,
1578 1273 1706 1321 quam

290 1313 511 1368 requisitos
534 1313 746 1354 Petillium
762 1315 1099 1369 Perpernamque
1120 1313 1277 1369 legatos
1297 1313 1351 1354 ad
1373 1330 1414 1355 se
1435 1315 1547 1366 duci,
1563 1314 1702 1377 jussit.

290 1370 444 1424 quibus
466 1370 682 1425 splendore
712 1385 787 1411 suo
819 1370 1028 1420 restituto,
1051 1371 1304 1425 Perpelnam
1335 1371 1558 1435 extemplo·
1574 1370 1706 1412 mittit

289 1426 343 1466 ad
378 1426 786 1489 comprehendendos
820 1426 971 1467 amicos
1005 1434 1286 1482 cognatosque
1320 1442 1452 1483 regis:
1489 1428 1578 1484 qui,
1612 1429 1706 1469 Me-

290 1483 479 1533 deonem,
522 1483 771 1524 Labeatium
815 1483 951 1539 gentis
994 1484 1156 1533 urbem,
1197 1483 1423 1539 profectus,
1463 1484 1497 1512 ⁷³
1511 1485 1705 1526 Etlevam

291 1555 463 1580 uxorem
499 1555 594 1581 cum
635 1539 728 1581 filiis
768 1540 948 1590 duobus,
984 1539 1300 1582 ⁷1Scerdilaedo²
1333 1541 1635 1605 Pleuratoque,
1663 1550 1705 1583 et

293 1597 591 1637 Calavantium
618 1597 790 1637 fratrem
814 1597 1010 1637 Scodram
1037 1597 1081 1637 in
1101 1605 1235 1638 castra
1264 1597 1454 1639 adduxit.
1515 1598 1706 1648 Anicius,

290 1653 400 1693 bello
423 1653 570 1708 Illyrio
590 1652 746 1694 ⁷⁵1ntra
771 1653 944 1708 tliginta
964 1653 1050 1694 dies
1080 1653 1280 1708 perfecto,
1302 1654 1500 1696 nuncium
1521 1655 1705 1697 victoriae

293 1711 546 1764 Perpernam
587 1711 766 1750 Romam
806 1709 941 1751 misit:
983 1718 1024 1751 et
1058 1718 1152 1775 post
1185 1709 1273 1750 dies
1311 1725 1465 1766 paucos
1503 1712 1705 1753 Gentium

291 1781 430 1821 regem
463 1766 599 1822 ipsum
636 1781 731 1807 cum
763 1774 949 1822 parente,
984 1769 1176 1822 conjuge,
1207 1776 1280 1807 aca
1303 1767 1457 1818 liberis,
1479 1784 1526 1809 ac
1561 1769 1706 1819 fratre,

291 1800 464 1878 aliisque
498 1822 756 1879 principibus
792 1823 1046 1879 Illyriorum.
1108 1824 1204 1863 Hoc
1235 1839 1367 1864 unum
1398 1825 1554 1866 bellum
1590 1825 1707 1881 prius

292 1888 593 1942 perpetratum,
620 1895 747 1935 quam
777 1888 977 1936 coeptum,
1004 1881 1151 1920 Romae
1183 1880 1375 1921 auditum
1408 1890 1481 1923 est.
1543 1882 1708 1932 Quibus

292 1935 439 1977 (liebus
471 1937 559 1977 111100
594 1937 841 1992 agebantur,
877 1938 1053 1978 Perseus
1085 1952 1254 1993 quoque
1288 1937 1330 1978 in
1366 1953 1517 1994 magno
1550 1947 1707 1980 terrore

601 2049 618 2066 Ζ
635 2045 791 2076 Scardileta
808 2045 904 2076 Gron.
922 2045 1012 2076 Crev.
1147 2049 1163 2066 ‘²
1178 2057 1212 2076 «w
1227 2045 1290 2077 del.
1306 2045 1394 2076 Eaed.

335 2146 376 2176 70
402 2147 508 2176 Multis
535 2148 660 2177 millibus
685 2154 865 2177 armatorum
890 2148 976 2188 actis]

293 2189 399 2229 Magis
433 2189 568 2230 placeret
593 2200 663 2221 cum
695 2190 851 2221 Gronovio
878 2190 979 2232 legere

292 2243 323 2260 cs
318 2233 406 2261 metis.

1021 2157 1088 2177 cem
1114 2146 1233 2178 talenta
1258 2151 1328 2177 sunt
1353 2157 1463 2178 marcae
1491 2147 1609 2189 argenti
1635 2159 1706 2179 nos-

1023 2195 1117 2220 trates
1131 2191 1206 2220 937.
1222 2190 1321 2221 unciae
1337 2191 1367 2221 4.

1066 2233 1106 2263 73
1131 2233 1263 2263 Etlevam
1295 2234 1426 2274 uxorem]
1464 2233 1564 2274 Supra
1598 2244 1625 2263 c.
1655 2234 1708 2263 30.

335 2274 372 2303 71
399 2274 445 2303 ΕΤ
480 2277 663 2314 ιη’-,11010110
699 2278 729 2305 ἱη
761 2287 847 2316 quam
880 2277 980 2306 missus

291 2316 370 2356 emt]
407 2317 484 2347 Haec
514 2327 573 2347 non
603 2318 745 2348 videntur
777 2317 979 2359 intelligenda

292 2368 358 2388 esse
381 2359 419 2388 de
442 2359 637 2400 expeditione
661 2360 869 2392 Caravantii
863 2372 895 2391 in
916 2362 977 2392 Ca-

292 2400 367 2436 vios,
384 2401 421 2431 de
437 2411 542 2448 quac.
565 2413 655 2443 praec.
672 2404 735 2444 egit
750 2403 867 2434 Livius.
912 2404 978 2433 De-

292 2443 335 2481 518
331 2448 430 2473 natur
465 2444 567 2484 potius
602 2445 703 2476 amica
737 2445 841 2486 aliqua
873 2446 979 2476 Gentii

292 2496 339 2526 1ορ
336 2486 388 2522 11),
412 2486 442 2515 111
469 2497 563 2527 quam
592 2488 808 2524 Caravantius,
833 2499 851 2518 a
875 2488 979 2519 Caviis

292 2514 341 2559 vel
356 2539 505 2564 1ον015115,
522 2530 570 2559 vel
586 2536 757 2565 revocatus,
774 2530 884 2561 missus
899 2537 979 2561 esset

293 2582 311 2602 a
328 2572 419 2602 fratre
438 2576 471 2601 ut
491 2571 595 2612 copias
617 2573 819 2603 contraheret.
866 2574 904 2604 Id
920 2574 979 2604 for-

291 2620 372 2644 tasse
395 2613 507 2645 clariut¹
530 2621 754 2645 memoraverat
770 2615 876 2646 Livius
896 2616 927 2647 in
942 2616 979 2646 iis

291 2668 361 2697 quae
378 2656 609 2688 intemiderunt.

335 2701 374 2729 72
402 2701 449 2730 Iit
483 2700 677 2737 gladiatorio
676 2699 815 2739 accepto]
854 2700 974 2741 Accep-

290 2742 328 2771 ti
350 2742 388 2772 de
374 2753 458 2773 ecem
484 2743 618 2778 talentis,
637 2754 706 2783 quae
730 2742 871 2783 pecuniae
894 2753 977 2772 sum-

290 2795 315 2813 n
312 2795 339 2813 a
357 2785 404 2814 vix
429 2791 511 2815 tante
537 2792 593 2821 es‚t
610 2791 725 2827 quauta
747 2785 812 2815 «lati
840 2786 916 2816 solet
939 2785 975 2815 iis

291 2837 341 2868 ·j·u
366 2838 488 2869 epotam
513 2839 599 2859 suam
626 2839 724 2860 ι11011ῑο
751 2828 863 2860 locant.
910 2828 972 2859 Dc*

1023 2274 1134 2305 dicitur
1164 2275 1296 2306 Gentius
1324 2286 1448 2305 uxorem
1475 2275 1600 2306 duxisse
1630 2277 1707 2306 Etu-

1022 2323 1086 2348 tam
1130 2317 1257 2348 Honuni
1299 2318 1516 2348 Dardanorum
1560 2318 1709 2360 principis

1022 2360 1129 2392 filiam.
1172 2360 1234 2391 Sed
1264 2360 1390 2391 fortasse
1419 2360 1501 2391 idem
1525 2366 1571 2391 est
1596 2371 1708 2392 nomen

1024 2403 1117 2433 Ena-a
1146 2408 1177 2434 et
1200 2404 1321 2433 Etlera:
1349 2403 1474 2434 fortasse
1502 2404 1647 2434 alterutro
1676 2403 1708 2434 in

1023 2446 1090 2476 loco
1118 2446 1226 2476 vitium
1255 2451 1313 2477 est.
1357 2446 1446 2476 Nihil
1473 2456 1596 2486 quoque
1624 2450 1709 2477 vetat

1023 2487 1148 2519 credere
1170 2489 1299 2519 Etutam
1321 2493 1375 2518 aut
1400 2494 1563 2523 mortuam,
1587 2494 1642 2519 aut
1662 2499 1709 2519 re-

1021 2530 1181 2572 pudiatam
1197 2530 1299 2561 fuisse.

1066 2574 1106 2603 74
1130 2573 1301 2613 Scerdileto]
1341 2572 1433 2603 Liber
1459 2572 1568 2604 habuit
1595 2573 1709 2603 Scerdi-

1023 2616 1070 2645 lc'o.
1115 2616 1258 2656 Sigonius
1291 2615 1433 2650 mutavit,
1463 2616 1537 2656 quia
1567 2616 1710 2646 Scerdila-

1023 2664 1070 2687 tus
1085 2668 1196 2689 nomen
1219 2664 1265 2689 est
1281 2657 1395 2699 Illyriis
1410 2658 1523 2698 regulis
1547 2658 1709 2694 familiare,

1019 2706 1054 2730 ut
1068 2706 1196 2741 apparet
1212 2712 1249 2731 ex
1265 2700 1469 2742 superioribus
1484 2700 1579 2730 libris.

1063 2743 1104 2773 75
1130 2743 1213 2773 Intra
1238 2746 1362 2783 triginta
1384 2744 1457 2783 dies]
1490 2743 1653 2785 Appianus
1676 2742 1708 2773 in

1020 2785 1154 2826 Illyricis
1171 2786 1265 2817 habet
1279 2787 1470 2818 solummodo
1484 2788 1600 2829 viginti.
