1831 3174
499 92 613 128 LIB.
646 91 751 128 XLI.
796 91 926 127 cAI'.
958 92 1048 127 xil.
1441 98 1484 129 13

68 204 186 255 bant)
220 201 420 249 ludibriis,
452 216 554 241 nave
584 201 741 249 eadem,
763 216 849 254 qua
877 208 1058 248 venerat,
1083 200 1317 255 Aquileiam
1351 201 1482 242 rediit.
1503 212 1674 240 [J.(3.575.

71 259 175 300 Inde
210 259 375 313 collegae
411 257 586 312 scripsit,
624 265 669 297 ut
706 257 883 297 militum
921 272 1117 297 novorum
1155 256 1189 296 ei
1232 257 1354 311 parti,
1391 254 1675 311 qlffl.A.C.l77.

69 315 219 370 scripta
247 316 287 355 in
321 313 484 355 Istriani
515 313 765 376 provinciam
798 321 917 363 esset,
949 313 1140 362 ediceret,
1171 313 1407 367 Aquileiam
1441 324 1486 355 ut

68 372 326 417 conveniret;
369 386 419 410 ne
455 370 556 424 quid
598 386 639 410 se
678 372 822 410 Romae
864 379 1034 419 teneret,
1071 386 1156 424 quo
1196 370 1345 419 minus,
1382 371 1488 411 votis

68 427 329 484 nuncupatis,
359 427 584 482 paludatus
614 427 666 467 ab
702 427 803 467 urbe
834 426 975 467 exiret.
1038 428 1142 467 Haec
1177 426 1344 479 collegae
1374 427 1489 467 obse-

68 493 240 540 quenter
273 484 396 533 facta,
427 483 646 538 brevisque
681 483 767 524 dies
799 484 851 523 ad
885 483 1208 524 conveniendum
1246 483 1381 524 edicta
1413 493 1486 524 est.

70 541 270 582 Claudius
304 555 433 595 prope
468 548 711 580 consecutus
747 549 807 580 est
844 540 981 580 literas
1017 556 1122 580 suas.
1184 539 1388 580 Concione
1418 540 1489 580 ad-

67 597 230 638 veniens
259 597 311 638 dc
335 596 494 637 Manlio
524 605 565 637 et
596 598 624 637 J
630 597 725 637 unio
756 597 912 646 habita,
935 612 1015 636 non
1048 597 1158 637 ultra
1188 596 1372 637 triduum
1406 612 1490 637 mo-

66 662 179 695 ratus
210 655 371 704 Romae,
393 654 632 709 paludatus,
657 669 748 694 cum
783 653 1009 703 lictoribus,
1032 653 1222 708 votisque
1253 653 1293 693 in
1323 653 1490 708 Capito-

67 710 120 751 lio
156 710 416 766 nuncupatis,
452 710 492 750 in
534 709 800 766 provinciam,
838 709 995 765 ‘²⁹aeque
1036 725 1082 750 ac
1122 709 1252 765 prius,
1287 709 1490 765 praecipiti

68 767 272 808 celeritate
293 767 391 808 abit.

137 824 221 864 XI.
272 823 421 865 Paucis
461 832 555 865 ante
596 824 742 865 diebus
782 823 937 864 ‹Junius
979 823 1247 878 RIanliusque
1287 823 1489 879 oppidum
1504 834 1679 864 Nesattium

65 880 353 930 ⁵⁰Nesattium,
395 896 479 936 quo
524 897 564 921 se
608 881 813 936 principes
856 882 1059 921 Istrorum
1103 889 1143 920 et
1189 880 1358 934 regulus
1402 880 1488 935 ipse
1503 876 1652 935 claudius

66 937 224 993 AEpulo
264 946 487 993 receperat,
531 953 690 978 sumina
730 937 769 977 vi
809 937 1117 992 obpugnarunt.
1180 938 1244 976 Eo
1286 936 1487 977 Claudius
1499 920 1667 993 fisssm'ffl'

65 994 228 1035 duabus
258 994 487 1049 legionibus
518 994 632 1034 novis
662 994 868 1041 adductis,
898 1002 1034 1033 vetere
1064 993 1247 1033 exercitu
1279 1009 1373 1033 cuni
1405 994 1488 1034 suis

66 1051 242 1092 ducibus
282 1051 462 1099 dimisso,
494 1050 579 1106 ipse
619 1050 821 1106 oppidum
861 1049 1138 1098 circumsedit,
1170 1058 1210 1090 et
1251 1049 1378 1090 vineis
1418 1051 1489 1090 ob-

66 1123 251 1164 pugnare
290 1107 490 1148 intendit:
533 1122 777 1162 amnemque
816 1105 1166 1162 praeterfluentem
1207 1106 1372 1155 moenia,
1416 1106 1489 1161 qui

67 1173 107 1205 et
147 1164 426 1220 inpedimento
460 1164 800 1219 obpugnantibus
835 1171 937 1212 erat,
972 1172 1012 1204 et
1052 1162 1326 1218 aequationem
1370 1163 1489 1204 Istris

65 1221 291 1277 praebebat,
333 1221 560 1262 multorum
601 1220 763 1261 dierum
802 1235 925 1275 opere
965 1228 1185 1275 exceptum
1226 1235 1332 1259 novo
1371 1219 1488 1260 alveo

65 1277 224 1319 avertit.
286 1279 351 1318 Ea
379 1293 442 1318 res
481 1278 677 1318 barbaros
708 1277 906 1317 miraculo
942 1276 1089 1317 terruit
1126 1276 1321 1316 abscisae⁸¹
1341 1282 1694 1331 aquaezFuroroppi-

65 1342 105 1375 et
135 1350 185 1375 ne
215 1342 305 1375 turn
336 1334 505 1390 quidem
539 1349 739 1374 memores
768 1333 893 1389 pacis,
925 1333 965 1373 in
1001 1333 1154 1373 caedem
1186 1334 1411 1388 conjugum
1442 1349 1488 1373 ac
1500 1324 1658 1355 danorum.

66 1391 287 1432 liberorum
317 1391 449 1439 versi,
482 1390 620 1441 etiam,
652 1399 699 1431 ut
730 1390 964 1445 spectaculo
993 1390 1182 1430 hostibus
1214 1397 1297 1430 tam
1328 1390 1489 1430 foedum

63 1447 222 1489 facinus
261 1457 380 1498 esset,
429 1448 565 1503 palam
616 1447 657 1487 in
706 1447 835 1487 muris
884 1446 1112 1487 trucidatos
1159 1445 1487 1501 praecipitabant.

68 1505 185 1545 Inter
225 1504 345 1545 simul
385 1503 747 1559 complorationem
787 1502 1033 1542 feminarum
1072 1517 1397 1557 puerorumque,
1438 1502 1489 1543 si-

65 1561 153 1601 mul
182 1561 402 1601 nefandam
432 1561 601 1609 caedem,
623 1559 787 1608 milites,
810 1558 1051 1614 transgressi
1081 1574 1263 1608 murum,
1285 1559 1487 1614 oppidum

64 1617 284 1658 intrarunt.
316 1618 436 1673 cujus
456 1616 566 1672 capti
596 1615 826 1656 tumultum
848 1623 895 1656 ut
917 1630 966 1655 ex
996 1615 1149 1670 pavido
1179 1615 1354 1655 clamore
1379 1616 1488 1670 fugi-

63 1673 221 1714 entium
256 1674 412 1729 accepit
447 1689 535 1723 rex,
567 1672 728 1728 trajecit
763 1672 872 1712 ferro
901 1680 1061 1727 pectus,
1092 1687 1143 1712 ne
1172 1671 1292 1712 vivus
1327 1687 1489 1727 capere-

66 1738 158 1771 tur:
200 1730 323 1772 ceteri
356 1730 480 1786 capti,
512 1738 585 1770 aut
615 1728 747 1769 occisi.
809 1729 908 1768 Duo
943 1728 1091 1769 deinde
1130 1728 1298 1784 oppida,
1332 1729 1490 1770 Mutila

65 1795 107 1828 et
138 1786 325 1837 Faveria,
356 1787 397 1827 vi
427 1794 549 1842 capta
578 1794 618 1826 et
648 1785 795 1826 deleta.
858 1785 1022 1835 Praeda,
1053 1793 1102 1826 ut
1131 1784 1172 1825 in
1207 1793 1330 1841 gente
1360 1785 1487 1841 inopi,

66 1858 137 1898 spe
165 1845 296 1900 major
330 1843 426 1894 fuit,
457 1851 498 1884 et
532 1842 664 1883 omnis
702 1841 904 1883 militibus
943 1857 1132 1882 concessa
1161 1850 1233 1882 est.
1296 1841 1490 1897 Quinque

67 1899 194 1940 millia
222 1900 405 1956 capitum
436 1907 627 1940 sexcenta
658 1899 830 1954 triginta
858 1899 944 1939 duo
974 1899 1051 1939 sub
1081 1914 1231 1939 corona
1259 1898 1487 1940 venierunt.

66 1964 253 1998 auctores
286 1957 383 1998 belli
418 1956 545 2012 virgis
585 1955 692 2005 caesi,
728 1964 768 1996 et
810 1955 941 1996 securi
980 1955 1174 2010 percussi.
1237 1955 1362 1996 Istria
1401 1963 1489 1996 tota
1502 1967 1593 1998 Istria
1607 1979 1661 2009 pa-

67 2013 193 2053 trium
222 2014 472 2069 oppidorum
500 2012 660 2054 excidio
680 2021 721 2053 et
752 2020 883 2053 morte
912 2012 1020 2067 regis
1049 2020 1196 2067 pacata
1215 2020 1299 2053 est:
1332 2027 1489 2053 omnes-
1500 2017 1582 2041 cata.

67 2084 148 2124 que
178 2070 363 2126 undique
392 2069 551 2126 populi,
579 2069 793 2110 obsidibus
823 2068 944 2119 datis,
974 2068 1015 2108 in
1045 2069 1243 2109 ditionem
1274 2078 1487 2110 venerunt.

71 2126 156 2167 Sub
180 2127 316 2168 Istrici
345 2127 468 2167 finem
487 2125 583 2167 belli
610 2126 723 2182 apud
746 2125 924 2181 Ligures
949 2125 1119 2166 concilia
1138 2126 1190 2166 de
1218 2125 1327 2166 bello
1347 2125 1491 2166 haberi

69 2191 214 2238 coepta.

126 2241 238 2280 XII.
272 2240 340 2280 Ti.
365 2240 568 2282 Claudius
588 2239 822 2296 proconsul,
845 2239 917 2294 qui
934 2247 1092 2302 praetor
1121 2239 1257 2295 priore
1277 2254 1384 2279 anno
1404 2239 1493 2280 fue-

68 2304 146 2347 rat,
168 2312 262 2337 cum
291 2297 484 2353 praesidio
515 2296 685 2352 legionis
707 2296 830 2336 unius
861 2296 966 2337 Pis1s
995 2304 1182 2351 praeerat.
1215 2297 1334 2358 cujus
1364 2296 1493 2337 literis

70 2361 232 2394 senatus
253 2354 401 2395 certior
420 2354 570 2403 faetus,
593 2369 659 2394 eas
689 2353 797 2408 ipsas
822 2352 960 2393 literas
980 2353 1034 2393 ad
1057 2354 1103 2393 C.
1128 2352 1353 2393 Claudium
1377 2353 1491 2404 (nam

68 2409 170 2450 alter
197 2410 339 2451 consul
362 2411 451 2466 jam
481 2410 523 2451 in
546 2409 776 2450 Sardiniam
806 2409 1042 2465 trajecerat)
1065 2409 1308 2450 deferendas
1329 2418 1489 2450 censet:

69 2473 109 2506 et
129 2466 269 2522 adjicit
290 2467 528 2515 decretum;
561 2467 746 2520 quoniam
780 2467 905 2506 [stria
928 2468 1146 2519 provincia
1175 2464 1356 2518 confecta
1380 2472 1490 2515 esset,

590 2578 605 2594 ¹¹
619 2577 745 2606 abscissa
765 2576 862 2606 Gron.
878 2575 970 2606 Crev-

114 2679 154 2709 49
178 2680 269 2720 AEque
303 2693 337 2711 ac
371 2681 469 2721 prius]
507 2680 576 2710 Hoc
612 2678 757 2710 substitu-
801 2681 875 2710 bent
902 2680 1076 2710 Nesattium.
1121 2681 1234 2711 Cellar.
1257 2680 1279 2710 l.
1307 2680 1352 2710 11.
1378 2679 1490 2719 Geogr.

71 2726 137 2750 tum
159 2726 216 2756 est,
239 2729 362 2754 auctore
386 2723 569 2758 Florebello,
592 2733 646 2764 pro
673 2733 757 2752 men·
802 2723 878 2754 Ant.
903 2734 929 2753 c.
946 2724 975 2753 9.
997 2723 1156 2753 contendit
1179 2734 1215 2753 ex
1240 2723 1341 2753 Plinio
1364 2727 1394 2751 et
1418 2722 1492 2751 Pto-

72 2763 147 2793 dosa
176 2770 235 2794 vet.
265 2766 379 2797 codicis
411 2766 560 2807 scriptura
590 2776 670 2804 oeque
697 2777 758 2794 ‹zm-
803 2766 910 2796 lemaeo
940 2775 1050 2796 nomen
1079 2766 1169 2808 hujus
1199 2765 1281 2795 urbis
1311 2764 1402 2795 fuisse
1434 2764 1491 2794 Ne-

69 2806 155 2844 plius.
801 2811 931 2839 scirtium.

114 2849 154 2878 50
182 2848 362 2889 Nemi-riam]
407 2850 550 2891 Plerique
587 2849 661 2880 editi
704 2849 758 2880 lia-
