1831 3174
494 83 744 120 LIB.XL1.
792 84 920 121 CAl‘.
951 84 1060 121 VIII.
1464 96 1486 128 9

75 191 223 255 Scipio,
248 194 310 233 (3)
334 191 518 233 Valerius
542 192 749 233 Laevinus.
812 194 1026 234 Tuberoni
1052 195 1209 235 urbana
1232 195 1483 251 jurisdictio,
1499 210 1586 241 17‚‹'¹
1603 211 1677 240 574,

73 249 265 298 Quinctio
308 247 510 302 ieregrina
543 249 694 297 evenit,
728 250 918 290 Numisio
961 250 1110 301 Sicilia,
1145 253 1351 292 Mummio
1394 256 1485 294 Sar-
1499 253 1673 309 {ff-‚¹7³⁵-

70 305 198 346 dinia:
247 265 315 346 sed
336 320 383 345 ea
412 313 582 360 propter
611 305 707 345 belli
738 306 1064 360 magnitudinem
1102 308 1312 363 provincia
1341 296 1677 350 consu-¹¹⁴⁰V¹¹¹⁹¹⁰³¹

70 362 163 402 laris
184 363 301 402 facta.
363 362 577 402 Gracchus
607 378 694 402 eam
727 363 912 411 sortitur,
948 364 1111 404 Istriam
1136 365 1356 413 Claudius3
1403 367 1485 407 Sci-

68 419 136 474 pio
166 427 205 459 et
238 417 433 458 Laevinus
465 419 659 467 Galliam,
682 419 722 459 in
754 420 857 460 duas
888 420 1060 461 divisam
1082 422 1327 476 provincias,
1351 423 1481 464 sortiti

68 484 174 516 sunt.
251 475 397 515 Idibus
440 476 620 523 Martiis,
657 491 741 531 quo
781 476 847 517 die
890 478 1156 532 Sempronius
1198 479 1676 534 Claudiumque1*.‹‘.r›7.-·‚.

68 531 321 572 consulatum
354 531 547 581 inierunt,
580 533 732 573 mentio
763 541 925 574 tantum
957 534 1008 574 (le
1038 535 1258 589 provinciis
1297 536 1484 577 Sardinia
1498 535 1585 565 l(
1606 538 1673 584 177-

71 587 274 642 Istriaque
307 587 340 611 3²
356 596 396 628 et
433 589 651 644 utriusque
687 590 876 630 hostibus
910 590 1006 637 fuit,
1038 591 1110 645 qui
1152 592 1191 631 in
1228 592 1290 632 his
1321 579 1696 653 provin-fs}(gl'{{‡‘}}2]

66 644 135 685 ciis
155 645 309 685 bellum
331 645 610 686 concivissent.
672 647 844 687 Postero
865 647 930 687 (lie
950 646 1115 702 ³³legati
1149 649 1388 699 Sardorum,
1411 650 1482 705 qui
1498 644 1547 693 nio
1565 635 1651 695 (10³3.

64 701 115 742 ad
145 717 270 742 novos
299 701 565 756 magistratus
595 702 711 744 dilati
742 712 872 752 erant,
907 705 980 743 LA<
1013 704 1226 745 Minucius
1258 706 1482 757 Thermus,

64 757 135 813 qui
156 758 316 813 legatus
339 759 487 799 Manlii
508 759 685 800 consulis
707 760 748 800 in
771 760 896 802 Istria
916 761 1067 810 fuerat,
1090 761 1130 801 in
1153 770 1337 803 senatum
1357 764 1480 804 venit.

65 815 134 855 Ab
164 815 226 854 his
256 815 426 856 edoctus
470 825 531 857 est
562 824 741 865 senatus,
787 826 991 872 quantum
1026 818 1122 858 belli
1157 836 1215 859 eze
1260 820 1481 874 provinciae

63 871 271 912 haberent.
333 873 561 914 Moverunt
592 882 779 915 senatum
802 882 842 914 et
866 874 1088 929 legationes
1119 876 1274 916 socium
1306 876 1480 917 nominis

66 928 217 977 Latini,
240 944 334 983 quae
365 938 405 969 et
436 945 621 970 censores
652 938 692 970 et
723 930 878 986 priores
908 932 1095 972 eonsules
1124 931 1477 987 ³⁴¹fatigaverunt½
1497 946 1671 977 Latinorum

63 984 225 1025 tandem
257 986 297 1025 in
329 994 514 1026 senatum
547 987 807 1028 introductae.
884 989 1054 1028 Summa
1083 990 1345 1044 querelarum
1376 998 1478 1039 erat,
1493 990 1637 1031 querelam

64 1043 179 1083 Cives
198 1057 284 1083 suos
304 1044 443 1083 Romoe
463 1058 595 1084 censos
608 1045 818 1097 plerosque
832 1044 1000 1084 Romam
1020 1047 1308 1099 comngrasse.
1328 1056 1333 1061 ”
1363 1046 1482 1094 Quod

58 1099 95 1138 Sl
116 1100 392 1151 permittatur,
420 1102 636 1153 perpaucis
666 1102 801 1141 lustris
813 1101 1020 1155 fullerum,
1051 1110 1094 1142 ut
1125 1105 1281 1143 deserta
1313 1106 1478 1156 oppida,

59 1156 201 1196 deserti
221 1158 331 1210 agri,
352 1157 500 1197 mallum
522 1159 684 1198 militem
715 1160 814 1198 dare
842 1165 1009 1210 possent.
1071 1160 1281 1215 Fregellas
1311 1177 1480 1217 quoque

58 1212 184 1253 millia
212 1222 394 1268 quatuor
423 1214 672 1255 familiarum
703 1215 894 1256 transisse
915 1216 967 1255 ab
989 1232 1044 1266 se,
1069 1217 1271 1258 Samnites
1300 1218 1479 1273 Peligni-

59 1284 138 1324 que
168 1271 468 1325 querebantur:
520 1287 655 1327 neque
690 1287 737 1312 eo
768 1272 903 1313 minus
932 1272 1046 1314 ³⁵aut
1076 1274 1150 1314 hos
1186 1283 1258 1315 aut
1289 1274 1407 1315 illosm
1437 1275 1477 1315 in

57 1326 260 1368 delectum
281 1327 460 1369 militum
481 1328 590 1369 dare.
653 1329 817 1369 Genera
845 1338 984 1370 autem
1016 1330 1174 1370 fraudis
1204 1331 1289 1371 duo
1319 1340 1482 1372 mutan-

56 1382 119 1423 dae
149 1383 301 1424 viritim
333 1385 510 1426 civitatis
540 1385 711 1426 inducta
740 1394 867 1426 erant.
931 1387 1022 1427 Lex
1041 1386 1199 1428 56sociis
1229 1404 1275 1428 ac
1307 1389 1483 1429 nominis

59 1439 213 1489 Latini,
235 1441 308 1496 qui
330 1442 498 1497 stirpem
530 1458 579 1482 ex
612 1458 696 1482 sese
726 1443 837 1482 domi
868 1443 1163 1498 relinquerent,
1185 1444 1326 1493 dabat,
1351 1454 1397 1485 ut
1428 1446 1482 1485 ci-

57 1511 125 1537 ves
166 1497 343 1537 Romani
378 1498 535 1539 fierent.
578 1514 625 1538 ea
659 1499 748 1553 lege
783 1499 887 1539 male
924 1500 1093 1548 utendo,
1130 1500 1198 1540 alii
1239 1501 1369 1549 sociis,
1411 1502 1479 1542 alii

55 1553 211 1608 populo
244 1555 432 1594 Romano
463 1555 655 1610 injuriam
696 1555 913 1596 faciebant.
990 1557 1099 1596 Nam
1130 1565 1185 1605 et,
1218 1573 1267 1597 ne
1309 1558 1476 1613 stirpem

56 1609 168 1649 domi
212 1610 506 1665 relinquerent,
539 1611 814 1652 liberossuos
849 1612 1160 1667 quibusquibus
1197 1614 1396 1654 Romanis
1436 1616 1476 1655 in

56 1681 143 1706 eam
184 1666 474 1717 conditionem,
516 1676 562 1709 ut
608 1668 1015 1719 manumitterentur,
1056 1670 1261 1726 mancipio
1305 1671 1476 1721 dabant,

56 1721 318 1779 libertinique
339 1724 446 1779 cives
467 1733 621 1772 essent;
668 1724 749 1766 ⁵⁷et
780 1725 935 1781 quibus
957 1726 1124 1782 stirpes¹¹
1154 1727 1327 1777 deesset,
1351 1744 1476 1784 quam

98 1807 108 1832 i
125 1814 160 1844 C.
173 1813 194 1844 1.
209 1813 244 1842 P.
263 1813 360 1844 Gron.
378 1814 468 1845 Crev.
574 1813 627 1844 ket
641 1814 677 1846 L.
692 1814 784 1845 Crev.

884 1811 1107 1856 lfatigaverant
1122 1815 1201 1846 Ead.

57 1854 150 1885 Gron.
237 1858 345 1895 ”stirps
361 1857 441 1888 Ead.

1304 1819 1328 1836 m
1338 1817 1399 1847 illos
1411 1818 1479 1856 plus

790 1937 911 1968 censuit
946 1938 1131 1969 Gronovius.

789 1986 872 2011 runt.

56 1934 88 1964 fit
104 1935 138 1965 L.
148 1935 293 1966 Mummii
317 1937 431 1967 tribuni
454 1937 566 1979 plebis,
582 1937 634 1979 qui
652 1938 734 1968 idem
1192 1939 1295 1980 Vulgo
1322 1940 1474 1982 jutigzwe-

54 1977 174 2008 videtur
189 1989 254 2010 esse
269 1991 339 2010 cum
354 1980 412 2010 hoc
426 1986 564 2021 praetore.

96 2021 137 2051 32
166 2022 205 2051 Et
229 2025 379 2062 'utriusque
409 2025 530 2053 hostibus
557 2045 565 2052 .
592 2046 599 2053 .
623 2025 672 2063 qui
704 2025 732 2053 in

56 2063 97 2092 his
117 2066 271 2102 provinciis
292 2067 396 2095 bellum
420 2066 629 2106 conscivissent]
663 2066 732 2096 Hoc

56 2110 162 2141 totum,
178 2109 227 2147 qui
251 2109 282 2138 in
304 2109 345 2138 his
366 2111 522 2147 provinciis
544 2109 649 2139 bellum
665 2120 732 2139 con-

54 2149 204 2185 scivissent,
228 2161 288 2181 non
315 2151 435 2181 videtur
461 2162 527 2182 esse
552 2151 650 2181 Livii:
683 2152 733 2182 cui

54 2190 216 2223 suffecerat
232 2195 381 2233 utriusque
396 2195 527 2230 hostibus,
542 2194 573 2224 id
589 2200 646 2229 est,
662 2194 732 2225 hos-

54 2233 133 2264 tibus
149 2235 200 2275 qui
216 2235 247 2265 in
263 2243 393 2277 utraque
409 2237 567 2278 provincia
582 2243 678 2267 erant.

96 2277 136 2307 33
160 2278 264 2317 Legati
279 2280 438 2310 Sardorum
463 2303 470 2311 .
488 2303 495 2310 .
513 2303 521 2312 .
541 2304 546 2310 .
572 2286 599 2310 et
622 2280 660 2311 L.
675 2280 736 2309 Mi-

55 2321 158 2350 nucius
189 2321 326 2352 Thermus
352 2346 357 2351 .
385 2345 392 2353 .
424 2325 453 2353 in
483 2329 612 2353 senatum
644 2323 736 2363 venit]

57 2361 228 2394 Gronovius
256 2365 364 2395 mallet
392 2372 541 2396 venerunt.
598 2365 659 2395 Sed
690 2366 735 2395 ni-

55 2403 97 2433 hil
113 2405 232 2436 videtur
252 2417 318 2438 esse
337 2408 506 2439 mutatione
527 2419 611 2450 opus.
658 2409 736 2439 Ver-

55 2447 127 2476 bum
150 2449 279 2480 refertur
308 2450 348 2480 ad
378 2462 448 2481 eum
475 2451 527 2492 qui
551 2450 659 2481 ultimo
683 2461 737 2481 no-

55 2488 187 2521 minatus
208 2497 265 2528 est,
282 2497 313 2523 et
328 2492 564 2534 intelligendum
588 2493 736 2534 relinqui-

56 2535 103 2562 tur
127 2532 159 2563 in
184 2535 282 2576 primo
305 2537 451 2566 membro.
498 2536 549 2567 Sic
576 2537 735 2573 Horatius,

57 2574 147 2608 Quem
181 2579 271 2616 juvat
308 2579 426 2614 clamor,
462 2580 610 2620 galeasque
648 2580 736 2609 leves:

56 2621 86 2646 et
116 2629 234 2650 rursus:
280 2620 328 2650 Sic
350 2627 377 2651 te
404 2622 481 2651 Diva
507 2628 605 2661 potens
633 2622 736 2662 Cypri,

53 2661 93 2688 sic
111 2660 226 2696 fratres
252 2662 383 2699 Helenoe,
409 2665 507 2694 lucida
536 2666 640 2699 sidera,
668 2676 735 2695 ven-

54 2707 202 2742 torumque
234 2712 317 2745 regat
347 2712 439 2745 puter.
498 2707 667 2748 Complura
694 2707 735 2737 si-

54 2743 142 2774 milia
178 2756 215 2775 ex
253 2747 381 2779 Horatio
426 2750 570 2790 exempla
612 2749 737 2791 collegit

56 2786 218 2819 Bentleius
228 2788 260 2818 in
276 2795 336 2821 not.
354 2792 393 2821 ad
410 2792 484 2822 Hor.
502 2792 562 2823 Od.
578 2792 605 2822 Ι.
622 2793 674 2822 24.

110 2830 150 2859 34
198 2830 420 2874 Fatigaverant]
475 2833 525 2865 Sic
569 2835 735 2875 legendum

831 2024 872 2053 35
896 2025 957 2053 Ant
973 2025 1030 2060 hos,
1046 2031 1098 2054 aut
1121 2025 1198 2067 illos]
1222 2025 1288 2056 Aut
1309 2026 1475 2059 Samnites,

788 2071 841 2096 aut
858 2067 1015 2106 Pelignos.

841 2110 1013 2139 36¹⁶Sociz's
1040 2121 1074 2139 ac
1112 2111 1233 2139 νιοηιῖηὶε
1267 2111 1384 2151 Latini]
1424 2112 1476 2143 Sic

788 2151 867 2182 infra
889 2163 916 2182 c.
932 2154 963 2183 9.
990 2153 1049 2186 Qui
1072 2154 1139 2182 socii
1160 2164 1194 2182 [m
1217 2155 1338 2183 nominis
1362 2155 1476 2185 Latini.

789 2194 945 2225 Nimirum
975 2195 1179 2236 supplendum
1207 2201 1252 2226 est
1289 2199 1400 2235 populis
1428 2198 1478 2228 vel

786 2239 898 2276 populi,
912 2243 1002 2279 prout
1018 2238 1095 2268 ratio
1111 2244 1270 2268 structurae
1286 2240 1431 2280 postulat.

835 2281 873 2310 37
901 2281 939 2310 Et
964 2282 1066 2320 quibus
1091 2281 1192 2320 stirpes
1214 2284 1316 2312 deesset
1340 2303 1348 2310 .
1373 2304 1380 2311 .
1405 2304 1412 2312 .
1446 2290 1477 2313 ut

791 2324 863 2352 cives
892 2323 1016 2353 Romani
1040 2324 1171 2364 fiebant]
1205 2324 1308 2355 Primo
1340 2326 1476 2366 reposui-

791 2376 859 2395 mus
885 2368 995 2405 stirpes,
1024 2366 1177 2407 quomodo
1202 2367 1294 2397 fuisse
1322 2367 1353 2396 in
1380 2379 1476 2398 mern-

791 2408 895 2439 branis
912 2414 1041 2439 testatur
1058 2409 1232 2440 Gronovius
1246 2422 1251 2439 :
1285 2416 1316 2440 et
1330 2410 1373 2441 sic
1397 2422 1476 2452 quo-

792 2461 852 2491 que
898 2451 1011 2493 primos
1056 2452 1154 2482 editos
1191 2452 1336 2483 habuisse
1373 2461 1478 2484 monet

792 2493 957 2524 Hearnius.
1019 2495 1099 2525 Sane
1137 2505 1197 2525 non
1239 2495 1340 2531 video,
1377 2496 1478 2537 inquit

793 2536 979 2574 Gronovius,
1010 2548 1064 2567 cur
1097 2548 1159 2568 non
1190 2548 1278 2578 aeque
1307 2538 1478 2580 antiquitus

790 2581 890 2618 stirpes
918 2579 980 2609 dici
1009 2580 1153 2621 potuerit,
1178 2591 1232 2611 cur
1254 2591 1315 2611 non
1338 2582 1477 2623 usurpari

792 2632 810 2652 a
823 2622 922 2658 Livio,
937 2633 1030 2663 quam
1044 2624 1146 2662 plebes.
1185 2623 1389 2654 Recentiores
1402 2624 1476 2654 editi

790 2663 906 2695 habent
936 2667 1028 2704 stirps.
1089 2665 1214 2696 Deinde
1244 2666 1387 2706 Sigonius
1416 2666 1477 2707 legi

786 2706 876 2747 jubet
899 2709 920 2737 ii
942 2710 1025 2738 cives.
1070 2708 1132 2738 Sed
1159 2708 1258 2750 majus
1284 2708 1333 2738 hic
1357 2708 1478 2740 videtur

791 2760 855 2780 esse
879 2750 1001 2787 vulnus,
1025 2761 1119 2792 quam
1143 2756 1177 2781 ut
1203 2757 1266 2781 tam
1288 2750 1397 2781 leniter
1423 2762 1477 2783 cu-

791 2792 848 2822 rari
879 2793 984 2834 possit.
1045 2794 1157 2834 ltaque
1187 2793 1329 2833 quamvis
1360 2794 1476 2835 aliquot

791 2835 865 2866 editi
882 2836 1130 2867 emendationem
1153 2835 1269 2876 Sigonii
1294 2838 1476 2879 receperint.
