1831 3194
454 116 579 154 LIB.
608 114 752 153 XLIV.
799 115 933 153 CAP.
964 116 1100 154 XXII.
1416 125 1482 159 141

73 224 228 265 Decem
249 233 452 282 praeterea
472 225 600 266 millia
620 225 809 281 peditum
832 225 1035 281 imperata
1055 225 1188 277 sociis,
1202 235 1244 268 ct
1259 228 1487 283 octingenti
1503 241 1593 274 U.C.
1606 242 1681 273 584.

71 281 244 336 equites.
309 283 359 323 Id
387 282 569 339 praesidii
591 282 782 324 additum
805 283 971 333 Anicio,
992 291 1145 340 praeter
1166 284 1271 326 duas
1293 284 1589 341 legiones-‚AC-
1609 286 1680 319 168.

71 337 215 393 ²⁰quas
236 348 400 395 portare
431 340 472 380 in
496 339 786 380 Macedoniam
808 347 869 381 est
896 341 1055 395 jussus,
1078 341 1207 397 quina
1227 341 1353 382 millia
1376 342 1492 398 pedi-

72 403 163 436 tum
195 404 237 437 ct
269 397 450 437 ducenos
482 397 695 447 habentes,
731 405 917 438 trecenos
949 398 1133 452 equites:
1167 407 1208 439 et
1245 399 1287 439 in
1320 399 1491 440 classem

72 452 260 508 quinque
280 453 408 494 millia
427 454 637 495 navalium
664 453 820 495 socium
843 462 939 495 sunt
962 455 1125 511 scripta.
1189 455 1377 497 Licinius
1398 472 1493 497 con-

74 509 138 549 sul
159 510 324 551 duabus
345 510 578 566 legionibus
598 511 785 552 obtinere
806 510 1060 567 provinciam
1077 513 1244 568 jussus:
1269 528 1317 554 eo
1337 513 1492 555 addere

75 566 278 607 sociorum
300 567 441 609 decem
463 568 592 609 millia
611 568 818 624 peditum,
840 576 882 609 et
904 577 1118 610 sexcentos
1139 571 1314 625 equites.

132 624 296 664 XXII.
331 625 709 667 senatusconsultis
744 625 954 681 perfectis,
987 626 1038 666 L.
1064 627 1263 668 fEmilius
1295 627 1440 669 consul
1470 640 1541 670 eL.
1555 638 1675 669 AEmilii

73 680 189 722 curia
219 681 261 722 in
295 683 532 724 concionem
571 683 785 739 processit,
819 683 1133 739 orationemque
1164 684 1290 725 talem
1329 685 1491 727 habuit.
1506 684 1578 714 Cos.
1591 682 1700 713 ‘’¹³⁰⁰-

69 737 410 781 Animadvertisse
437 741 586 790 videor,
617 739 804 790 Quirites,
833 739 1026 794 ‘majorem
1056 741 1165 790 mihi,
1188 743 1328 783 sortito
1348 744 1494 784 Mace-

72 796 233 836 doniam
269 798 531 849 provinciam,
564 797 877 853 gratulationem
900 797 1081 850 factam,
1118 813 1238 853 quani
1271 814 1392 854 quum
1426 807 1495 842 aut

68 854 208 894 consul
236 868 359 895 essem
380 857 664 904 consalutatus,
688 862 758 896 aut
788 870 865 911 quo
895 857 959 896 die
989 856 1274 911 magistratum
1303 858 1463 898 inissem
1480 876 1493 899 .-

72 924 194 966 neque
223 912 267 952 id
298 914 346 953 ob
378 914 501 954 aliam
533 927 730 962 caussam,
752 927 872 968 quarn
904 913 998 967 quia
1033 914 1131 954 bello
1161 915 1201 955 in
1231 915 1494 966 Macedonia,

74 971 179 1022 quod
194 971 260 1011 diu
276 970 457 1020 trahitur,
472 971 729 1012 eoeistz'mastis
748 971 915 1024 dignum
934 969 1146 1025 majestate
1163 973 1301 1025 populi
1318 973 1497 1014 Romani

71 1027 228 1068 exitum
254 1042 326 1081 per
347 1043 409 1069 me
434 1029 569 1081 inponi
594 1043 721 1081 posse.
780 1029 893 1069 Deos
917 1043 1070 1082 quoque
1099 1030 1188 1069 huic
1210 1029 1368 1081 favisse
1396 1031 1497 1072 sorti

73 1096 201 1135 spera,
220 1087 449 1140 eosdemque
468 1087 509 1127 in
529 1086 644 1127 rebus
661 1086 847 1140 gerendis
863 1084 1072 1137 adfuturos
1089 1100 1186 1128 esse.
1225 1086 1330 1127 Haec
1345 1089 1496 1140 partim

73 1140 279 1194 ²¹opz'rzari,
303 1144 454 1195 partim
483 1158 646 1196 sperare
675 1157 845 1196 possum.
907 1143 1014 1184 Illud
1044 1143 1259 1195 adfirmare
1287 1159 1361 1197 pro
1391 1153 1496 1189 certo

74 1198 198 1240 habeo
228 1203 444 1257 aud-eoque,
465 1217 528 1242 me
556 1201 662 1242 omni
690 1215 761 1253 ope
791 1201 1024 1242 adnisurum
1054 1215 1150 1252 esse,
1170 1216 1219 1242 ne
1236 1200 1400 1254 flustra
1428 1218 1498 1245 vos

70 1257 175 1298 Jzanc
202 1273 311 1313 spem
332 1261 382 1300 de
407 1274 469 1300 nie
488 1259 756 1312 conceperitis.
821 1259 923 1307 Quae
949 1260 1005 1299 ad
1034 1260 1178 1300 bellum
1207 1273 1304 1312 opus
1333 1267 1437 1310 sunt,
1461 1268 1498 1302 et

72 1323 233 1356 senatus
263 1317 445 1368 decrevit,
467 1324 503 1358 et
529 1316 735 1372 (quoniam
764 1317 961 1370 extemplo
984 1317 1180 1370 proficisci
1209 1317 1354 1370 placet,
1376 1333 1498 1374 neque

74 1387 151 1428 ego
170 1373 212 1413 in
231 1388 344 1415 mora
363 1375 467 1427 sum)
491 1376 537 1416 C.
558 1375 738 1416 Licinius
758 1375 926 1429 collega,
949 1374 1010 1415 vir
1039 1375 1237 1430 egregius,
1260 1390 1367 1430 aeque
1396 1377 1498 1418 enise

70 1431 248 1483 parabit,
265 1445 312 1473 ac
326 1433 360 1473 si
379 1432 464 1485 ipse
478 1434 520 1474 id
539 1433 680 1473 bellum
698 1439 888 1487 gesturus
906 1438 1020 1473 esset.
1088 1433 1178 1482 Vos,
1197 1447 1285 1486 quoe
1304 1433 1498 1486 scripsero

72 1489 245 1539 senatui,
269 1496 340 1530 aut
359 1490 476 1539 vobis,
499 1490 657 1531 credite.
687 1503 862 1530 rumores
892 1489 1123 1530 credulitate
1141 1496 1272 1530 vestra
1293 1505 1340 1530 ne
1360 1491 1496 1541 alatis,

73 1560 242 1600 quorum
263 1554 398 1588 auctor
417 1562 531 1588 nemo
552 1547 736 1588 exstabit.
798 1547 908 1588 Nam
930 1561 1030 1587 nunc
1050 1547 1219 1601 quidem,
1240 1549 1348 1602 quod
1377 1548 1498 1604 vulgo

61 1603 175 1656 fieri,
198 1605 270 1645 hoc
287 1605 479 1658 prescipue
499 1605 608 1653 bello,
633 1604 914 1656 animadverti,
935 1619 1049 1645 nemo
1070 1611 1154 1645 tam
1171 1603 1305 1656 samae
1325 1613 1498 1647 contem-

78 1667 141 1701 tor
161 1669 230 1711 est,
253 1661 363 1716 cujus
391 1677 468 1703 non
488 1662 689 1703 debilitari
713 1663 866 1702 animus
892 1662 1028 1714 possit.
1088 1663 1142 1702 In
1171 1663 1347 1703 omnibus
1377 1664 1499 1705 circu-

75 1719 138 1768 lis,
162 1726 283 1774 atque
302 1720 422 1761 etiam
446 1720 500 1773 (si
521 1720 617 1761 Diis
641 1720 795 1774 placet)
817 1719 857 1760 in
877 1719 1063 1761 conviviis
1082 1725 1188 1769 sunt,
1210 1720 1277 1775 qui
1295 1722 1500 1762 ‘exercitas

74 1777 117 1816 in
139 1777 428 1818 Macedoniam
449 1779 600 1818 ducant
611 1793 628 1826 ,-
659 1778 725 1818 ubi
753 1784 889 1819 castra
920 1777 1089 1818 locanda
1110 1777 1201 1827 sint,
1224 1778 1353 1819 sciant
1365 1794 1382 1827 ,·
1414 1793 1500 1833 quce

78 1833 163 1875 loca
195 1836 389 1887 praesidiis
427 1836 658 1889 occupanda
669 1851 686 1884 ,·
732 1837 903 1889 quando,
941 1842 1009 1876 aut
1048 1849 1121 1889 quo
1161 1835 1269 1876 saltu
1308 1836 1499 1877 intranda

75 1892 323 1933 Macedonia
335 1909 352 1941 ,-
380 1893 445 1934 ubi
465 1894 604 1934 horrea
624 1894 835 1945 ponenda3
865 1907 945 1947 qua
968 1900 1088 1943 terra,
1109 1893 1214 1933 mari
1232 1894 1501 1936 subvehantur

75 1956 343 1999 commeatus;
381 1952 543 2006 quando
576 1965 662 1992 cum
703 1951 808 1991 lzoste
846 1965 989 1991 manus
1027 1951 1270 1991 conserendae
1282 1967 1299 1999 ;
1337 1953 1500 2006 quando

75 2007 347 2062 quiescendum
368 2009 431 2048 sit.
492 2009 597 2059 Nec,
619 2008 715 2063 quid
735 2007 875 2049 melius
889 2007 1130 2060 faciendum
1150 2007 1212 2058 sit,
1234 2010 1349 2049 modo
1368 2015 1500 2050 stata-

75 2071 162 2113 unt,
183 2066 268 2115 sed,
288 2065 480 2120 quidquid
509 2066 639 2115 aliter,
662 2080 779 2120 quam
811 2065 887 2118 ipsi
915 2080 1109 2115 censuere,
1130 2063 1292 2118 sactum
1313 2073 1386 2116 est,
1409 2081 1500 2108 con-

76 2122 201 2162 sulem
221 2122 342 2163 veluti
366 2123 472 2164 dicta
493 2123 558 2164 die
578 2130 776 2164 accusant.
839 2122 944 2164 Hoec
972 2137 1123 2178 magna
1151 2123 1419 2176 inpedimenta
1438 2139 1502 2166 res

77 2180 308 2234 gerentibus
336 2187 438 2222 sunt.
469 2195 540 2221 nec
560 2180 661 2221 enim
682 2195 816 2222 omnes
846 2187 929 2221 tam
944 2180 1062 2232 firmi
1082 2187 1118 2221 et
1142 2181 1356 2222 constantis
1376 2181 1503 2222 animi

80 2244 216 2279 contra
251 2239 466 2279 adversum
500 2252 697 2279 rumorem
731 2253 814 2279 esse
844 2245 1023 2291 possunt,
1054 2252 1175 2292 quam
1204 2238 1359 2279 Fabius
1385 2237 1499 2291 fuit.-

82 2295 152 2349 qui
171 2310 283 2336 suum
303 2296 509 2348 imperium
530 2296 656 2336 minui
674 2295 708 2319 ‘²²
717 2310 789 2348 per
808 2296 1031 2337 vanitatem
1051 2295 1188 2349 populi
1205 2296 1358 2347 maluit,
1380 2310 1502 2350 quam

80 2354 254 2394 secunda
272 2351 396 2405 fama
426 2354 532 2394 male
560 2368 642 2394 rem
670 2368 824 2408 gerere.
886 2354 979 2394 Non
1007 2367 1094 2393 sum
1112 2353 1160 2403 is,
1183 2353 1252 2407 qui
1271 2367 1348 2393 non
1368 2354 1502 2395 existi-

83 2424 188 2450 mem
221 2412 493 2452 admonendos
527 2412 645 2452 duces
681 2424 789 2451 esse:
824 2411 943 2451 immo
973 2424 1074 2459 eum,
1106 2411 1174 2465 qui
1203 2411 1253 2450 de
1285 2424 1360 2451 sua
1389 2410 1503 2452 unius

83 2469 276 2510 sententia
307 2469 440 2509 omnia
466 2475 600 2524 gerat,
631 2469 836 2521 superbum
852 2467 1001 2523 judico
1031 2469 1175 2523 magis,
1198 2482 1318 2522 quam
1345 2468 1503 2521 sapien-

84 2531 175 2567 tem.
238 2525 348 2575 Quid
383 2540 478 2582 ergo
508 2532 564 2567 est
581 2524 603 2566 ,9
635 2526 817 2568 Primum
848 2540 875 2566 a
902 2526 1172 2580 prudentibus,
1195 2532 1232 2566 et
1260 2526 1418 2580 proprie
1448 2528 1505 2567 rei

127 2679 169 2708 20
194 2679 273 2713 Quas
296 2687 413 2719 portare
438 2682 471 2710 in
499 2680 701 2711 Macedoniam
732 2687 772 2712 est
815 2689 951 2722 possum,
979 2679 1091 2722 partim
1125 2690 1165 2711 ex
1197 2678 1363 2715 ominibus,
1391 2677 1504 2718 quibus

75 2721 194 2768 jussus]
230 2722 298 2753 Imo
322 2725 356 2753 in
378 2724 545 2764 Illyricum.
589 2724 667 2754 Haec
690 2722 772 2755 enim
814 2723 948 2765 propitia
970 2722 1059 2754 nobis
1083 2722 1213 2754 deorum
1233 2722 1378 2753 voluntas
1398 2719 1503 2751 decla-

87 2764 198 2795 Anicm
211 2765 366 2806 provincia
380 2767 540 2808 obtigerat.
816 2771 920 2804 ratur3
955 2766 1067 2807 partim
1097 2776 1136 2797 ex
1164 2776 1231 2808 spe,
1258 2773 1352 2805 quam
1380 2762 1505 2805 subjicit

131 2808 349 2849 21*Op2·nari]
385 2810 500 2841 Parum
528 2808 682 2853 proprium
713 2810 771 2840 hoc
815 2809 893 2841 ratio
907 2808 992 2840 haud
1006 2809 1114 2840 fallax.
1456 2848 1463 2854 ¹

86 2851 154 2881 loco
169 2851 306 2881 verbum.
350 2852 495 2893 Legimus
515 2854 651 2883 ominari.
694 2853 771 2883 Sen-
858 2853 901 2883 22
932 2853 992 2883 Per
1021 2854 1180 2882 vanitatem
1210 2849 1326 2889 populi]
1365 2849 1426 2880 Per
1455 2858 1502 2879 m-

87 2904 138 2923 sus
153 2899 209 2924 est.
256 2894 333 2924 llaec
348 2894 390 2924 ita
410 2894 512 2926 futura
526 2896 675 2938 spondere
697 2895 772 2926 mihi
817 2895 988 2926 consultam
1004 2895 1110 2936 populi
1123 2892 1293 2924 levitatem.
