1805 3174
552 106 1012 157 PRAEFATlo.
1440 106 1507 153 lxi

61 249 103 297 I
107 250 433 297 reinshemius
458 249 692 312 irrigavit,
713 248 808 296 sibi
830 247 1111 296 omittenda
1129 245 1393 293 arbitratus
1415 254 1504 294 est.
1521 264 1613 293 Auo*
1613 274 1646 293 ι
1640 274 1703 298 m,

61 327 231 390 Atque
272 327 321 375 id
363 326 566 391 quidem
603 325 797 374 consilii
840 341 1021 388 capere
1067 339 1277 370 neeesse
1323 318 1570 384 l1abuit,¹¹¹¹‘
1520 350 1569 421 ς’,1,Ιὲ
1557 360 1603 378 ,,,
1583 307 1697 378 ⁵,l¹.‘'¹¹'

61 422 215 468 quum
242 421 436 453 oraium
457 404 717 467 angustiae,
736 404 788 451 in
812 421 871 452 ea
890 401 1155 451 voluminis
1177 402 1336 448 forma
1359 403 1556 463 quam¹¹
1544 446 1623 464 ΙΙΙΙΙΙΙΙ
1561 398 1683 464 2⁸*

62 482 292 546 elegerat,
321 490 470 530 tantae
500 483 760 531 nominum
797 479 1097 528 multitudini
1123 495 1270 542 pares
1306 478 1694 525 omninoffil’l‘sffiffi·

59 577 164 608 non
188 568 368 609 essent.
438 561 589 614 Quod
618 577 731 608 vero
764 558 1038 615 contendit,
1066 558 1276 605 homines
1298 557 1604 603 eruditosund.

57 641 175 688 satis
199 655 331 687 nosse
353 638 434 686 ubi
450 640 644 704 singula
669 639 989 691 inveniantur,
1009 651 1070 682 ex
1088 642 1298 681 veterum
1321 633 1512 680 histori-

59 732 220 764 corum
240 716 459 771 lectione,
478 715 529 762 id
550 715 711 770 nobis,
733 712 923 762 etiamsi
939 713 1153 760 homines
1169 711 1385 758 eruditos
1407 727 1512 758 non

59 811 121 842 ex
146 801 317 842 nostro
354 793 561 840 modulo
598 809 657 839 ac
689 792 817 856 pede
854 789 1100 849 metimur,
1126 787 1210 835 vix
1246 804 1305 835 ac
1340 804 1404 834 ne
1429 787 1512 835 vix

59 871 263 934 quidem
301 869 705 933 persuaserimus.
777 868 905 916 Sunt
940 866 1072 914 enim
1109 865 1283 926 multa,
1312 881 1413 912 non
1447 882 1511 912 ex

60 948 384 1012 scriptoribus
411 948 725 996 historiarum
748 947 918 1002 modo,
940 946 1031 993 sed
1057 950 1107 992 et
1130 944 1512 1008 quibuscunque

60 1034 281 1073 veterum
318 1024 670 1085 monumentis,
696 1032 845 1088 atque
877 1023 1025 1070 etiam
1050 1039 1111 1070 ex
1146 1021 1417 1069 reconditis
1442 1022 1514 1069 in-

61 1103 256 1150 terdum
314 1102 800 1166 abstrusioribusque
846 1099 1046 1147 latebris
1100 1116 1130 1146 a
1171 1099 1213 1146 F
1217 1099 1512 1147 reinshemio

62 1187 215 1235 eruta,
242 1198 352 1244 quae
378 1180 545 1229 statim
583 1180 738 1228 cuivis
773 1180 962 1227 erudito
993 1178 1179 1225 lzomz‘nz'
1202 1176 1251 1224 in
1283 1185 1511 1241 promptu

60 1258 225 1305 futura
250 1276 306 1307 ac
333 1259 583 1307 memoriae
609 1274 882 1307 occursura
906 1257 1040 1304 haud
1065 1255 1211 1304 facile
1237 1255 1512 1303 videantur.

129 1336 211 1384 Ex
248 1336 305 1384 iis
341 1355 451 1401 quae
486 1336 536 1384 in
569 1344 676 1385 tota
706 1337 801 1384 hac
835 1336 900 1383 de
937 1333 1210 1381 editoribus
1242 1333 1517 1396 interpreti-

63 1415 258 1478 busque
276 1414 402 1462 Livii
422 1413 765 1478 disputatione
790 1411 1130 1471 disseruimus,
1148 1410 1339 1474 liquido
1362 1426 1512 1474 appa·

61 1508 166 1539 rere
202 1491 560 1547 existimamus,
597 1488 1062 1554 praestantissimum
1098 1488 1393 1551 scriptorem
1429 1487 1516 1535 ad-

64 1569 159 1617 huc
185 1585 330 1632 egere
366 1568 525 1616 amica
559 1585 726 1626 manu,
751 1584 862 1630 quae
898 1582 986 1630 per
1009 1581 1182 1613 omnes
1219 1564 1325 1626 ejus
1351 1563 1513 1628 operis
1529 1583 1727 1625 Egetadhue

64 1663 177 1694 oras
204 1654 501 1693 etiecessus
520 1645 758 1692 lectorem
786 1643 1147 1692 circumducat.
1220 1641 1267 1690 J.
1289 1642 1367 1689 Fr.
1387 1643 1492 1690 Gro
1496 1626 1718 1711 -ξῗὲῑζᾙῗμ

63 1723 240 1771 novius
274 1722 435 1770 noluit
469 1723 637 1770 omnia
672 1720 954 1784 complecti,
981 1736 1135 1784 quum
1171 1718 1369 1782 egregie
1402 1724 1607 1783 pos-¹¹³⁵·

65 1806 158 1848 set.
230 1799 312 1847 De
333 1799 363 1846 J
369 1816 446 1848 ac.
465 1798 720 1847 Gronovio
741 1798 958 1858 silemus,
973 1797 1058 1861 qui
1082 1804 1131 1844 et
1148 1797 1366 1860 paternis
1383 1797 1518 1846 insti-

65 1878 124 1926 tit
146 1877 380 1940 vestigfis,
402 1884 452 1925 et
475 1894 639 1941 pauca
665 1877 728 1925 de
747 1893 838 1925 suo
864 1875 1089 1924 contulit.
1161 1875 1333 1923 Voluit
1357 1874 1518 1936 Duja-

65 1955 179 2012 tius,
217 1972 309 2002 nec
345 1954 524 2018 potuit.
595 1955 665 2003 Et
697 1954 806 2018 ipse
841 1960 989 2016 negat
1022 1951 1240 2000 voluisse
1276 1951 1516 2011 Clericus,

67 2051 162 2083 nec
187 2033 427 2098 potuisset
462 2033 689 2088 fortasse,
715 2031 754 2079 si
787 2030 1005 2079 maxime
1027 2028 1286 2077 voluisset.
1358 2027 1516 2076 Hear-

67 2111 178 2159 nius
213 2109 466 2157 materiam
494 2108 856 2156 exaedificando
882 2106 1019 2171 operi
1055 2105 1337 2168 congessit:
1389 2122 1516 2170 opus

68 2188 234 2252 ipsum
259 2186 341 2233 vix
376 2185 553 2248 attigit.
622 2184 878 2233 Audimus
913 2199 1096 2231 novam
1123 2183 1258 2247 apud
1297 2183 1515 2232 Batavos

67 2266 194 2314 Livii
218 2264 492 2313 editionem
524 2263 774 2312 adornari.
845 2262 971 2316 Quae
1002 2260 1239 2325 quoniam
1276 2260 1515 2308 hactenus

68 2350 320 2391 ostentata
342 2349 536 2390 tantum
560 2341 720 2389 verbis
747 2347 839 2401 est,
858 2340 1078 2388 necdum
1102 2339 1150 2387 in
1176 2338 1404 2386 manibus
1430 2339 1517 2387 ho-

68 2421 257 2469 minum
281 2426 519 2480 versatur,
535 2418 766 2481 judicare
787 2433 887 2466 non
902 2433 1185 2481 possumus,
1204 2423 1367 2463 utrum
1388 2416 1517 2479 prio-

67 2499 203 2548 ribus
245 2497 518 2545 absolutior
562 2498 729 2544 futura
768 2496 848 2544 sit.
919 2494 1045 2542 Ideo
1081 2509 1173 2541 nos
1209 2493 1331 2540 illud
1371 2509 1513 2555 opus,

69 2576 205 2640 quod
232 2575 381 2623 ceteri
404 2574 584 2639 partim
608 2574 956 2639 imperfectum
991 2572 1309 2636 reliquerant,
1336 2569 1513 2632 partim

70 2656 251 2703 frustra
273 2659 600 2710 tentaverant,
620 2650 821 2715 aggredi
841 2650 946 2698 ausi
966 2666 1152 2699 sumus.
1225 2646 1358 2701 Quid
1378 2661 1515 2708 Spec-

69 2731 353 2787 taverimus,
378 2731 497 2794 quid
531 2729 832 2778 voluerimus
867 2729 1077 2787 efficere,
1101 2739 1332 2790 quaenam
1368 2722 1516 2769 fuerit

69 2809 282 2859 instituti
304 2812 459 2858 nostri
476 2809 623 2870 ratio,
640 2809 743 2870 jam
773 2806 1132 2856 declarandum
1159 2801 1302 2850 nobis
1327 2807 1418 2847 est.
