1831 3194
486 104 545 141 Ll
564 105 603 141 B.
636 103 756 141 XLV.
803 102 938 140 CAP.
969 101 1081 138 XXI.
1417 108 1488 148 189

78 212 260 254 mitteret
291 214 344 255 ad
374 228 455 261 eos,
477 226 657 267 quorum
688 210 935 252 auctoritate
965 210 1018 251 ab
1048 209 1172 250 armis
1203 219 1485 251 avocarentur.
1502 223 1541 254 U.
1555 224 1593 255 C.
1605 224 1678 254 585.

82 269 162 309 His
183 284 259 325 pro
280 270 392 325 regni
416 269 596 310 utilitate
618 268 739 309 editis
760 267 979 317 mandatis,
1004 266 1163 307 AEnum
1187 265 1262 306 sibi
1284 273 1325 306 et
1348 267 1489 307 Maro-
1501 267 1542 298 Α·
1556 267 1675 298 (3·167·

81 341 197 366 neam
221 327 352 382 petiit.
416 327 482 366 Ita
504 326 706 366 destituta
730 340 872 365 eornm
905 340 990 379 spe,
1014 323 1101 378 qui,
1123 324 1251 363 fratre
1281 332 1487 372 accusato,

78 383 340 437 partitionem
364 382 477 437 regui
499 382 730 438 petiturum
752 381 1028 429 crediderant,
1050 380 1083 404 ⁸9
1096 379 1252 420 curiam
1266 386 1280 406 Ρ
1301 380 1487 421 excessit.

76 439 110 463 ⁹⁰
125 441 186 481 Ut
219 455 311 480 raro
343 440 442 480 alias
478 438 715 494 quisquam,
749 453 821 478 rex
856 446 929 478 aut
964 437 1168 493 privatus,
1200 443 1316 477 tanto
1348 436 1489 477 favore

77 504 277 552 tantoque
303 496 488 537 omnium
518 495 695 536 adsensu
720 503 782 536 est
812 494 1007 541 auditus3
1040 494 1232 534 omnibus
1263 493 1490 533 honoribus

78 553 417 608 muneribusque,
440 561 481 594 et
511 568 691 608 praesens
712 560 773 593 est
795 551 947 601 cultus,
970 559 1011 591 et
1042 550 1365 607 proficiscentem
1398 565 1491 605 pro-

79 610 208 651 secuti
229 618 337 651 sunt.
402 610 518 650 Inter
539 609 691 650 multas
714 610 828 649 Asiae
847 608 1108 663 Graeciaeque
1130 606 1355 661 legationes
1377 607 1491 647 Rho·
1506 613 1694 661 Rhodiorum

78 666 242 707 diorum
276 666 453 707 maxime
488 666 612 722 legati
649 665 858 707 civitatem
889 673 1195 706 converterunt.
1233 679 1328 704 nam
1358 679 1491 719 quum
1503 657 1608 698 legam.

77 723 211 778 primo
241 723 281 764 in
310 731 423 764 veste
453 723 630 763 eandida
658 722 735 763 visi
768 731 919 771 essent,
941 721 1056 777 quod
1088 721 1346 775 gratulantes
1376 721 1492 762 dece-

78 779 166 829 bat,
200 788 256 830 et,
287 780 320 821 si
357 780 565 821 sordidam
597 788 753 821 vestem
788 779 1045 827 habuissent,
1083 776 1317 833 lugentium
1352 777 1491 818 Persei

78 851 217 877 casum
258 837 444 893 praebcre
485 837 661 893 speeiem
701 844 919 892 poterant;
962 843 1185 891 postquam
1221 833 1399 875 consulti
1439 835 1492 875 ab

79 893 143 934 M.
173 894 304 934 Junio
339 894 506 935 consule
541 895 703 943 Patres,
736 893 942 934 stantibus
973 893 1015 933 in
1047 891 1214 933 comitio
1249 891 1408 945 legatis,
1440 906 1491 931 an

78 949 230 1001 locum,
248 951 393 1000 lautia,
409 958 681 1006 senatumque
703 950 864 999 darent,
887 949 1049 990 nullum
1070 947 1273 1004 hospitale
1290 949 1361 1004 jus
1382 947 1424 988 in
1444 948 1494 988 iis

79 1007 328 1048 servandum
350 1015 624 1054 censuerunt3
659 1022 847 1062 egressus
868 1022 889 1047 e
910 1006 1025 1047 curia
1045 1005 1203 1053 consul,
1226 1019 1357 1058 quum
1380 1005 1494 1045 Rho-
1507 1017 1594 1048 Male
1609 1025 1660 1047 ex„

78 1063 152 1113 dii,
173 1064 431 1119 gratulatum
454 1079 494 1104 se
515 1064 567 1104 de
588 1063 761 1105 victoria
790 1071 1103 1119 purgatumque
1125 1061 1304 1103 civitatis
1325 1060 1496 1102 crimina
1508 1060 1598 1102 cepti.

80 1120 262 1161 dicentes
293 1121 465 1171 venisse,
487 1120 701 1176 petissent,
723 1128 772 1161 ut
804 1128 970 1161 senatus
996 1119 1072 1159 sibi
1104 1118 1290 1167 daretur,
1313 1132 1497 1173 pronun-

77 1176 181 1218 ciat:
214 1178 338 1219 Sociis
359 1184 397 1218 et
429 1178 569 1218 amicis
590 1184 628 1218 et
649 1178 736 1218 alia
757 1178 921 1217 comiter
950 1182 1070 1230 atque
1099 1176 1361 1227 hospitaliter
1382 1188 1496 1228 prce-

77 1240 188 1275 stare
214 1236 431 1282 Romanos,
455 1241 491 1274 et
512 1241 691 1275 senatum
721 1235 823 1274 dare
851 1248 1075 1274 consuesse.-
1111 1233 1292 1272 Rhodios
1322 1246 1402 1272 non
1435 1234 1496 1273 ita

78 1293 240 1333 meritos
256 1307 300 1332 eo
320 1293 434 1340 bello,
457 1298 500 1331 ut
526 1291 558 1315 9¹
572 1293 788 1332 amicorum
807 1292 1003 1332 sociorum
1024 1304 1186 1330 numero
1205 1289 1381 1329 habendi
1401 1290 1495 1331 sint.

81 1349 162 1390 His
192 1349 361 1400 auditis,
382 1356 699 1405 prostraverunt
730 1363 772 1389 se
801 1363 942 1389 omnes
974 1346 1108 1397 humi,
1130 1346 1425 1402 consulemque
1455 1355 1497 1388 et

78 1414 264 1456 cunctos,
288 1406 361 1462 qui
386 1406 573 1455 aderant,
595 1414 774 1456 orantes,
796 1420 846 1446 ne
868 1420 975 1446 nova
1001 1404 1190 1459 falsaque
1210 1403 1383 1444 crimina
1402 1403 1498 1458 plus

80 1462 222 1504 obesse
266 1462 444 1504 Rhodiis
484 1477 654 1517 aequum
694 1470 921 1512 censerent,
955 1476 1082 1517 quam
1123 1459 1297 1514 antiqua
1334 1459 1497 1511 merita,

81 1534 261 1616 quorum
291 1519 369 1576 ipsi
400 1526 525 1560 testes
547 1527 693 1560 essent.
755 1517 998 1574 Extemplo,
1020 1525 1134 1558 veste
1156 1516 1323 1558 sordida
1344 1524 1496 1567 sumta,

111 1592 226 1617 omos
265 1576 501 1633 principum
542 1591 636 1616 cum
678 1575 871 1631 precibus
903 1590 949 1615 ac
990 1573 1167 1615 lacrimis
1207 1573 1496 1623 circumibant,

80 1642 259 1683 orantes,
281 1642 330 1675 ut
359 1633 476 1690 prius
506 1640 798 1688 cognoscerent
829 1646 1030 1681 caussam,
1053 1645 1180 1687 quam
1206 1630 1240 1654 ⁹²
1253 1630 1498 1671 condemna-

80 1698 237 1731 rentur.

140 1747 277 1788 XXI.
311 1747 385 1788 Μ’.
409 1748 438 1789 J
442 1746 638 1789 uventius
661 1746 829 1787 Thalna
856 1752 1029 1801 praetor,
1052 1744 1174 1801 cujus
1199 1744 1307 1786 inter
1327 1743 1436 1785 cives
1457 1751 1499 1785 et

81 1803 319 1861 peregrinos
346 1804 584 1860 jurisdictio
619 1811 722 1854 erat,
753 1802 957 1859 populum
989 1802 1189 1843 adversus
1218 1800 1410 1842 Rhodios
1439 1800 1500 1841 in-

82 1860 262 1903 citabat:
296 1860 636 1917 rogationemque
668 1859 1023 1916 promulgaverat,
1064 1859 1117 1899 Ut
1149 1859 1326 1899 Rhodiis
1357 1858 1499 1898 bellum
1511 1865 1639 1913 Thalnae
1656 1877 1702 1897 ro-

82 1919 330 1958 indiceretur
346 1936 358 1958 .-
390 1925 428 1958 et
449 1934 497 1960 ea:
525 1917 830 1972 magistratibus
860 1915 942 1970 ejus
971 1917 1075 1956 anni
1096 1917 1332 1970 deligerent,
1355 1916 1425 1969 qui
1444 1916 1501 1955 ad
1511 1915 1593 1949 gano
1607 1919 1679 1940 con-

82 1976 130 2016 id
143 1976 284 2016 bellum
304 1990 387 2016 cum
409 1977 534 2017 classe
553 1977 793 2023 mitteretur,
816 1989 857 2015 se
878 1988 974 2015 eum
996 1987 1164 2029 sperans
1184 1973 1379 2014 futurum
1400 1987 1497 2013 esse.
1511 1952 1659 2026 &agl-{ho-

676 2062 693 2087 P
709 2059 795 2089 curia
810 2057 908 2089 Gron.

128 2145 168 2175 89
194 2145 314 2175 Curiam
330 2145 458 2186 excessit]
483 2144 587 2185 Vulgo
601 2145 696 2174 curia.
726 2143 771 2174 At

84 2187 185 2230 prima
199 2187 293 2218 editio
316 2187 410 2218 habet
427 2187 581 2228 quomodo
603 2186 769 2227 edidimus,

85 2236 162 2261 teste
179 2230 345 2262 Gronovio.
390 2231 431 2260 Et
444 2230 486 2261 sic
503 2240 584 2271 saepe
599 2229 714 2260 Livius.

129 2274 171 2304 90
198 2274 238 2304 Ut
260 2284 327 2304 raro
348 2274 437 2314 alias]
462 2274 562 2304 Recte
587 2272 669 2303 idem
691 2273 770 2304 Gro-

87 2316 194 2347 novius
228 2316 313 2348 delet
344 2316 486 2347 voculam
522 2322 567 2345 ut.
626 2315 772 2346 Ceterum

86 2359 138 2389 hic
163 2369 263 2400 operae
286 2359 419 2401 pretium
441 2364 488 2390 est
509 2358 651 2400 supplere
674 2370 712 2390 ea
734 2369 772 2389 ex

89 2402 219 2443 Polybio
246 2413 316 2443 quae
340 2401 457 2438 Livius,
483 2411 579 2443 quum
607 2406 709 2431 cetera
735 2412 772 2432 ex

87 2455 124 2475 eo
151 2444 344 2480 exscriberet,
374 2444 487 2480 omisit,
510 2454 565 2475 seu
593 2444 666 2484 quia
694 2443 774 2474 falsa

88 2487 229 2530 putabat,
245 2497 300 2518 seu
321 2487 395 2529 quia
417 2487 568 2518 Romanis
590 2497 699 2527 parum
716 2487 770 2518 de-

88 2540 169 2565 cora,
196 2530 324 2560 nimium
352 2530 519 2571 indulgens
545 2539 627 2560 caeco
654 2529 686 2560 in
716 2540 770 2571 pa-

89 2571 179 2603 triam
202 2573 309 2608 amori,
332 2573 430 2604 noluit
451 2572 583 2603 historiae
607 2582 669 2602 suae
691 2571 771 2603 inse-

89 2625 165 2645 rere.
208 2615 316 2646 Tradit
337 2626 409 2657 ergo
433 2615 591 2657 Polybius,
607 2615 700 2656 legat„
717 2616 769 2646 93.

90 2658 210 2688 AEnum
232 2662 264 2688 et
284 2659 468 2689 Maroneam
490 2658 587 2699 primo
609 2668 771 2689 concessas

89 2710 156 2731 esse
188 2699 307 2736 Attalo,
336 2707 368 2733 et
395 2701 550 2732 decretam
583 2700 770 2741 legationem

91 2742 133 2773 ad
156 2742 274 2779 Gallos,
296 2748 329 2773 et
352 2744 494 2775 omnibus
516 2743 683 2775 honoribus
705 2754 773 2774 mu-

91 2784 273 2825 neribusque
288 2796 358 2816 eum
379 2786 541 2827 magnifice
563 2786 681 2817 cultum
695 2796 774 2823 esse,

91 2827 164 2869 quia
199 2828 364 2869 sperabant
391 2830 501 2860 Patres
537 2829 649 2861 iterum
686 2829 774 2860 illum

94 2870 248 2901 aditurum
273 2870 313 2902 ad
342 2880 403 2905 eOS,
427 2871 714 2912 postulaturumque
740 2877 775 2903 ut

814 2152 942 2183 regnum
980 2140 1128 2172 Eumenis
1163 2150 1267 2171 secum
1304 2140 1502 2172 divideretur.

815 2186 895 2222 Quae
923 2184 975 2215 ubi
1004 2195 1074 2226 spes
1099 2194 1152 2215 eos
1177 2184 1323 2214 frustrata
1349 2189 1406 2220 est,
1433 2189 1500 2214 tum

814 2238 885 2259 vero
899 2238 961 2263 eos,
978 2237 1073 2268 quum
1095 2227 1266 2258 etiamnum
1285 2233 1365 2258 esset
1386 2226 1420 2258 in
1435 2227 1501 2258 Ita-

814 2270 857 2302 lia
871 2270 1009 2305 Attalus,
1025 2270 1136 2300 liberas
1152 2280 1218 2300 esse
1237 2268 1364 2310 jussisse
1381 2271 1502 2300 AEnum

815 2319 846 2344 et
871 2314 1056 2345 Maroneam
1079 2313 1180 2348 urbes,
1205 2312 1414 2353 promissionis
1437 2312 1501 2342 fac-

815 2362 855 2387 tae
891 2357 1000 2387 Attalo
1032 2355 1156 2386 oblitos.
1201 2356 1354 2386 Praeterea
1384 2354 1502 2385 misisse

816 2399 941 2441 quidem
978 2398 1163 2440 legationem
1200 2398 1239 2428 ad
1277 2397 1398 2428 Gallos.
1442 2397 1503 2428 Sed

815 2442 969 2483 quomodo
984 2442 1022 2472 de
1044 2452 1082 2472 ea
1104 2439 1238 2482 loquitur
1255 2440 1383 2471 Graecus
1407 2439 1502 2481 scrip-

815 2491 871 2521 tor,
900 2484 1043 2526 quamvis
1071 2494 1135 2515 rem
1161 2483 1243 2514 clare
1266 2493 1328 2514 non
1357 2481 1501 2525 explicet,

815 2528 888 2559 satis
910 2528 1028 2559 indicat
1050 2537 1088 2558 ea
1109 2525 1259 2558 mandata
1279 2526 1390 2567 legatis
1416 2525 1501 2560 data,

815 2581 852 2601 ex
877 2571 990 2612 quibus
1019 2570 1121 2612 potius
1147 2569 1400 2600 confirmarentur
1424 2567 1501 2598 Gal-

812 2613 912 2644 lorum
929 2613 1023 2644 animi
1049 2612 1089 2644 ad
1110 2612 1239 2647 bellum,
1257 2621 1352 2652 quam
1368 2609 1500 2641 Eumeni

813 2662 845 2687 et
858 2656 967 2687 Attalo
989 2655 1238 2687 conciliarentur.
1289 2654 1379 2684 Idem
1403 2651 1501 2692 suspi-

813 2699 877 2731 cari
892 2709 1053 2741 possumus
1068 2708 1105 2729 ex
1118 2697 1185 2739 ipso
1202 2695 1289 2728 Livio
1304 2696 1383 2725 infra
1397 2705 1424 2724 c.
1437 2695 1491 2725 34.

858 2743 898 2773 91
923 2743 1090 2772 Amicorum
1123 2739 1278 2779 sociorum]
1317 2738 1401 2778 Lege
1431 2747 1503 2769 cum

818 2785 974 2817 Gronovio
988 2786 1171 2815 sociorumve.

859 2829 901 2858 92
940 2823 1225 2864 condemnarentur]

818 2873 997 2901 damnarent.

1284 2821 1402 2853 Melius
1436 2833 1503 2853 ccm-
