1831 3174
125 201 166 232 U.
181 201 216 232 C.
233 200 305 231 576.

126 244 162 273 A.
179 244 216 274 C.
232 244 302 274 176.

122 286 265 317 Sardinia

122 334 243 371 pacata.

118 1111 191 1142 Cos.
205 1111 310 1143 subro-

115 1159 216 1195 gatus.

114 1846 180 1877 Res
209 1846 239 1876 in
264 1845 316 1876 Li-

113 1889 315 1931 guriagestae.

339 89 384 121 18
863 84 896 121 Τ
913 85 928 121 I
944 84 977 121 T
991 84 1007 121 Ι
1058 85 1090 121 L
1106 83 1122 121 I
1136 83 1170 120 V
1183 84 1199 120 I
1213 84 1230 121 I

395 192 547 235 XVII.
581 193 640 235 Et
674 193 742 234 Ti.
779 193 1047 250 Sempronius
1078 193 1223 234 eodem
1264 200 1449 248 tempore
1489 191 1531 231 in
1573 189 1763 232 Sardinia

336 250 478 292 multis
504 250 694 292 secundis
715 251 871 307 proeliis
907 250 1058 291 Sardos
1090 250 1342 306 perdomuit.
1365 247 1602 305 quindecim
1633 247 1763 288 millia

334 307 517 349 hostium
534 316 630 350 sunt
647 323 762 349 caesa.
824 309 977 348 Omnes
996 308 1222 349 Sardorum
1244 306 1404 363 populi,
1422 305 1495 362 qui
1512 304 1762 353 defecerant,

334 364 376 405 in
410 364 607 406 ditionem
640 364 809 405 redacti.
845 363 1121 420 stipendiariis
1152 364 1363 405 veteribus
1396 363 1554 418 duplex
1586 360 1765 416 vectigal

335 420 598 477 imperatum,
617 429 911 476 exactumque:
945 420 1069 462 ceteri
1085 421 1345 462 frumentum
1362 419 1640 461 contulerunt.
1686 418 1765 458 Pa-

334 487 426 519 cata
446 478 670 534 provincia,
693 478 992 533 obsidibusque
1014 493 1065 518 ex
1086 485 1176 518 tota
1201 477 1338 518 insula
1369 476 1559 517 ducentis
1592 473 1766 530 triginta

334 534 526 590 acceptis,
549 534 674 589 legati
698 535 891 585 Romam,
914 534 987 590 qui
1008 550 1056 575 ea
1076 534 1335 583 nunciarent,
1356 533 1493 580 missi3
1533 531 1691 588 quique
1711 530 1765 571 ab

336 599 479 632 senatu
501 599 704 646 peterent,
722 600 770 632 ut
786 592 840 633 ob
857 607 923 632 eas
945 606 1023 641 res,
1041 591 1173 632 ductu
1195 590 1463 647 auspicioque
1487 589 1555 629 Ti.
1576 590 1767 643 Sempro-

334 647 391 688 nii
412 662 606 703 prospere
638 656 790 703 gestas,
813 648 905 689 Diis
926 648 1215 689 inmortalibus
1246 648 1376 688 honos
1408 647 1647 695 haberetur,
1670 644 1767 701 ipsi-

333 720 415 759 que
437 705 652 746 decedenti
669 705 721 746 de
736 705 949 760 provincia
964 704 1192 746 exercitum
1210 720 1348 745 secum
1370 704 1590 759 deportare
1611 702 1765 743 liceret.

336 762 526 810 Senatus,
548 761 590 801 in
611 762 700 803 aede
723 762 931 817 Apollinis
953 762 1186 818 legatorum
1207 761 1344 802 verbis
1370 760 1539 809 auditis,
1562 759 1768 815 supplica-

332 817 484 858 tionem
506 817 547 857 in
568 818 747 859 biduum
769 819 967 868 decrevit,
990 827 1030 860 et
1052 818 1333 874 quadraginta
1364 817 1591 873 majoribus
1622 815 1768 857 hostiis

331 874 518 915 consules
566 876 793 916 sacrificare
836 875 987 931 jussit:
1043 875 1110 915 Ti.
1148 875 1437 931 Sempronium
1477 873 1766 930 proconsulem

330 931 643 987 exercitumque
683 948 731 972 eo
766 947 873 973 anno
908 931 950 972 in
985 931 1198 987 provincia
1232 947 1408 972 manere.
1484 930 1665 971 Comitia
1698 930 1769 971 de-

329 986 426 1029 inde
447 988 626 1029 consulis
648 989 771 1030 unius
793 988 1063 1044 subrogandi,
1084 988 1118 1014 7⁰
1131 1004 1226 1044 quae
1259 988 1301 1028 in
1334 996 1430 1029 ante
1458 987 1567 1028 diem
1596 987 1767 1028 tertium

331 1045 473 1086 Nonas
509 1045 684 1086 Sextiles
717 1045 854 1086 edicta
885 1052 1017 1095 erant,
1040 1061 1088 1086 eo
1108 1044 1198 1101 ipso
1230 1045 1297 1086 die
1331 1052 1428 1086 sunt
1456 1044 1654 1085 confecta.
1718 1045 1766 1093 Q.

334 1101 524 1143 Petillius
557 1102 700 1143 consul
736 1102 951 1158 collegam,
987 1102 1060 1157 qui
1094 1102 1304 1158 extemplo
1336 1101 1628 1157 magistratum
1664 1100 1768 1141 occi-

330 1167 462 1213 peret,
485 1159 639 1200 creavit
663 1160 709 1200 C.
729 1159 940 1200 Valerium
964 1158 1197 1199 Laevinum.
1258 1158 1289 1185 ⁷¹
1307 1160 1364 1209 Is,
1381 1159 1470 1214 jam
1492 1158 1566 1199 diu
1588 1157 1767 1213 cupidus

330 1215 569 1270 provinciae,
604 1231 735 1271 quum
772 1225 1021 1272 opportunae
1056 1215 1278 1271 cupiditati
1319 1216 1409 1271 ejus
1444 1215 1574 1256 literae
1615 1214 1767 1255 adlatae

329 1280 478 1321 essent,
503 1272 682 1328 Ligures
704 1273 935 1323 rebellasse,
959 1272 1090 1313 Nonis
1114 1273 1342 1314 Sextilibus
1364 1272 1398 1297 7²
1413 1272 1654 1328 paludatus,
1678 1271 1767 1312 lite-

329 1328 384 1369 ris
404 1329 573 1379 auditis,
597 1330 806 1371 tumultus
827 1331 916 1386 ejus
933 1345 1077 1370 caussa
1093 1329 1295 1385 legionem
1319 1329 1483 1371 tertiam
1500 1329 1553 1369 ad
1577 1330 1624 1369 C.
1642 1328 1767 1369 Clau-

328 1384 445 1426 dium
466 1387 754 1441 proconsulem
788 1386 829 1426 in
853 1387 1033 1427 Galliam
1066 1386 1269 1442 proficisci
1297 1386 1450 1442 jussit;
1495 1393 1535 1426 et
1572 1385 1767 1426 duumvi-

327 1456 393 1482 ros
415 1443 579 1483 navales
612 1459 707 1483 cum
730 1443 856 1484 classe
887 1443 1003 1483 Pisas
1024 1443 1096 1492 ire,
1120 1443 1192 1498 qui
1228 1443 1438 1499 Ligurum
1460 1458 1589 1492 oram,
1612 1442 1768 1483 mariti-

326 1513 441 1539 mum
463 1515 632 1555 quoque
654 1508 852 1540 terrorem
881 1500 1164 1549 admoventes,
1187 1499 1622 1541 circumvectarentur.
1683 1500 1767 1539 Eo-

328 1555 423 1596 dem
445 1564 485 1597 et
509 1557 557 1606 Q.
578 1556 769 1597 Petillius
802 1557 945 1598 consul
971 1557 1025 1597 ad
1057 1556 1388 1598 conveniendum
1422 1555 1623 1597 exercitui
1655 1555 1765 1597 diem

328 1612 526 1653 edixerat.
589 1614 647 1653 Et
684 1614 730 1653 C.
751 1613 955 1654 Claudius
988 1613 1226 1668 proconsul,
1260 1613 1407 1654 audita
1439 1612 1661 1654 rebellione
1695 1613 1767 1653 Li·-

326 1684 496 1724 gurum,
519 1677 672 1725 praeter
693 1685 760 1710 eas
781 1669 934 1725 copias,
957 1685 1061 1725 quas
1092 1685 1230 1710 secum
1253 1671 1416 1710 Parmae
1450 1669 1646 1719 habebat,
1671 1670 1767 1711 sub-

327 1725 457 1766 itariis
490 1725 684 1767 conlectis
717 1726 933 1776 militibus,
968 1725 1194 1767 exercitum
1229 1727 1283 1767 ad
1316 1727 1417 1767 fines
1451 1726 1661 1782 Ligurum
1694 1727 1766 1767 ad-

328 1790 472 1823 movit.

387 1840 567 1880 XVIII.
603 1841 757 1881 Hostes
791 1841 868 1881 sub
902 1840 1130 1881 adventum
1165 1841 1212 1880 C.
1233 1840 1414 1889 Claudii,
1437 1855 1462 1880 a
1482 1855 1567 1895 quo
1595 1840 1702 1881 duce
1724 1856 1765 1881 se

329 1896 599 1937 meminerant
632 1911 765 1952 nuper
786 1898 839 1938 ad
863 1897 1129 1938 Scultennam
1151 1896 1305 1938 flumen
1332 1896 1463 1938 victos
1494 1897 1763 1953 fugatosque,

329 2031 411 2072 quod
445 2033 580 2067 multum,
612 2043 707 2073 quum
745 2043 817 2073 ager
854 2032 905 2063 ille
939 2032 1021 2063 bello

328 2080 438 2115 captus
460 2075 564 2105 multis
591 2076 727 2105 millibus
757 2075 915 2106 hominum
942 2075 1020 2106 divi-

328 2116 360 2147 di
376 2117 489 2147 viritim
505 2129 593 2159 posse
610 2118 739 2148 dicatur.

381 2160 421 2189 70
454 2160 525 2194 Quae
554 2162 585 2190 in
612 2167 679 2190 anie
710 2161 799 2200 diem]
838 2161 960 2192 Vocula
990 2163 1021 2191 in

329 2202 417 2232 abest
455 2213 474 2233 a
507 2203 724 2233 vetustioribus
773 2203 875 2234 editis.
942 2205 1021 2234 Eam

328 2244 468 2286 quisquis
497 2245 642 2287 reposuit,
671 2256 732 2277 non
761 2246 827 2277 sine
855 2257 950 2277 causa
978 2247 1021 2278 fe-

329 2293 383 2317 eit.

371 2331 407 2359 71
435 2330 464 2359 Is
475 2332 594 2369 jamdiu
619 2333 741 2370 cupidus
758 2332 931 2372 provincias]
961 2333 1020 2363 Or-

325 2371 366 2402 do
381 2378 412 2403 et
434 2378 587 2404 structura
608 2375 770 2404 verborum
793 2375 931 2405 declarat
954 2375 1020 2406 haec

325 2414 457 2455 intelligi
482 2415 520 2446 de
537 2416 663 2446 Valerio
687 2419 831 2447 consule:
865 2417 946 2458 quod
970 2417 1019 2447 iti-

325 2457 397 2488 dem
419 2458 551 2499 probant
565 2469 603 2489 ea
618 2470 687 2499 quae
712 2466 902 2501 sequuntur3
925 2462 1020 2491 eodem

325 2506 353 2531 et
392 2501 429 2534 Q.
458 2501 595 2531 Petillius
633 2503 732 2531 consul
772 2505 811 2533 ud
848 2505 1017 2533 conrenien-

324 2545 395 2573 dum
417 2545 556 2574 eremitici
579 2546 653 2574 diem
676 2546 817 2576 ediierat.
870 2545 914 2575 At
941 2557 1017 2587 quo-

324 2586 416 2617 modo
451 2586 590 2617 novellus
627 2586 679 2617 ille
709 2587 827 2622 consul,
858 2593 930 2618 ante
971 2588 1017 2618 bi-

323 2628 420 2659 duum
446 2633 577 2663 creatus,
604 2635 703 2670 potest
730 2630 792 2660 dici
817 2630 940 2671 jamdiu
963 2642 1016 2661 cu-

322 2671 414 2712 pidus
435 2670 624 2713 provincias!
670 2672 740 2702 Nisi
762 2673 786 2702 si
811 2673 897 2708 forte,
922 2684 1017 2714 quum

322 2724 358 2744 eo
381 2714 449 2745 loco
464 2719 554 2744 natus
569 2720 659 2750 esset,
676 2725 727 2745 eos
750 2715 879 2746 honores
901 2716 1011 2756 gessis-

322 2761 380 2791 set,
398 2762 431 2786 ut
455 2757 512 2787 sibi
527 2762 629 2798 posset
652 2768 746 2799 prope
770 2764 854 2788 certa
870 2769 924 2800 spe
939 2769 1011 2789 con-

321 2798 456 2829 sulatum
479 2799 680 2841 despondere,
704 2800 931 2841 significaverat
946 2802 1012 2842 jam

323 2846 489 2882 antequam
527 2843 632 2873 consul
671 2843 765 2879 fieret,
797 2854 827 2874 se
865 2844 1012 2886 cupidum

1065 2042 1132 2063 esse
1147 2032 1326 2074 provinciae.

1109 2076 1148 2105 72
1185 2076 1361 2111 Paludatus,
1389 2077 1494 2106 litteris
1522 2077 1645 2117 auditis]
1685 2076 1763 2108 Haec

1065 2117 1208 2149 videntur
1237 2119 1365 2154 narrari,
1393 2125 1542 2160 tanquam
1581 2125 1764 2160 argumenta

1064 2160 1148 2191 illius
1172 2161 1363 2203 cupiditatis,
1388 2173 1482 2202 quam
1502 2162 1534 2193 in
1558 2162 1683 2192 consule
1707 2172 1761 2193 no-

1066 2203 1143 2234 tavit
1173 2204 1291 2235 Livius.
1347 2205 1394 2234 Ex
1425 2209 1490 2235 tota
1519 2205 1602 2235 enim
1624 2205 1761 2246 superio-

1065 2256 1133 2276 rum
1162 2252 1334 2289 temporum
1366 2247 1494 2278 historia
1523 2246 1627 2288 colligi
1661 2252 1763 2289 potest

1066 2288 1207 2320 eonsules
1231 2301 1292 2321 non
1315 2295 1387 2320 ante
1409 2289 1634 2332 paludamenta
1655 2290 1687 2320 in
1710 2302 1761 2321 ur-

1065 2331 1104 2361 be
1120 2333 1298 2374 sumpsisse.
1315 2343 1409 2373 quam
1426 2333 1465 2364 ad
1480 2333 1596 2363 bellum
1620 2333 1759 2374 proficis-

1066 2381 1218 2406 cerentur.
1262 2376 1306 2406 At
1328 2375 1379 2406 hic
1406 2375 1566 2416 aliquanto
1591 2381 1760 2417 antequam

1064 2423 1155 2448 exeat
1181 2418 1213 2448 in
1243 2418 1447 2459 provinciam,
1478 2418 1661 2459 paludatum
1693 2430 1760 2450 sese

1063 2465 1209 2496 ostentat,
1232 2461 1399 2502 paludatus
1423 2461 1510 2491 audit
1534 2461 1663 2498 litteras,
1681 2473 1759 2504 quas

1063 2503 1207 2533 nimirum
1229 2504 1276 2534 vel
1302 2504 1334 2534 in
1362 2504 1522 2539 concione,
1538 2503 1588 2534 vel
1614 2504 1646 2534 in
1668 2515 1758 2536 sena-

1061 2550 1095 2575 tu
1125 2546 1247 2577 recitari
1274 2547 1420 2588 jusserat.
1480 2547 1558 2577 Haec
1587 2547 1692 2578 omnia
1721 2559 1757 2579 eo

1062 2590 1256 2629 spectabant,
1281 2594 1315 2619 ut
1341 2600 1406 2620 rem
1437 2588 1468 2619 in
1495 2590 1594 2632 majus
1618 2595 1756 2631 augeret,

1062 2641 1110 2666 ac,
1135 2631 1397 2672 quemadmodum
1420 2631 1453 2662 in
1480 2632 1614 2663 tumultu
1647 2633 1757 2664 civita-

1062 2678 1124 2704 tem
1154 2685 1230 2716 saga
1259 2685 1380 2705 sumere
1411 2685 1476 2705 mos
1503 2681 1578 2711 erat,
1609 2674 1653 2707 sic
1689 2676 1756 2718 ipse

1055 2717 1162 2747 consul
1189 2728 1283 2757 quum
1305 2717 1472 2758 paludatus
1495 2717 1526 2748 in
1548 2720 1623 2750 urbe
1647 2729 1750 2755 versa-

1055 2763 1147 2793 retur.
1194 2759 1403 2801 impendentis
1446 2760 1579 2804 alicujus
1622 2761 1752 2805 periculi

1055 2802 1191 2843 speciem
1206 2801 1359 2844 ingereret
1375 2802 1497 2836 animis.
