1831 3174
82 892 91 901 '
120 891 265 923 Comitia.

332 47 380 81 32
864 40 1005 93 TJTI
1050 39 1217 78 Livii

121 164 300 196 U.C.578.
332 159 415 192 tres
453 149 672 192 faciendos.
735 151 841 191 Haec
881 151 933 190 ab
975 166 1057 191 uno
1096 163 1262 190 censore
1300 162 1426 204 opera
1464 148 1610 199 locata,
1651 163 1746 190 cum

120 207 210 239 A·C·
229 209 298 239 174.
331 223 482 263 magna
519 208 655 263 gratia
689 207 941 248 colonorum.
1004 206 1198 247 Moribus
1232 220 1401 261 quoque
1436 206 1625 260 regendis
1656 206 1749 246 dili-

331 280 431 320 gens
453 272 493 306 et
515 280 655 305 severa
675 279 847 305 censura
867 263 960 304 fuit.
984 262 1126 303 multis
1147 262 1243 318 equi
1265 262 1430 302 ademti.

390 322 620 361 XXVIII.
654 320 787 361 Exitu
818 335 947 374 prope
977 319 1073 359 anni
1102 319 1211 359 diem
1239 334 1367 359 unum
1390 317 1636 374 supplicatio
1665 318 1748 359 fuit

330 378 385 418 ob
415 393 479 418 res
509 392 703 433 prospere
730 383 866 431 gestas
896 377 937 416 in
969 375 1174 430 Hispania
1203 374 1333 416 ductu
1365 375 1631 431 auspicioque
1662 375 1746 430 Ap.

333 434 499 475 Claudii
534 432 813 489 proconsulis:
857 440 898 472 et
933 431 1159 487 majoribus
1194 431 1337 472 hostiis
1368 432 1515 487 viginti
1552 430 1750 471 sacrifica-

331 499 434 531 tum.
467 499 507 531 et
537 490 713 530 alterum
745 488 854 528 diem
885 487 1132 544 supplicatio
1162 486 1195 514 ‘¹7
1207 487 1260 528 ad
1293 489 1468 538 Cereris,
1496 487 1654 536 Liberi,
1678 486 1750 526 Li-

330 547 524 602 beraeque
564 546 661 595 fuit,
694 545 810 600 quod
839 560 889 586 ex
929 544 1091 585 Sabinis
1130 552 1251 585 terrae
1292 553 1430 586 motus
1470 544 1613 600 ingens
1654 559 1750 584 cum

330 603 472 644 multis
494 602 763 643 aedificiorum
787 601 918 642 ruinis
947 601 1169 642 nunciatus
1190 608 1290 643 erat.
1352 602 1493 651 Quum
1515 603 1600 656 Ap.
1625 600 1750 642 Clau-

329 659 424 700 dius
463 675 514 700 ex
557 658 763 713 Hispania
803 659 982 699 Romam
1026 657 1213 708 redisset,
1256 657 1438 698 decrevit
1480 665 1659 707 senatus,
1701 665 1750 698 ut

329 731 456 757 ovans
496 715 643 756 urbem
678 715 811 756 iniret.
872 716 970 755 Jam
1006 715 1238 755 consularia
1273 714 1439 755 comitia
1468 714 1749 769 adpetebant;

329 772 499 828 quibus,
540 786 692 827 magna
730 771 991 819 contentione
1031 771 1184 812 habitis
1227 779 1397 827 propter
1436 770 1750 812 multitudinem

360 828 576 878 etentium,
613 827 739 869 creati
782 828 832 867 L.
867 827 1109 868 Postumius
1149 828 1333 868 Albinus
1370 836 1411 868 et
1450 829 1513 868 M.
1547 826 1752 882 Popillius

329 844 493 926 {aenas
556 886 762 925 Praetores
798 883 893 924 inde
922 884 1037 933 facti,
1069 883 1102 906 4⁸
1115 885 1168 924 N.
1198 884 1354 925 Fabius
1386 885 1537 933 Buteo,
1570 885 1632 923 M.
1657 884 1752 924 Ma-

330 941 480 991 tienus,
516 942 563 982 C.
589 940 812 990 Cicereius,
846 941 908 980 M.
940 940 1095 981 Furius
1132 940 1343 996 Crassipes
1380 940 1546 990 iterum,
1578 941 1632 980 A.
1657 940 1752 981 Ati-

329 997 411 1039 lius
443 1000 643 1039 Serranus
672 997 839 1047 iterum,
868 998 914 1038 C.
940 996 1116 1037 Cluvius
1149 997 1306 1037 Saxula
1336 996 1499 1038 iterum.
1563 996 1754 1039 Comitiis

330 1054 539 1110 perfectis,
562 1055 646 1110 Ap.
667 1053 869 1094 Claudius
893 1053 1071 1103 Centho,
1093 1069 1143 1094 ex
1168 1053 1388 1094 Celtiberis
1408 1069 1535 1094 ovans
1556 1068 1689 1109 quum
1709 1053 1753 1093 in

331 1111 478 1152 urbem
508 1110 645 1160 iniret,
667 1110 700 1134 ‘¹9
713 1110 854 1151 decem
885 1109 1014 1150 millia
1041 1110 1182 1165 pondo
1209 1110 1386 1166 argenti,
1408 1110 1594 1165 quinque
1624 1109 1754 1150 millia

331 1167 422 1208 auri
452 1168 495 1209 in
527 1167 718 1209 aerarium
744 1166 854 1208 tulit.
916 1166 1089 1207 Flamen
1121 1166 1254 1207 Dialis
1284 1167 1559 1222 inauguratus
1589 1175 1658 1207 est.
1674 1168 1752 1207 Cn.

333 1224 562 1265 Cornelius.
623 1223 785 1264 Eodem
815 1239 922 1264 anno
953 1223 1098 1264 tabula
1127 1223 1168 1263 in
1199 1223 1357 1264 aedemy
1385 1223 1537 1264 Matris
1569 1225 1752 1264 Matutae

118 1288 242 1320 Tabula
255 1288 302 1337 in·
330 1296 425 1322 cum
456 1281 590 1322 indice
618 1281 697 1321 hoc
729 1280 865 1336 posita
893 1288 978 1321 est:
1024 1281 1090 1321 Ti.
1111 1281 1342 1333 Sempronii
1374 1280 1555 1321 Gracchi
1583 1282 1756 1321 consulis

117 1332 186 1406 ἷξε
207 1332 321 1362 Matns
332 1339 502 1391 imperio
532 1339 792 1391 auspicioque
820 1338 925 1391 legio
948 1339 1220 1391 exercitusque
1243 1338 1390 1391 populi
1408 1338 1590 1378 Romani
1609 1338 1756 1379 Sardi-

119 1380 289 1449 Grffilgffoa
331 1395 440 1435 niam
460 1395 626 1448 subegit.
659 1396 702 1434 in
733 1409 780 1433 ea
813 1394 1017 1446 provincia
1047 1395 1215 1435 hostium
1247 1409 1348 1435 caesa
1379 1401 1451 1434 aut
1481 1401 1603 1448 capta
1632 1409 1756 1447 supra

118 1461 228 1502 posita.
330 1452 536 1506 octoginta
557 1452 703 1491 millia.
763 1450 991 1503 Republica
1005 1451 1247 1505 ¹felicissime
1267 1458 1397 1505 gesta,
1418 1450 1452 1475 ⁵⁰
1465 1458 1585 1505 atque
1605 1452 1756 1492 libera-

330 1509 385 1550 tis
404 1509 663 1563 vectigalibus
684 1510 708 1535 ἥρ
729 1508 937 1556 restitutis,
961 1509 1172 1549 exereitum
1197 1508 1350 1549 salvum
1382 1515 1500 1562 atque
1526 1510 1756 1549 incolumem

323 1567 600 1620 plenissimum
622 1566 772 1618 praeda
794 1566 946 1604 domum
976 1566 1215 1618 reportavit.
1257 1567 1399 1606 iterum
1430 1567 1685 1619 triumphans
1711 1568 1756 1606 in

330 1623 464 1663 urbem
496 1623 667 1663 Romam
697 1622 836 1662 rediit.
900 1620 1021 1675 Cujus
1050 1622 1108 1662 rei
1137 1636 1234 1676 ergo
1270 1622 1372 1662 hanc
1402 1622 1580 1662 tabulam
1610 1625 1755 1663 donum

330 1680 430 1722 Jovi
450 1680 576 1720 dedit.
639 1678 838 1718 Sardiniae
869 1678 1014 1718 insulae
1043 1679 1178 1719 forma
1206 1687 1309 1729 erat,
1331 1687 1458 1734 atque
1486 1679 1528 1720 in
1551 1695 1599 1720 ea
1629 1679 1754 1720 simu-

333 1736 444 1776 lacra
477 1750 713 1791 pugnarum
748 1734 871 1791 picta.
933 1736 1116 1775 Munera
1149 1735 1429 1791 gladiatorum
1459 1751 1506 1776 eo
1541 1752 1648 1777 anno
1680 1736 1753 1777 ali-

333 1800 437 1848 quot
458 1807 587 1855 parva
607 1791 687 1832 alia
707 1791 830 1838 data3
865 1807 995 1832 unum
1016 1800 1112 1832 ante
1132 1800 1269 1833 cetera
1294 1792 1453 1848 insigne
1474 1792 1556 1834 fuit
1579 1794 1633 1834 T.
1657 1794 1753 1835 Fla-

332 1848 492 1898 minim,
523 1849 639 1904 quod
674 1847 818 1888 mortis
853 1863 997 1888 caussa
1031 1848 1161 1904 patris
1197 1849 1274 1899 sui,
1305 1848 1337 1872 ⁵¹
1354 1865 1448 1890 cum
1484 1849 1753 1891 visceratione

333 1905 542 1962 epuloque
574 1913 614 1946 et
648 1904 757 1945 ludis
790 1904 971 1954 scenicis,
1007 1905 1282 1961 quatriduum
1312 1906 1440 1948 dedit.
1472 1905 1506 1929 ⁵²
1518 1906 1656 1961 magni
1693 1916 1753 1948 ta-

333 1976 428 2002 men
460 1961 642 2002 muneris
671 1976 720 2001 ea
751 1976 912 2002 summa
943 1961 1040 2011 fuit,
1063 1970 1111 2003 ut
1143 1977 1217 2018 per
1248 1961 1437 2004 triduum
1459 1962 1492 1986 ⁵³
1505 1971 1687 2018 quatuor
1710 1972 1752 2005 et

333 2017 599 2074 septuaginta
617 2017 802 2059 homines
822 2018 1061 2074 pugnarint.

886 2162 903 2187 Υ
918 2160 977 2189 tede
993 2157 1091 2190 Gron.
1108 2159 1199 2190 Crev.

379 2234 419 2263 47
444 2233 490 2263 Ad
536 2233 651 2264 Cereris
689 2233 798 2269 Liberi,
837 2233 1019 2274 Liberoeque]
1108 2233 1146 2264 51
1175 2235 1252 2265 Cum
1282 2233 1485 2277 visceratione]
1516 2234 1589 2266 Vid.
1613 2239 1677 2265 not.
1700 2234 1754 2266 37.

337 2276 463 2307 AEdem.
479 2274 554 2306 Vid.
569 2281 633 2307 not.
650 2276 702 2306 46.
719 2276 758 2306 ad
773 2276 796 2307 l.
811 2276 879 2306 III.
897 2286 923 2306 c.
940 2278 992 2307 55.
1066 2276 1106 2307 ad
1121 2276 1144 2306 l.
1160 2277 1260 2307 VIII.
1273 2287 1302 2308 c.
1318 2278 1371 2308 22.

380 2320 420 2348 48
446 2318 606 2348 Numerius
649 2318 772 2359 Fabius]
820 2319 923 2359 Vulgo
965 2319 1022 2349 Cn.
1109 2320 1150 2349 52
1176 2319 1389 2360 Magnimmen
1403 2320 1547 2361 muneris]
1564 2320 1603 2349 In
1617 2319 1670 2350 illo
1685 2330 1752 2350 mu-

338 2362 454 2391 Fabius.
492 2360 631 2391 Mutavit
646 2360 799 2402 Sigonius.
1067 2371 1151 2397 nere,
1182 2362 1264 2402 quod
1295 2373 1442 2404 magnum
1473 2362 1535 2392 illis
1565 2362 1754 2404 temporibus

381 2404 421 2434 49
446 2403 552 2433 Decem
602 2404 696 2433 millia
745 2406 838 2442 pondo
889 2404 1021 2445 argenti]
1062 2404 1238 2445 judicatum
1261 2410 1318 2440 est,
1335 2405 1548 2436 tantummodo
1571 2411 1701 2445 quatuor
1723 2412 1756 2436 et

338 2447 466 2477 Marcas
488 2450 640 2476 nostrates
661 2446 776 2477 15625.
801 2446 936 2486 Quinque
958 2447 1024 2476 mil-
1068 2447 1265 2488 septuaginta
1279 2448 1419 2478 homines
1440 2458 1496 2489 per
1517 2447 1653 2478 triduum
1674 2458 1754 2489 pug-

339 2490 379 2519 lia
393 2489 473 2520 auri.
518 2489 646 2519 Marcas
663 2489 758 2519 7812.
774 2489 882 2519 uncias
897 2489 929 2520 4.
1069 2495 1192 2520 nai-unt.
1237 2490 1391 2531 Intelligit
1420 2491 1527 2521 Livius
1555 2490 1613 2520 hoc
1643 2501 1755 2520 munus

381 2532 422 2562 50
446 2531 540 2571 Atque
583 2531 709 2561 liberatis
757 2533 954 2573 vectigalibus,
999 2538 1027 2561 et
1069 2542 1217 2573 magnum
1232 2532 1286 2563 illo
1302 2544 1369 2564 aevo
1384 2532 1483 2563 visum
1506 2544 1584 2568 esse,
1600 2532 1654 2563 sed
1677 2532 1755 2563 nihil
1809 2556 1815 2565 .

336 2574 504 2613 reipublicae
546 2574 700 2614 restitutis]
755 2574 893 2604 Liberata
934 2575 1022 2604 vecti-
1067 2573 1107 2604 ad
1130 2574 1178 2605 sui
1200 2575 1347 2617 temporis
1370 2576 1526 2618 profusam
1552 2575 1754 2616 magnificen-

333 2618 417 2657 galia
456 2616 673 2657 interpretatur
719 2616 894 2647 Gronovius
936 2616 1024 2647 salva
1066 2616 1154 2653 tiam,
1170 2616 1234 2647 sive
1249 2618 1350 2659 potius
1365 2618 1532 2649 vesaniam.

336 2658 458 2689 reddita
479 2659 593 2700 populo
616 2659 773 2695 Romano,
794 2670 863 2700 quae
887 2659 1024 2690 defecto·
1111 2661 1151 2690 53
1178 2660 1313 2694 Quatuor
1348 2668 1375 2691 et
1410 2663 1596 2702 septuaginta
1632 2661 1757 2691 homines

337 2711 385 2731 res
400 2706 584 2732 averterant.
615 2701 677 2733 Hae
692 2712 793 2737 voces,
809 2703 1025 2742 etrez'publicae‚
1068 2704 1248 2744 pugnarint]
1283 2703 1345 2734 Hic
1375 2703 1518 2734 mutilum
1547 2714 1612 2734 esse
1641 2703 1755 2734 librum

336 2743 488 2775 debentur
504 2743 639 2785 Sigonio.
685 2744 860 2777 Gronovius
880 2744 1023 2787 conjicit:
1069 2745 1234 2776 credimus.
1280 2746 1427 2787 Namque
1449 2757 1488 2777 ex
1508 2746 1642 2788 epitome
1663 2745 1755 2787 hujus

338 2787 472 2826 sociisque
486 2788 638 2819 restitutis.
1069 2787 1139 2818 libri
1163 2793 1290 2830 apparet
1306 2788 1429 2821 Livium
1452 2789 1484 2821 in
1499 2800 1535 2822 eo
1557 2788 1635 2829 legis
1649 2789 1753 2820 Voco-
