<?xml version="1.0" encoding="UTF-8"?>
<!DOCTYPE html PUBLIC "-//W3C//DTD XHTML 1.0 Transitional//EN"
    "http://www.w3.org/TR/xhtml1/DTD/xhtml1-transitional.dtd">
<html xmlns="http://www.w3.org/1999/xhtml" xml:lang="en" lang="en">
 <head>
  <title>
</title>
<meta http-equiv="Content-Type" content="text/html;charset=utf-8" />
  <meta name='ocr-system' content='tesseract 3.04.00' />
  <meta name='ocr-capabilities' content='ocr_page ocr_carea ocr_par ocr_line ocrx_word'/>
</head>
<body>
  <div class='ocr_page' id='page_1' title='image "./historiarumaburb04livyuoft/historiarumaburb04livyuoft_0091.png"; bbox 0 0 1831 3194; ppageno 0'>
   <div class='ocr_carea' id='block_1_1' title="bbox 515 108 1528 152">
    <p class='ocr_par' dir='ltr' id='par_1_1' title="bbox 515 108 1528 152">
     <span class='ocr_line' id='line_1_1' title="bbox 515 108 1528 152; baseline 0.003 -5"><span class='ocrx_word' id='word_1_1' title='bbox 515 109 633 148; x_wconf 84' lang='lat' dir='ltr'>LlB.</span> <span class='ocrx_word' id='word_1_2' title='bbox 664 108 790 145; x_wconf 82' lang='lat' dir='ltr'>XLII.</span> <span class='ocrx_word' id='word_1_3' title='bbox 838 110 866 145; x_wconf 72' lang='grc' dir='ltr'>(Σ</span> <span class='ocrx_word' id='word_1_4' title='bbox 885 112 911 146; x_wconf 79' lang='grc' dir='ltr'>Α</span> <span class='ocrx_word' id='word_1_5' title='bbox 927 110 966 146; x_wconf 86' lang='lat' dir='ltr'>P.</span> <span class='ocrx_word' id='word_1_6' title='bbox 998 110 1117 146; x_wconf 78' lang='lat' dir='ltr'>LVII.</span> <span class='ocrx_word' id='word_1_7' title='bbox 1482 120 1528 152; x_wconf 51' lang='lat' dir='ltr'>Sa</span> 
     </span>
    </p>
   </div>
   <div class='ocr_carea' id='block_1_2' title="bbox 107 219 1723 2549">
    <p class='ocr_par' dir='ltr' id='par_1_2' title="bbox 108 219 1717 1414">
     <span class='ocr_line' id='line_1_2' title="bbox 113 219 1717 276; baseline 0.001 -16"><span class='ocrx_word' id='word_1_8' title='bbox 113 235 205 261; x_wconf 90' lang='lat' dir='ltr'>rum</span> <span class='ocrx_word' id='word_1_9' title='bbox 222 221 462 276; x_wconf 82' lang='lat' dir='ltr'>juventute,</span> <span class='ocrx_word' id='word_1_10' title='bbox 484 233 581 274; x_wconf 79' lang='lat' dir='ltr'>quoe</span> <span class='ocrx_word' id='word_1_11' title='bbox 602 233 697 274; x_wconf 79' lang='lat' dir='ltr'>pars</span> <span class='ocrx_word' id='word_1_12' title='bbox 718 233 811 259; x_wconf 77' lang='lat' dir='ltr'>cum</span> <span class='ocrx_word' id='word_1_13' title='bbox 838 219 1034 259; x_wconf 72' lang='lat' dir='ltr'>Romanis</span> <span class='ocrx_word' id='word_1_14' title='bbox 1067 219 1218 269; x_wconf 65' lang='lat' dir='ltr'>stabat,</span> <span class='ocrx_word' id='word_1_15' title='bbox 1241 236 1327 260; x_wconf 77' lang='lat' dir='ltr'>eam</span> <span class='ocrx_word' id='word_1_16' title='bbox 1352 236 1434 261; x_wconf 82' lang='lat' dir='ltr'>rem</span> <span class='ocrx_word' id='word_1_17' title='bbox 1458 224 1528 264; x_wconf 77' lang='lat' dir='ltr'>ad-</span> <span class='ocrx_word' id='word_1_18' title='bbox 1545 235 1630 265; x_wconf 82' lang='grc' dir='ltr'>ι’.(,,“.</span> <span class='ocrx_word' id='word_1_19' title='bbox 1647 236 1717 263; x_wconf 42' lang='grc' dir='ltr'>51111μ</span> 
     </span>
     <span class='ocr_line' id='line_1_3' title="bbox 112 275 1717 332; baseline 0.001 -14"><span class='ocrx_word' id='word_1_20' title='bbox 112 292 277 332; x_wconf 78' lang='lat' dir='ltr'>gressus</span> <span class='ocrx_word' id='word_1_21' title='bbox 312 278 487 331; x_wconf 79' lang='lat' dir='ltr'>legatus,</span> <span class='ocrx_word' id='word_1_22' title='bbox 509 291 533 316; x_wconf 82' lang='lat' dir='ltr'>a</span> <span class='ocrx_word' id='word_1_23' title='bbox 556 275 762 316; x_wconf 76' lang='lat' dir='ltr'>moenibus</span> <span class='ocrx_word' id='word_1_24' title='bbox 794 276 1000 316; x_wconf 78' lang='lat' dir='ltr'>abscessit.</span> <span class='ocrx_word' id='word_1_25' title='bbox 1064 277 1170 317; x_wconf 83' lang='lat' dir='ltr'>Haec</span> <span class='ocrx_word' id='word_1_26' title='bbox 1206 277 1341 318; x_wconf 77' lang='lat' dir='ltr'>soluta</span> <span class='ocrx_word' id='word_1_27' title='bbox 1368 279 1631 319; x_wconf 57' lang='lat' dir='ltr'>‹›l›si‹li‹›1³·(&#39;·</span> <span class='ocrx_word' id='word_1_28' title='bbox 1651 279 1717 306; x_wconf 79' lang='lat'>171.</span> 
     </span>
     <span class='ocr_line' id='line_1_4' title="bbox 115 332 1524 390; baseline 0.002 -17"><span class='ocrx_word' id='word_1_29' title='bbox 115 335 250 376; x_wconf 86' lang='lat' dir='ltr'>locum</span> <span class='ocrx_word' id='word_1_30' title='bbox 287 333 402 374; x_wconf 82' lang='lat' dir='ltr'>alteri</span> <span class='ocrx_word' id='word_1_31' title='bbox 438 348 555 373; x_wconf 62' lang='lat' dir='ltr'>novae</span> <span class='ocrx_word' id='word_1_32' title='bbox 590 332 793 373; x_wconf 81' lang='lat' dir='ltr'>obsidioni</span> <span class='ocrx_word' id='word_1_33' title='bbox 829 332 957 373; x_wconf 85' lang='lat' dir='ltr'>dedit.</span> <span class='ocrx_word' id='word_1_34' title='bbox 1002 348 1114 373; x_wconf 84' lang='lat' dir='ltr'>nam(</span> <span class='ocrx_word' id='word_1_35' title='bbox 1128 349 1180 374; x_wconf 88' lang='lat' dir='ltr'>ue</span> <span class='ocrx_word' id='word_1_36' title='bbox 1212 335 1422 390; x_wconf 80' lang='lat' dir='ltr'>extemplo</span> <span class='ocrx_word' id='word_1_37' title='bbox 1464 337 1524 376; x_wconf 79' lang='lat' dir='ltr'>M.</span> 
     </span>
     <span class='ocr_line' id='line_1_5' title="bbox 117 350 1527 441; baseline 0.001 -10"><span class='ocrx_word' id='word_1_38' title='bbox 117 391 340 432; x_wconf 83' lang='lat' dir='ltr'>Lucretius</span> <span class='ocrx_word' id='word_1_39' title='bbox 368 405 461 430; x_wconf 88' lang='lat' dir='ltr'>eum</span> <span class='ocrx_word' id='word_1_40' title='bbox 497 389 681 430; x_wconf 84' lang='lat' dir='ltr'>exercitu</span> <span class='ocrx_word' id='word_1_41' title='bbox 708 388 857 439; x_wconf 85' lang='lat' dir='ltr'>navali,</span> <span class='ocrx_word' id='word_1_42' title='bbox 880 389 1020 430; x_wconf 83' lang='lat' dir='ltr'>decem</span> <span class='ocrx_word' id='word_1_43' title='bbox 1044 350 1226 431; x_wconf 72' lang='lat' dir='ltr'>miliibus</span> <span class='ocrx_word' id='word_1_44' title='bbox 1258 401 1527 441; x_wconf 78' lang='lat' dir='ltr'>armatorum,</span> 
     </span>
     <span class='ocr_line' id='line_1_6' title="bbox 114 446 1527 501; baseline 0.001 -12"><span class='ocrx_word' id='word_1_45' title='bbox 114 448 167 489; x_wconf 85' lang='lat' dir='ltr'>ad</span> <span class='ocrx_word' id='word_1_46' title='bbox 200 448 276 488; x_wconf 91' lang='lat' dir='ltr'>hoc</span> <span class='ocrx_word' id='word_1_47' title='bbox 297 447 463 488; x_wconf 79' lang='lat' dir='ltr'>duobus</span> <span class='ocrx_word' id='word_1_48' title='bbox 496 446 678 487; x_wconf 77' lang='lat' dir='ltr'>millibus</span> <span class='ocrx_word' id='word_1_49' title='bbox 711 446 934 501; x_wconf 80' lang='lat' dir='ltr'>regiorum,</span> <span class='ocrx_word' id='word_1_50' title='bbox 956 447 1028 501; x_wconf 86' lang='lat' dir='ltr'>qui</span> <span class='ocrx_word' id='word_1_51' title='bbox 1058 448 1135 488; x_wconf 88' lang='lat' dir='ltr'>sub</span> <span class='ocrx_word' id='word_1_52' title='bbox 1158 448 1364 489; x_wconf 81' lang='lat' dir='ltr'>Athenaeo</span> <span class='ocrx_word' id='word_1_53' title='bbox 1396 458 1527 499; x_wconf 80' lang='lat' dir='ltr'>erant,</span> 
     </span>
     <span class='ocr_line' id='line_1_7' title="bbox 116 503 1529 560; baseline 0.001 -15"><span class='ocrx_word' id='word_1_54' title='bbox 116 505 354 545; x_wconf 76' lang='lat' dir='ltr'>Haliartum</span> <span class='ocrx_word' id='word_1_55' title='bbox 389 503 675 544; x_wconf 88' lang='lat' dir='ltr'>circumsedit:</span> <span class='ocrx_word' id='word_1_56' title='bbox 721 503 1047 558; x_wconf 76' lang='lat' dir='ltr'>parantibusque</span> <span class='ocrx_word' id='word_1_57' title='bbox 1074 504 1162 559; x_wconf 85' lang='lat' dir='ltr'>jam</span> <span class='ocrx_word' id='word_1_58' title='bbox 1183 506 1440 560; x_wconf 82' lang='lat' dir='ltr'>obpugnare,</span> <span class='ocrx_word' id='word_1_59' title='bbox 1464 522 1529 546; x_wconf 83' lang='lat' dir='ltr'>su-</span> 
     </span>
     <span class='ocr_line' id='line_1_8' title="bbox 114 559 1530 617; baseline 0.001 -16"><span class='ocrx_word' id='word_1_60' title='bbox 114 561 300 617; x_wconf 86' lang='lat' dir='ltr'>pervenit</span> <span class='ocrx_word' id='word_1_61' title='bbox 322 576 346 601; x_wconf 89' lang='lat' dir='ltr'>a</span> <span class='ocrx_word' id='word_1_62' title='bbox 368 562 526 601; x_wconf 69' lang='lat' dir='ltr'>Creusa</span> <span class='ocrx_word' id='word_1_63' title='bbox 552 569 720 616; x_wconf 83' lang='lat' dir='ltr'>praetor.</span> <span class='ocrx_word' id='word_1_64' title='bbox 781 560 851 600; x_wconf 80' lang='lat' dir='ltr'>Ad</span> <span class='ocrx_word' id='word_1_65' title='bbox 888 559 997 600; x_wconf 86' lang='lat' dir='ltr'>idem</span> <span class='ocrx_word' id='word_1_66' title='bbox 1030 561 1114 602; x_wconf 84' lang='lat' dir='ltr'>fere</span> <span class='ocrx_word' id='word_1_67' title='bbox 1147 560 1314 617; x_wconf 83' lang='lat' dir='ltr'>tempus</span> <span class='ocrx_word' id='word_1_68' title='bbox 1333 571 1373 603; x_wconf 89' lang='lat' dir='ltr'>et</span> <span class='ocrx_word' id='word_1_69' title='bbox 1395 564 1448 603; x_wconf 83' lang='lat' dir='ltr'>ab</span> <span class='ocrx_word' id='word_1_70' title='bbox 1469 579 1530 603; x_wconf 85' lang='lat' dir='ltr'>so-</span> 
     </span>
     <span class='ocr_line' id='line_1_9' title="bbox 113 617 1530 675; baseline 0.001 -17"><span class='ocrx_word' id='word_1_71' title='bbox 113 618 186 658; x_wconf 90' lang='lat' dir='ltr'>ciis</span> <span class='ocrx_word' id='word_1_72' title='bbox 207 633 331 659; x_wconf 86' lang='lat' dir='ltr'>naves</span> <span class='ocrx_word' id='word_1_73' title='bbox 366 617 607 658; x_wconf 70' lang='lat' dir='ltr'>Chalcidem</span> <span class='ocrx_word' id='word_1_74' title='bbox 641 625 945 658; x_wconf 80' lang='lat' dir='ltr'>convenerunt:</span> <span class='ocrx_word' id='word_1_75' title='bbox 991 617 1088 657; x_wconf 83' lang='lat' dir='ltr'>duae</span> <span class='ocrx_word' id='word_1_76' title='bbox 1123 619 1294 660; x_wconf 79' lang='lat' dir='ltr'>Punicae</span> <span class='ocrx_word' id='word_1_77' title='bbox 1327 619 1530 675; x_wconf 85' lang='lat' dir='ltr'>quinque-</span> 
     </span>
     <span class='ocr_line' id='line_1_10' title="bbox 113 674 1531 731; baseline 0.001 -16"><span class='ocrx_word' id='word_1_78' title='bbox 113 690 258 725; x_wconf 80' lang='lat' dir='ltr'>remes,</span> <span class='ocrx_word' id='word_1_79' title='bbox 281 675 377 716; x_wconf 77' lang='lat' dir='ltr'>duae</span> <span class='ocrx_word' id='word_1_80' title='bbox 406 675 458 715; x_wconf 88' lang='lat' dir='ltr'>ab</span> <span class='ocrx_word' id='word_1_81' title='bbox 492 674 696 714; x_wconf 84' lang='lat' dir='ltr'>Heraclea</span> <span class='ocrx_word' id='word_1_82' title='bbox 727 689 776 713; x_wconf 81' lang='lat' dir='ltr'>ex</span> <span class='ocrx_word' id='word_1_83' title='bbox 814 675 949 715; x_wconf 87' lang='lat' dir='ltr'>Ponto</span> <span class='ocrx_word' id='word_1_84' title='bbox 982 674 1181 723; x_wconf 79' lang='lat' dir='ltr'>triremes,</span> <span class='ocrx_word' id='word_1_85' title='bbox 1204 685 1386 731; x_wconf 85' lang='lat' dir='ltr'>quatuor</span> <span class='ocrx_word' id='word_1_86' title='bbox 1409 676 1531 717; x_wconf 86' lang='lat' dir='ltr'>Chal-</span> 
     </span>
     <span class='ocr_line' id='line_1_11' title="bbox 113 731 1527 788; baseline 0.001 -16"><span class='ocrx_word' id='word_1_87' title='bbox 113 731 282 782; x_wconf 80' lang='lat' dir='ltr'>cedone,</span> <span class='ocrx_word' id='word_1_88' title='bbox 305 731 478 773; x_wconf 77' lang='lat' dir='ltr'>totidem</span> <span class='ocrx_word' id='word_1_89' title='bbox 515 733 651 781; x_wconf 86' lang='lat' dir='ltr'>Samo,</span> <span class='ocrx_word' id='word_1_90' title='bbox 674 740 763 771; x_wconf 89' lang='lat' dir='ltr'>tum</span> <span class='ocrx_word' id='word_1_91' title='bbox 798 731 985 786; x_wconf 84' lang='lat' dir='ltr'>quinque</span> <span class='ocrx_word' id='word_1_92' title='bbox 1023 731 1202 772; x_wconf 72' lang='lat' dir='ltr'>Rhodiae</span> <span class='ocrx_word' id='word_1_93' title='bbox 1235 732 1527 788; x_wconf 66' lang='lat' dir='ltr'>quadriremes.</span> 
     </span>
     <span class='ocr_line' id='line_1_12' title="bbox 114 787 1531 844; baseline 0.001 -15"><span class='ocrx_word' id='word_1_94' title='bbox 114 790 290 839; x_wconf 87' lang='lat' dir='ltr'>Praetor,</span> <span class='ocrx_word' id='word_1_95' title='bbox 312 789 412 844; x_wconf 88' lang='lat' dir='ltr'>quia</span> <span class='ocrx_word' id='word_1_96' title='bbox 444 803 648 844; x_wconf 81' lang='lat' dir='ltr'>nusquam</span> <span class='ocrx_word' id='word_1_97' title='bbox 686 797 773 829; x_wconf 81' lang='lat' dir='ltr'>erat</span> <span class='ocrx_word' id='word_1_98' title='bbox 806 787 1058 828; x_wconf 76' lang='lat' dir='ltr'>maritimum</span> <span class='ocrx_word' id='word_1_99' title='bbox 1087 789 1259 838; x_wconf 84' lang='lat' dir='ltr'>bellum,</span> <span class='ocrx_word' id='word_1_100' title='bbox 1281 790 1436 831; x_wconf 82' lang='lat' dir='ltr'>remisit</span> <span class='ocrx_word' id='word_1_101' title='bbox 1470 806 1531 831; x_wconf 88' lang='lat' dir='ltr'>so-</span> 
     </span>
     <span class='ocr_line' id='line_1_13' title="bbox 112 844 1530 902; baseline 0.001 -17"><span class='ocrx_word' id='word_1_102' title='bbox 112 845 196 886; x_wconf 88' lang='lat' dir='ltr'>ciis.</span> <span class='ocrx_word' id='word_1_103' title='bbox 228 855 269 887; x_wconf 88' lang='lat' dir='ltr'>et</span> <span class='ocrx_word' id='word_1_104' title='bbox 303 847 351 896; x_wconf 82' lang='lat' dir='ltr'>Q.</span> <span class='ocrx_word' id='word_1_105' title='bbox 372 846 559 887; x_wconf 82' lang='lat' dir='ltr'>Marcius</span> <span class='ocrx_word' id='word_1_106' title='bbox 593 844 832 886; x_wconf 76' lang='lat' dir='ltr'>Chalcidem</span> <span class='ocrx_word' id='word_1_107' title='bbox 867 845 1043 885; x_wconf 74' lang='lat' dir='ltr'>navibus</span> <span class='ocrx_word' id='word_1_108' title='bbox 1075 845 1202 895; x_wconf 85' lang='lat' dir='ltr'>venit,</span> <span class='ocrx_word' id='word_1_109' title='bbox 1225 846 1362 902; x_wconf 88' lang='lat' dir='ltr'>Alope</span> <span class='ocrx_word' id='word_1_110' title='bbox 1394 856 1530 902; x_wconf 81' lang='lat' dir='ltr'>capta,</span> 
     </span>
     <span class='ocr_line' id='line_1_14' title="bbox 114 901 1531 958; baseline 0.001 -15"><span class='ocrx_word' id='word_1_111' title='bbox 114 902 296 953; x_wconf 82' lang='lat' dir='ltr'>Larissa,</span> <span class='ocrx_word' id='word_1_112' title='bbox 317 918 414 958; x_wconf 89' lang='lat' dir='ltr'>quae</span> <span class='ocrx_word' id='word_1_113' title='bbox 438 904 651 944; x_wconf 85' lang='lat' dir='ltr'>Cremaste</span> <span class='ocrx_word' id='word_1_114' title='bbox 679 901 848 951; x_wconf 88' lang='lat' dir='ltr'>dicitur,</span> <span class='ocrx_word' id='word_1_115' title='bbox 869 901 1124 957; x_wconf 80' lang='lat' dir='ltr'>obpugnata.</span> <span class='ocrx_word' id='word_1_116' title='bbox 1189 904 1329 953; x_wconf 83' lang='lat' dir='ltr'>Quum</span> <span class='ocrx_word' id='word_1_117' title='bbox 1363 903 1429 944; x_wconf 92' lang='lat' dir='ltr'>hic</span> <span class='ocrx_word' id='word_1_118' title='bbox 1451 912 1531 945; x_wconf 42' lang='lat' dir='ltr'>staff</span> 
     </span>
     <span class='ocr_line' id='line_1_15' title="bbox 114 958 1530 1015; baseline 0.001 -15"><span class='ocrx_word' id='word_1_119' title='bbox 114 967 183 1000; x_wconf 91' lang='lat' dir='ltr'>tus</span> <span class='ocrx_word' id='word_1_120' title='bbox 203 960 246 1000; x_wconf 90' lang='lat' dir='ltr'>in</span> <span class='ocrx_word' id='word_1_121' title='bbox 270 960 435 1001; x_wconf 86' lang='lat' dir='ltr'>Boeotia</span> <span class='ocrx_word' id='word_1_122' title='bbox 455 968 574 1009; x_wconf 85' lang='lat' dir='ltr'>esset,</span> <span class='ocrx_word' id='word_1_123' title='bbox 598 960 789 1008; x_wconf 76' lang='lat' dir='ltr'>Perseus,</span> <span class='ocrx_word' id='word_1_124' title='bbox 812 973 944 1013; x_wconf 90' lang='lat' dir='ltr'>quum</span> <span class='ocrx_word' id='word_1_125' title='bbox 966 958 1018 999; x_wconf 89' lang='lat' dir='ltr'>ad</span> <span class='ocrx_word' id='word_1_126' title='bbox 1043 959 1263 1015; x_wconf 80' lang='lat' dir='ltr'>Sycurium</span> <span class='ocrx_word' id='word_1_127' title='bbox 1288 960 1414 1013; x_wconf 85' lang='lat' dir='ltr'>(sicut</span> <span class='ocrx_word' id='word_1_128' title='bbox 1435 970 1530 1002; x_wconf 87' lang='lat' dir='ltr'>ante</span> 
     </span>
     <span class='ocr_line' id='line_1_16' title="bbox 113 1015 1531 1073; baseline 0.001 -17"><span class='ocrx_word' id='word_1_129' title='bbox 113 1015 273 1058; x_wconf 89' lang='lat' dir='ltr'>dictum</span> <span class='ocrx_word' id='word_1_130' title='bbox 294 1020 376 1071; x_wconf 89' lang='lat' dir='ltr'>est)</span> <span class='ocrx_word' id='word_1_131' title='bbox 400 1016 552 1058; x_wconf 88' lang='lat' dir='ltr'>stativa</span> <span class='ocrx_word' id='word_1_132' title='bbox 571 1016 757 1065; x_wconf 82' lang='lat' dir='ltr'>haberet,</span> <span class='ocrx_word' id='word_1_133' title='bbox 779 1015 989 1056; x_wconf 90' lang='lat' dir='ltr'>frumento</span> <span class='ocrx_word' id='word_1_134' title='bbox 1011 1016 1197 1071; x_wconf 87' lang='lat' dir='ltr'>undique</span> <span class='ocrx_word' id='word_1_135' title='bbox 1222 1017 1329 1058; x_wconf 88' lang='lat' dir='ltr'>circa</span> <span class='ocrx_word' id='word_1_136' title='bbox 1349 1032 1399 1057; x_wconf 85' lang='lat' dir='ltr'>ex</span> <span class='ocrx_word' id='word_1_137' title='bbox 1421 1018 1531 1073; x_wconf 77' lang='lat' dir='ltr'>agris</span> 
     </span>
     <span class='ocr_line' id='line_1_17' title="bbox 113 1072 1529 1126; baseline 0.001 -13"><span class='ocrx_word' id='word_1_138' title='bbox 113 1083 325 1124; x_wconf 87' lang='lat' dir='ltr'>convecto,</span> <span class='ocrx_word' id='word_1_139' title='bbox 348 1074 401 1115; x_wconf 87' lang='lat' dir='ltr'>ad</span> <span class='ocrx_word' id='word_1_140' title='bbox 422 1072 671 1114; x_wconf 82' lang='lat' dir='ltr'>vastandum</span> <span class='ocrx_word' id='word_1_141' title='bbox 692 1087 839 1126; x_wconf 83' lang='lat' dir='ltr'>agrum</span> <span class='ocrx_word' id='word_1_142' title='bbox 870 1072 1140 1113; x_wconf 80' lang='lat' dir='ltr'>Phcraeorum</span> <span class='ocrx_word' id='word_1_143' title='bbox 1162 1073 1296 1114; x_wconf 84' lang='lat' dir='ltr'>misit:</span> <span class='ocrx_word' id='word_1_144' title='bbox 1341 1082 1457 1114; x_wconf 86' lang='lat' dir='ltr'>ratus</span> <span class='ocrx_word' id='word_1_145' title='bbox 1478 1075 1529 1114; x_wconf 88' lang='lat' dir='ltr'>ad</span> 
     </span>
     <span class='ocr_line' id='line_1_18' title="bbox 108 1127 1533 1186; baseline 0 -16"><span class='ocrx_word' id='word_1_146' title='bbox 108 1130 319 1186; x_wconf 85' lang='lat' dir='ltr'>juvandas</span> <span class='ocrx_word' id='word_1_147' title='bbox 349 1130 552 1171; x_wconf 89' lang='lat' dir='ltr'>sociorum</span> <span class='ocrx_word' id='word_1_148' title='bbox 590 1130 714 1171; x_wconf 87' lang='lat' dir='ltr'>urbes</span> <span class='ocrx_word' id='word_1_149' title='bbox 744 1127 909 1182; x_wconf 73' lang='lat' dir='ltr'>longius</span> <span class='ocrx_word' id='word_1_150' title='bbox 938 1129 990 1169; x_wconf 86' lang='lat' dir='ltr'>ab</span> <span class='ocrx_word' id='word_1_151' title='bbox 1021 1129 1164 1170; x_wconf 85' lang='lat' dir='ltr'>castris</span> <span class='ocrx_word' id='word_1_152' title='bbox 1205 1129 1433 1171; x_wconf 80' lang='lat' dir='ltr'>abstractos</span> <span class='ocrx_word' id='word_1_153' title='bbox 1464 1130 1533 1171; x_wconf 85' lang='lat' dir='ltr'>de-</span> 
     </span>
     <span class='ocr_line' id='line_1_19' title="bbox 113 1186 1532 1243; baseline 0.001 -17"><span class='ocrx_word' id='word_1_154' title='bbox 113 1187 314 1242; x_wconf 77' lang='lat' dir='ltr'>prehendi</span> <span class='ocrx_word' id='word_1_155' title='bbox 347 1188 557 1228; x_wconf 86' lang='lat' dir='ltr'>Romanos</span> <span class='ocrx_word' id='word_1_156' title='bbox 598 1201 729 1243; x_wconf 86' lang='lat' dir='ltr'>posse.</span> <span class='ocrx_word' id='word_1_157' title='bbox 791 1186 906 1235; x_wconf 83' lang='lat' dir='ltr'>Quos</span> <span class='ocrx_word' id='word_1_158' title='bbox 941 1199 1072 1239; x_wconf 88' lang='lat' dir='ltr'>quum</span> <span class='ocrx_word' id='word_1_159' title='bbox 1112 1201 1160 1226; x_wconf 88' lang='lat' dir='ltr'>eo</span> <span class='ocrx_word' id='word_1_160' title='bbox 1201 1186 1387 1228; x_wconf 86' lang='lat' dir='ltr'>tumultu</span> <span class='ocrx_word' id='word_1_161' title='bbox 1429 1187 1532 1227; x_wconf 85' lang='lat' dir='ltr'>nihil</span> 
     </span>
     <span class='ocr_line' id='line_1_20' title="bbox 114 1242 1533 1299; baseline -0.001 -14"><span class='ocrx_word' id='word_1_162' title='bbox 114 1252 249 1285; x_wconf 87' lang='lat' dir='ltr'>motos</span> <span class='ocrx_word' id='word_1_163' title='bbox 279 1243 653 1293; x_wconf 85' lang='lat' dir='ltr'>animadvertisset,</span> <span class='ocrx_word' id='word_1_164' title='bbox 675 1242 901 1298; x_wconf 79' lang='lat' dir='ltr'>⁸⁹praedam</span> <span class='ocrx_word' id='word_1_165' title='bbox 932 1242 1116 1298; x_wconf 84' lang='lat' dir='ltr'>quidem,</span> <span class='ocrx_word' id='word_1_166' title='bbox 1149 1252 1430 1299; x_wconf 83' lang='lat' dir='ltr'>praeterquam</span> <span class='ocrx_word' id='word_1_167' title='bbox 1461 1244 1533 1284; x_wconf 89' lang='lat' dir='ltr'>ho-</span> 
     </span>
     <span class='ocr_line' id='line_1_21' title="bbox 113 1299 1531 1357; baseline 0.001 -17"><span class='ocrx_word' id='word_1_168' title='bbox 113 1300 288 1352; x_wconf 90' lang='lat' dir='ltr'>minum,</span> <span class='ocrx_word' id='word_1_169' title='bbox 312 1301 483 1357; x_wconf 87' lang='lat' dir='ltr'>(pecora</span> <span class='ocrx_word' id='word_1_170' title='bbox 501 1309 642 1341; x_wconf 87' lang='lat' dir='ltr'>autem</span> <span class='ocrx_word' id='word_1_171' title='bbox 663 1299 841 1340; x_wconf 86' lang='lat' dir='ltr'>maxime</span> <span class='ocrx_word' id='word_1_172' title='bbox 873 1300 1005 1340; x_wconf 86' lang='lat' dir='ltr'>omnis</span> <span class='ocrx_word' id='word_1_173' title='bbox 1025 1300 1187 1356; x_wconf 84' lang='lat' dir='ltr'>generis</span> <span class='ocrx_word' id='word_1_174' title='bbox 1220 1301 1356 1354; x_wconf 86' lang='lat' dir='ltr'>fuere)</span> <span class='ocrx_word' id='word_1_175' title='bbox 1391 1300 1531 1341; x_wconf 87' lang='lat' dir='ltr'>divisit</span> 
     </span>
     <span class='ocr_line' id='line_1_22' title="bbox 115 1357 682 1414; baseline 0 -16"><span class='ocrx_word' id='word_1_176' title='bbox 115 1357 168 1398; x_wconf 76' lang='lat' dir='ltr'>ad</span> <span class='ocrx_word' id='word_1_177' title='bbox 190 1358 447 1414; x_wconf 89' lang='lat' dir='ltr'>epulandum</span> <span class='ocrx_word' id='word_1_178' title='bbox 468 1357 682 1399; x_wconf 84' lang='lat' dir='ltr'>militibus.</span> 
     </span>
    </p>

    <p class='ocr_par' dir='ltr' id='par_1_3' title="bbox 113 1414 1723 1641">
     <span class='ocr_line' id='line_1_23' title="bbox 172 1414 1723 1471; baseline 0.002 -16"><span class='ocrx_word' id='word_1_179' title='bbox 172 1415 317 1456; x_wconf 92' lang='lat' dir='ltr'><strong>LVII.</strong></span> <span class='ocrx_word' id='word_1_180' title='bbox 367 1416 456 1457; x_wconf 87' lang='lat' dir='ltr'>Sub</span> <span class='ocrx_word' id='word_1_181' title='bbox 485 1415 594 1456; x_wconf 89' lang='lat' dir='ltr'>idem</span> <span class='ocrx_word' id='word_1_182' title='bbox 625 1414 775 1456; x_wconf 89' lang='lat' dir='ltr'>deinde</span> <span class='ocrx_word' id='word_1_183' title='bbox 805 1423 971 1471; x_wconf 87' lang='lat' dir='ltr'>tempus</span> <span class='ocrx_word' id='word_1_184' title='bbox 1001 1415 1215 1456; x_wconf 87' lang='lat' dir='ltr'>consilium</span> <span class='ocrx_word' id='word_1_185' title='bbox 1246 1425 1287 1457; x_wconf 89' lang='lat' dir='ltr'>et</span> <span class='ocrx_word' id='word_1_186' title='bbox 1317 1414 1460 1457; x_wconf 88' lang='lat' dir='ltr'>consul</span> <span class='ocrx_word' id='word_1_187' title='bbox 1490 1424 1530 1457; x_wconf 90' lang='lat' dir='ltr'>et</span> <span class='ocrx_word' id='word_1_188' title='bbox 1547 1428 1723 1460; x_wconf 67' lang='lat' dir='ltr'>Perseusin</span> 
     </span>
     <span class='ocr_line' id='line_1_24' title="bbox 113 1471 1702 1528; baseline 0.001 -16"><span class='ocrx_word' id='word_1_189' title='bbox 113 1487 188 1513; x_wconf 82' lang='lat' dir='ltr'>rex</span> <span class='ocrx_word' id='word_1_190' title='bbox 209 1471 464 1522; x_wconf 85' lang='lat' dir='ltr'>habuerunt,</span> <span class='ocrx_word' id='word_1_191' title='bbox 486 1472 599 1512; x_wconf 90' lang='lat' dir='ltr'>unde</span> <span class='ocrx_word' id='word_1_192' title='bbox 618 1471 776 1512; x_wconf 88' lang='lat' dir='ltr'>bellum</span> <span class='ocrx_word' id='word_1_193' title='bbox 810 1472 1061 1513; x_wconf 86' lang='lat' dir='ltr'>ordirentur.</span> <span class='ocrx_word' id='word_1_194' title='bbox 1121 1472 1292 1528; x_wconf 81' lang='lat' dir='ltr'>9⁰Regis</span> <span class='ocrx_word' id='word_1_195' title='bbox 1313 1481 1531 1514; x_wconf 87' lang='lat' dir='ltr'>creverunt</span> <span class='ocrx_word' id='word_1_196' title='bbox 1545 1473 1702 1520; x_wconf 63' lang='lat' dir='ltr'>R⁰¹3¹³¹¹⁰³</span> 
     </span>
     <span class='ocr_line' id='line_1_25' title="bbox 114 1518 1641 1585; baseline 0.001 -17"><span class='ocrx_word' id='word_1_197' title='bbox 114 1528 239 1569; x_wconf 86' lang='lat' dir='ltr'>animi</span> <span class='ocrx_word' id='word_1_198' title='bbox 272 1529 502 1570; x_wconf 88' lang='lat' dir='ltr'>vastatione</span> <span class='ocrx_word' id='word_1_199' title='bbox 534 1543 724 1570; x_wconf 86' lang='lat' dir='ltr'>concessa</span> <span class='ocrx_word' id='word_1_200' title='bbox 756 1527 832 1568; x_wconf 90' lang='lat' dir='ltr'>sibi</span> <span class='ocrx_word' id='word_1_201' title='bbox 854 1528 906 1569; x_wconf 86' lang='lat' dir='ltr'>ab</span> <span class='ocrx_word' id='word_1_202' title='bbox 931 1529 1050 1569; x_wconf 89' lang='lat' dir='ltr'>hoste</span> <span class='ocrx_word' id='word_1_203' title='bbox 1073 1529 1235 1570; x_wconf 85' lang='lat' dir='ltr'>Pheraei</span> <span class='ocrx_word' id='word_1_204' title='bbox 1257 1529 1358 1585; x_wconf 87' lang='lat' dir='ltr'>agri.</span> <span class='ocrx_word' id='word_1_205' title='bbox 1390 1529 1532 1584; x_wconf 85' lang='lat' dir='ltr'>itaque</span> <span class='ocrx_word' id='word_1_206' title='bbox 1544 1518 1641 1546; x_wconf 58' lang='lat' dir='ltr'>dum·</span> 
     </span>
     <span class='ocr_line' id='line_1_26' title="bbox 113 1584 1533 1641; baseline 0 -15"><span class='ocrx_word' id='word_1_207' title='bbox 113 1585 300 1627; x_wconf 91' lang='lat' dir='ltr'>eundum</span> <span class='ocrx_word' id='word_1_208' title='bbox 322 1585 418 1626; x_wconf 90' lang='lat' dir='ltr'>inde</span> <span class='ocrx_word' id='word_1_209' title='bbox 439 1585 492 1626; x_wconf 89' lang='lat' dir='ltr'>ad</span> <span class='ocrx_word' id='word_1_210' title='bbox 513 1594 661 1635; x_wconf 89' lang='lat' dir='ltr'>castra,</span> <span class='ocrx_word' id='word_1_211' title='bbox 683 1600 757 1625; x_wconf 87' lang='lat' dir='ltr'>nec</span> <span class='ocrx_word' id='word_1_212' title='bbox 778 1584 963 1625; x_wconf 88' lang='lat' dir='ltr'>dandum</span> <span class='ocrx_word' id='word_1_213' title='bbox 987 1585 1098 1626; x_wconf 84' lang='lat' dir='ltr'>ultra</span> <span class='ocrx_word' id='word_1_214' title='bbox 1123 1586 1303 1641; x_wconf 89' lang='lat' dir='ltr'>spatium</span> <span class='ocrx_word' id='word_1_215' title='bbox 1337 1595 1533 1627; x_wconf 89' lang='lat' dir='ltr'>cunctan-</span> 
     </span>
    </p>

    <p class='ocr_par' dir='ltr' id='par_1_4' title="bbox 107 1641 1534 2549">
     <span class='ocr_line' id='line_1_27' title="bbox 113 1641 1531 1692; baseline 0 -9"><span class='ocrx_word' id='word_1_216' title='bbox 113 1641 172 1692; x_wconf 88' lang='lat' dir='ltr'>di,</span> <span class='ocrx_word' id='word_1_217' title='bbox 203 1643 406 1684; x_wconf 89' lang='lat' dir='ltr'>censebat.</span> <span class='ocrx_word' id='word_1_218' title='bbox 488 1643 546 1683; x_wconf 89' lang='lat' dir='ltr'>Et</span> <span class='ocrx_word' id='word_1_219' title='bbox 588 1641 767 1682; x_wconf 88' lang='lat' dir='ltr'>Romani</span> <span class='ocrx_word' id='word_1_220' title='bbox 808 1641 1044 1692; x_wconf 81' lang='lat' dir='ltr'>censebant,</span> <span class='ocrx_word' id='word_1_221' title='bbox 1075 1642 1379 1683; x_wconf 86' lang='lat' dir='ltr'>cunctationem</span> <span class='ocrx_word' id='word_1_222' title='bbox 1416 1658 1531 1683; x_wconf 81' lang='lat' dir='ltr'>suani</span> 
     </span>
     <span class='ocr_line' id='line_1_28' title="bbox 112 1698 1532 1756; baseline 0.001 -17"><span class='ocrx_word' id='word_1_223' title='bbox 112 1698 308 1741; x_wconf 89' lang='lat' dir='ltr'>infamem</span> <span class='ocrx_word' id='word_1_224' title='bbox 343 1698 458 1756; x_wconf 88' lang='lat' dir='ltr'>apud</span> <span class='ocrx_word' id='word_1_225' title='bbox 501 1698 630 1740; x_wconf 85' lang='lat' dir='ltr'>socios</span> <span class='ocrx_word' id='word_1_226' title='bbox 672 1714 773 1749; x_wconf 83' lang='lat' dir='ltr'>esse,</span> <span class='ocrx_word' id='word_1_227' title='bbox 805 1698 1084 1754; x_wconf 83' lang='lat' dir='ltr'>maximopere</span> <span class='ocrx_word' id='word_1_228' title='bbox 1128 1699 1298 1755; x_wconf 88' lang='lat' dir='ltr'>indigne</span> <span class='ocrx_word' id='word_1_229' title='bbox 1340 1699 1532 1750; x_wconf 85' lang='lat' dir='ltr'>ferentes,</span> 
     </span>
     <span class='ocr_line' id='line_1_29' title="bbox 111 1755 1532 1819; baseline 0 -23"><span class='ocrx_word' id='word_1_230' title='bbox 111 1771 195 1796; x_wconf 92' lang='lat' dir='ltr'>non</span> <span class='ocrx_word' id='word_1_231' title='bbox 224 1756 351 1798; x_wconf 86' lang='lat' dir='ltr'>latam</span> <span class='ocrx_word' id='word_1_232' title='bbox 383 1756 568 1797; x_wconf 85' lang='lat' dir='ltr'>Pheraeis</span> <span class='ocrx_word' id='word_1_233' title='bbox 597 1771 730 1811; x_wconf 90' lang='lat' dir='ltr'>opem.</span> <span class='ocrx_word' id='word_1_234' title='bbox 813 1755 1172 1806; x_wconf 89' lang='lat' dir='ltr'>Consultantibus,</span> <span class='ocrx_word' id='word_1_235' title='bbox 1203 1756 1307 1819; x_wconf 79' lang='lat' dir='ltr'>quid</span> <span class='ocrx_word' id='word_1_236' title='bbox 1348 1765 1532 1812; x_wconf 83' lang='lat' dir='ltr'>agerent,</span> 
     </span>
     <span class='ocr_line' id='line_1_30' title="bbox 114 1812 1534 1868; baseline -0.001 -14"><span class='ocrx_word' id='word_1_237' title='bbox 114 1813 308 1865; x_wconf 87' lang='lat' dir='ltr'>(aderant</span> <span class='ocrx_word' id='word_1_238' title='bbox 337 1821 478 1854; x_wconf 87' lang='lat' dir='ltr'>autem</span> <span class='ocrx_word' id='word_1_239' title='bbox 521 1814 731 1853; x_wconf 87' lang='lat' dir='ltr'>Eumenes</span> <span class='ocrx_word' id='word_1_240' title='bbox 760 1819 802 1853; x_wconf 90' lang='lat' dir='ltr'>et</span> <span class='ocrx_word' id='word_1_241' title='bbox 833 1812 1006 1853; x_wconf 89' lang='lat' dir='ltr'>Attalus</span> <span class='ocrx_word' id='word_1_242' title='bbox 1036 1812 1077 1853; x_wconf 91' lang='lat' dir='ltr'>in</span> <span class='ocrx_word' id='word_1_243' title='bbox 1113 1813 1301 1866; x_wconf 76' lang='lat' dir='ltr'>consssio)</span> <span class='ocrx_word' id='word_1_244' title='bbox 1345 1812 1534 1868; x_wconf 86' lang='lat' dir='ltr'>trepidus</span> 
     </span>
     <span class='ocr_line' id='line_1_31' title="bbox 112 1868 1533 1926; baseline -0.001 -15"><span class='ocrx_word' id='word_1_245' title='bbox 112 1870 290 1911; x_wconf 89' lang='lat' dir='ltr'>nuncius</span> <span class='ocrx_word' id='word_1_246' title='bbox 310 1870 462 1920; x_wconf 84' lang='lat' dir='ltr'>adfert,</span> <span class='ocrx_word' id='word_1_247' title='bbox 484 1870 645 1910; x_wconf 86' lang='lat' dir='ltr'>hostem</span> <span class='ocrx_word' id='word_1_248' title='bbox 678 1884 829 1926; x_wconf 84' lang='lat' dir='ltr'>magno</span> <span class='ocrx_word' id='word_1_249' title='bbox 861 1868 1025 1924; x_wconf 82' lang='lat' dir='ltr'>agmine</span> <span class='ocrx_word' id='word_1_250' title='bbox 1053 1869 1206 1910; x_wconf 84' lang='lat' dir='ltr'>adesse.</span> <span class='ocrx_word' id='word_1_251' title='bbox 1270 1869 1452 1910; x_wconf 88' lang='lat' dir='ltr'>Consilio</span> <span class='ocrx_word' id='word_1_252' title='bbox 1473 1870 1533 1910; x_wconf 88' lang='lat' dir='ltr'>di-</span> 
     </span>
     <span class='ocr_line' id='line_1_32' title="bbox 113 1925 1533 1983; baseline -0.001 -15"><span class='ocrx_word' id='word_1_253' title='bbox 113 1926 253 1978; x_wconf 87' lang='lat' dir='ltr'>misso,</span> <span class='ocrx_word' id='word_1_254' title='bbox 285 1927 450 1983; x_wconf 87' lang='lat' dir='ltr'>signum</span> <span class='ocrx_word' id='word_1_255' title='bbox 481 1926 692 1982; x_wconf 82' lang='lat' dir='ltr'>extemplo</span> <span class='ocrx_word' id='word_1_256' title='bbox 723 1926 863 1974; x_wconf 86' lang='lat' dir='ltr'>datur,</span> <span class='ocrx_word' id='word_1_257' title='bbox 896 1934 943 1967; x_wconf 94' lang='lat' dir='ltr'>ut</span> <span class='ocrx_word' id='word_1_258' title='bbox 974 1941 1090 1967; x_wconf 86' lang='lat' dir='ltr'>arma</span> <span class='ocrx_word' id='word_1_259' title='bbox 1118 1925 1295 1982; x_wconf 85' lang='lat' dir='ltr'>capiant.</span> <span class='ocrx_word' id='word_1_260' title='bbox 1359 1926 1533 1967; x_wconf 88' lang='lat' dir='ltr'>Interim</span> 
     </span>
     <span class='ocr_line' id='line_1_33' title="bbox 113 1982 1531 2039; baseline 0 -16"><span class='ocrx_word' id='word_1_261' title='bbox 113 1983 265 2039; x_wconf 87' lang='lat' dir='ltr'>placet,</span> <span class='ocrx_word' id='word_1_262' title='bbox 287 1999 338 2025; x_wconf 87' lang='lat' dir='ltr'>ex</span> <span class='ocrx_word' id='word_1_263' title='bbox 359 1983 484 2039; x_wconf 85' lang='lat' dir='ltr'>regiis</span> <span class='ocrx_word' id='word_1_264' title='bbox 504 1983 669 2024; x_wconf 85' lang='lat' dir='ltr'>auxiliis</span> <span class='ocrx_word' id='word_1_265' title='bbox 696 1990 863 2024; x_wconf 87' lang='lat' dir='ltr'>centum</span> <span class='ocrx_word' id='word_1_266' title='bbox 896 1982 1056 2038; x_wconf 86' lang='lat' dir='ltr'>equites</span> <span class='ocrx_word' id='word_1_267' title='bbox 1077 1991 1118 2024; x_wconf 87' lang='lat' dir='ltr'>et</span> <span class='ocrx_word' id='word_1_268' title='bbox 1139 1998 1280 2038; x_wconf 86' lang='lat' dir='ltr'>parem</span> <span class='ocrx_word' id='word_1_269' title='bbox 1312 1997 1531 2024; x_wconf 86' lang='lat' dir='ltr'>numerum</span> 
     </span>
     <span class='ocr_line' id='line_1_34' title="bbox 107 2039 1531 2097; baseline -0.001 -16"><span class='ocrx_word' id='word_1_270' title='bbox 107 2040 390 2096; x_wconf 87' lang='lat' dir='ltr'>jaculatorum</span> <span class='ocrx_word' id='word_1_271' title='bbox 410 2040 600 2097; x_wconf 88' lang='lat' dir='ltr'>peditum</span> <span class='ocrx_word' id='word_1_272' title='bbox 622 2039 745 2081; x_wconf 86' lang='lat' dir='ltr'>exire.</span> <span class='ocrx_word' id='word_1_273' title='bbox 805 2039 838 2063; x_wconf 77' lang='lat'>⁹¹</span> <span class='ocrx_word' id='word_1_274' title='bbox 849 2040 1025 2080; x_wconf 83' lang='lat' dir='ltr'>Perseus</span> <span class='ocrx_word' id='word_1_275' title='bbox 1046 2039 1150 2080; x_wconf 89' lang='lat' dir='ltr'>hora</span> <span class='ocrx_word' id='word_1_276' title='bbox 1163 2039 1292 2080; x_wconf 90' lang='lat' dir='ltr'>ferme</span> <span class='ocrx_word' id='word_1_277' title='bbox 1313 2039 1394 2080; x_wconf 92' lang='lat' dir='ltr'>diei</span> <span class='ocrx_word' id='word_1_278' title='bbox 1410 2055 1531 2095; x_wconf 89' lang='lat' dir='ltr'>quar-</span> 
     </span>
     <span class='ocr_line' id='line_1_35' title="bbox 114 2095 1531 2161; baseline -0.001 -23"><span class='ocrx_word' id='word_1_279' title='bbox 114 2105 173 2147; x_wconf 86' lang='lat' dir='ltr'>ta,</span> <span class='ocrx_word' id='word_1_280' title='bbox 195 2113 328 2161; x_wconf 84' lang='lat' dir='ltr'>quum</span> <span class='ocrx_word' id='word_1_281' title='bbox 349 2097 492 2154; x_wconf 89' lang='lat' dir='ltr'>paullo</span> <span class='ocrx_word' id='word_1_282' title='bbox 511 2096 607 2153; x_wconf 92' lang='lat' dir='ltr'>plus</span> <span class='ocrx_word' id='word_1_283' title='bbox 628 2095 739 2137; x_wconf 90' lang='lat' dir='ltr'>mille</span> <span class='ocrx_word' id='word_1_284' title='bbox 759 2111 906 2152; x_wconf 87' lang='lat' dir='ltr'>passus</span> <span class='ocrx_word' id='word_1_285' title='bbox 926 2096 1085 2137; x_wconf 88' lang='lat' dir='ltr'>abesset</span> <span class='ocrx_word' id='word_1_286' title='bbox 1107 2111 1132 2137; x_wconf 86' lang='lat' dir='ltr'>a</span> <span class='ocrx_word' id='word_1_287' title='bbox 1151 2096 1294 2137; x_wconf 85' lang='lat' dir='ltr'>castris</span> <span class='ocrx_word' id='word_1_288' title='bbox 1317 2096 1531 2147; x_wconf 87' lang='lat' dir='ltr'>Romanis,</span> 
     </span>
     <span class='ocr_line' id='line_1_36' title="bbox 114 2152 1533 2210; baseline -0.001 -16"><span class='ocrx_word' id='word_1_289' title='bbox 114 2162 337 2196; x_wconf 85' lang='lat' dir='ltr'>consistere</span> <span class='ocrx_word' id='word_1_290' title='bbox 359 2154 476 2209; x_wconf 86' lang='lat' dir='ltr'>signa</span> <span class='ocrx_word' id='word_1_291' title='bbox 496 2153 686 2210; x_wconf 90' lang='lat' dir='ltr'>peditum</span> <span class='ocrx_word' id='word_1_292' title='bbox 702 2153 840 2209; x_wconf 89' lang='lat' dir='ltr'>jussit.</span> <span class='ocrx_word' id='word_1_293' title='bbox 871 2152 1169 2208; x_wconf 72' lang='lat' dir='ltr'>⁹2praegressus</span> <span class='ocrx_word' id='word_1_294' title='bbox 1188 2152 1275 2208; x_wconf 84' lang='lat' dir='ltr'>ipse</span> <span class='ocrx_word' id='word_1_295' title='bbox 1302 2168 1397 2193; x_wconf 91' lang='lat' dir='ltr'>cum</span> <span class='ocrx_word' id='word_1_296' title='bbox 1419 2154 1533 2209; x_wconf 87' lang='lat' dir='ltr'>equi-</span> 
     </span>
     <span class='ocr_line' id='line_1_37' title="bbox 113 2209 1533 2265; baseline -0.001 -13"><span class='ocrx_word' id='word_1_297' title='bbox 113 2210 228 2252; x_wconf 88' lang='lat' dir='ltr'>tibus</span> <span class='ocrx_word' id='word_1_298' title='bbox 260 2226 307 2252; x_wconf 86' lang='lat' dir='ltr'>ac</span> <span class='ocrx_word' id='word_1_299' title='bbox 337 2211 417 2252; x_wconf 89' lang='lat' dir='ltr'>levi</span> <span class='ocrx_word' id='word_1_300' title='bbox 449 2218 675 2259; x_wconf 84' lang='lat' dir='ltr'>armatura,</span> <span class='ocrx_word' id='word_1_301' title='bbox 697 2218 738 2251; x_wconf 90' lang='lat' dir='ltr'>et</span> <span class='ocrx_word' id='word_1_302' title='bbox 761 2211 892 2265; x_wconf 78' lang='lat' dir='ltr'>Cotys</span> <span class='ocrx_word' id='word_1_303' title='bbox 924 2225 1019 2250; x_wconf 91' lang='lat' dir='ltr'>cum</span> <span class='ocrx_word' id='word_1_304' title='bbox 1040 2225 1088 2250; x_wconf 91' lang='lat' dir='ltr'>eo</span> <span class='ocrx_word' id='word_1_305' title='bbox 1116 2209 1326 2265; x_wconf 90' lang='lat' dir='ltr'>ducesque</span> <span class='ocrx_word' id='word_1_306' title='bbox 1356 2209 1533 2251; x_wconf 87' lang='lat' dir='ltr'>aliorum</span> 
     </span>
     <span class='ocr_line' id='line_1_38' title="bbox 112 2266 1534 2324; baseline -0.001 -16"><span class='ocrx_word' id='word_1_307' title='bbox 112 2267 365 2310; x_wconf 83' lang='lat' dir='ltr'>auxiliorum</span> <span class='ocrx_word' id='word_1_308' title='bbox 387 2275 699 2324; x_wconf 65' lang='lat' dir='ltr'>praecesserunt.</span> <span class='ocrx_word' id='word_1_309' title='bbox 762 2266 908 2307; x_wconf 90' lang='lat' dir='ltr'>Minus</span> <span class='ocrx_word' id='word_1_310' title='bbox 940 2266 1190 2322; x_wconf 87' lang='lat' dir='ltr'>quingentos</span> <span class='ocrx_word' id='word_1_311' title='bbox 1210 2281 1355 2321; x_wconf 89' lang='lat' dir='ltr'>passus</span> <span class='ocrx_word' id='word_1_312' title='bbox 1375 2266 1428 2307; x_wconf 88' lang='lat' dir='ltr'>ab</span> <span class='ocrx_word' id='word_1_313' title='bbox 1449 2282 1534 2307; x_wconf 88' lang='lat' dir='ltr'>cas-</span> 
     </span>
     <span class='ocr_line' id='line_1_39' title="bbox 113 2322 1532 2381; baseline -0.001 -17"><span class='ocrx_word' id='word_1_314' title='bbox 113 2324 189 2365; x_wconf 86' lang='lat' dir='ltr'>tris</span> <span class='ocrx_word' id='word_1_315' title='bbox 209 2325 395 2375; x_wconf 81' lang='lat' dir='ltr'>aberant,</span> <span class='ocrx_word' id='word_1_316' title='bbox 418 2340 550 2381; x_wconf 90' lang='lat' dir='ltr'>quum</span> <span class='ocrx_word' id='word_1_317' title='bbox 571 2323 613 2364; x_wconf 90' lang='lat' dir='ltr'>in</span> <span class='ocrx_word' id='word_1_318' title='bbox 635 2331 857 2379; x_wconf 87' lang='lat' dir='ltr'>conspectu</span> <span class='ocrx_word' id='word_1_319' title='bbox 878 2323 995 2364; x_wconf 87' lang='lat' dir='ltr'>fuere</span> <span class='ocrx_word' id='word_1_320' title='bbox 1015 2322 1197 2364; x_wconf 87' lang='lat' dir='ltr'>hostium</span> <span class='ocrx_word' id='word_1_321' title='bbox 1219 2322 1402 2378; x_wconf 88' lang='lat' dir='ltr'>equites:</span> <span class='ocrx_word' id='word_1_322' title='bbox 1435 2323 1532 2364; x_wconf 82' lang='lat' dir='ltr'>duae</span> 
     </span>
     <span class='ocr_line' id='line_1_40' title="bbox 114 2379 1532 2437; baseline 0 -16"><span class='ocrx_word' id='word_1_323' title='bbox 114 2381 192 2421; x_wconf 88' lang='lat' dir='ltr'>alae</span> <span class='ocrx_word' id='word_1_324' title='bbox 224 2390 341 2423; x_wconf 87' lang='lat' dir='ltr'>erant</span> <span class='ocrx_word' id='word_1_325' title='bbox 372 2396 522 2437; x_wconf 88' lang='lat' dir='ltr'>magna</span> <span class='ocrx_word' id='word_1_326' title='bbox 542 2396 593 2422; x_wconf 87' lang='lat' dir='ltr'>ex</span> <span class='ocrx_word' id='word_1_327' title='bbox 626 2388 743 2436; x_wconf 88' lang='lat' dir='ltr'>parte</span> <span class='ocrx_word' id='word_1_328' title='bbox 766 2379 999 2430; x_wconf 87' lang='lat' dir='ltr'>Gallorum,</span> <span class='ocrx_word' id='word_1_329' title='bbox 1024 2379 1315 2435; x_wconf 84' lang='lat' dir='ltr'>(Cassignatus</span> <span class='ocrx_word' id='word_1_330' title='bbox 1335 2383 1532 2435; x_wconf 86' lang='lat' dir='ltr'>praeerat)</span> 
     </span>
     <span class='ocr_line' id='line_1_41' title="bbox 114 2436 1532 2492; baseline -0.002 -13"><span class='ocrx_word' id='word_1_331' title='bbox 114 2446 156 2479; x_wconf 89' lang='lat' dir='ltr'>et</span> <span class='ocrx_word' id='word_1_332' title='bbox 186 2438 288 2479; x_wconf 90' lang='lat' dir='ltr'>levis</span> <span class='ocrx_word' id='word_1_333' title='bbox 316 2447 541 2480; x_wconf 85' lang='lat' dir='ltr'>armaturae</span> <span class='ocrx_word' id='word_1_334' title='bbox 582 2445 749 2478; x_wconf 80' lang='lat' dir='ltr'>centum</span> <span class='ocrx_word' id='word_1_335' title='bbox 779 2436 864 2477; x_wconf 88' lang='lat' dir='ltr'>fere</span> <span class='ocrx_word' id='word_1_336' title='bbox 894 2445 935 2478; x_wconf 85' lang='lat' dir='ltr'>et</span> <span class='ocrx_word' id='word_1_337' title='bbox 966 2436 1272 2492; x_wconf 87' lang='lat' dir='ltr'>quinquaginta</span> <span class='ocrx_word' id='word_1_338' title='bbox 1304 2436 1419 2492; x_wconf 85' lang='lat' dir='ltr'>Mysi</span> <span class='ocrx_word' id='word_1_339' title='bbox 1460 2445 1532 2477; x_wconf 86' lang='lat' dir='ltr'>aut</span> 
     </span>
     <span class='ocr_line' id='line_1_42' title="bbox 116 2492 1531 2549; baseline -0.003 -14"><span class='ocrx_word' id='word_1_340' title='bbox 116 2494 345 2537; x_wconf 85' lang='lat' dir='ltr'>Cretenses.</span> <span class='ocrx_word' id='word_1_341' title='bbox 408 2493 607 2537; x_wconf 84' lang='lat' dir='ltr'>Constitit</span> <span class='ocrx_word' id='word_1_342' title='bbox 637 2509 725 2544; x_wconf 84' lang='lat' dir='ltr'>rex,</span> <span class='ocrx_word' id='word_1_343' title='bbox 756 2493 937 2535; x_wconf 87' lang='lat' dir='ltr'>incertus</span> <span class='ocrx_word' id='word_1_344' title='bbox 967 2501 1172 2549; x_wconf 85' lang='lat' dir='ltr'>quantum</span> <span class='ocrx_word' id='word_1_345' title='bbox 1203 2501 1307 2534; x_wconf 85' lang='lat' dir='ltr'>esset</span> <span class='ocrx_word' id='word_1_346' title='bbox 1338 2492 1531 2534; x_wconf 87' lang='lat' dir='ltr'>hostium.</span> 
     </span>
    </p>
   </div>
   <div class='ocr_carea' id='block_1_3' title="bbox 116 2655 1534 2911">
    <p class='ocr_par' dir='ltr' id='par_1_5' title="bbox 116 2655 1534 2783">
     <span class='ocr_line' id='line_1_43' title="bbox 160 2655 1534 2698; baseline 0.001 -13"><span class='ocrx_word' id='word_1_347' title='bbox 160 2655 200 2685; x_wconf 81' lang='lat'>89</span> <span class='ocrx_word' id='word_1_348' title='bbox 224 2655 359 2687; x_wconf 83' lang='lat' dir='ltr'>Praedam</span> <span class='ocrx_word' id='word_1_349' title='bbox 379 2657 509 2698; x_wconf 71' lang='lat' dir='ltr'>quidem]</span> <span class='ocrx_word' id='word_1_350' title='bbox 527 2657 631 2687; x_wconf 78' lang='lat' dir='ltr'>Vacat</span> <span class='ocrx_word' id='word_1_351' title='bbox 651 2655 805 2698; x_wconf 83' lang='lat' dir='ltr'>particula</span> <span class='ocrx_word' id='word_1_352' title='bbox 849 2655 975 2698; x_wconf 87' lang='lat' dir='ltr'>Adjecit</span> <span class='ocrx_word' id='word_1_353' title='bbox 1018 2655 1161 2696; x_wconf 86' lang='lat' dir='ltr'>Sigonius</span> <span class='ocrx_word' id='word_1_354' title='bbox 1196 2664 1305 2686; x_wconf 82' lang='lat' dir='ltr'>vocem</span> <span class='ocrx_word' id='word_1_355' title='bbox 1345 2655 1425 2687; x_wconf 73' lang='lat' dir='ltr'>hara,</span> <span class='ocrx_word' id='word_1_356' title='bbox 1463 2662 1534 2692; x_wconf 80' lang='lat' dir='ltr'>quae</span> 
     </span>
     <span class='ocr_line' id='line_1_44' title="bbox 116 2698 1352 2741; baseline -0.001 -15"><span class='ocrx_word' id='word_1_357' title='bbox 116 2698 240 2736; x_wconf 70' lang='lat' dir='ltr'>quidem.</span> <span class='ocrx_word' id='word_1_358' title='bbox 298 2699 472 2731; x_wconf 84' lang='lat' dir='ltr'>Gronovius</span> <span class='ocrx_word' id='word_1_359' title='bbox 498 2698 671 2741; x_wconf 83' lang='lat' dir='ltr'>suspicatur</span> <span class='ocrx_word' id='word_1_360' title='bbox 699 2699 805 2740; x_wconf 87' lang='lat' dir='ltr'>legen·</span> <span class='ocrx_word' id='word_1_361' title='bbox 849 2698 1009 2730; x_wconf 89' lang='lat' dir='ltr'>commode</span> <span class='ocrx_word' id='word_1_362' title='bbox 1026 2699 1132 2729; x_wconf 88' lang='lat' dir='ltr'>abesse</span> <span class='ocrx_word' id='word_1_363' title='bbox 1149 2708 1210 2728; x_wconf 88' lang='lat' dir='ltr'>non</span> <span class='ocrx_word' id='word_1_364' title='bbox 1224 2701 1352 2740; x_wconf 84' lang='lat' dir='ltr'>poterat.</span> 
     </span>
     <span class='ocr_line' id='line_1_45' title="bbox 120 2738 1532 2783; baseline 0.001 -14"><span class='ocrx_word' id='word_1_365' title='bbox 120 2739 206 2775; x_wconf 92' lang='lat' dir='ltr'>dum,</span> <span class='ocrx_word' id='word_1_366' title='bbox 220 2743 326 2780; x_wconf 80' lang='lat' dir='ltr'>proedae</span> <span class='ocrx_word' id='word_1_367' title='bbox 340 2744 414 2783; x_wconf 79' lang='lat' dir='ltr'>quod</span> <span class='ocrx_word' id='word_1_368' title='bbox 429 2748 502 2773; x_wconf 81' lang='lat' dir='ltr'>erat.</span> <span class='ocrx_word' id='word_1_369' title='bbox 892 2742 934 2771; x_wconf 86' lang='lat'>92</span> <span class='ocrx_word' id='word_1_370' title='bbox 959 2741 1139 2782; x_wconf 76' lang='lat' dir='ltr'>Proegressus</span> <span class='ocrx_word' id='word_1_371' title='bbox 1152 2743 1210 2780; x_wconf 79' lang='lat' dir='ltr'>ipse</span> <span class='ocrx_word' id='word_1_372' title='bbox 1227 2763 1235 2771; x_wconf 92' lang='lat'>.</span> <span class='ocrx_word' id='word_1_373' title='bbox 1258 2760 1268 2771; x_wconf 85' lang='lat'><strong>.</strong></span> <span class='ocrx_word' id='word_1_374' title='bbox 1291 2761 1300 2768; x_wconf 87' lang='lat'><strong>.</strong></span> <span class='ocrx_word' id='word_1_375' title='bbox 1323 2744 1349 2767; x_wconf 77' lang='lat' dir='ltr'>et</span> <span class='ocrx_word' id='word_1_376' title='bbox 1366 2738 1393 2767; x_wconf 84' lang='lat' dir='ltr'>C</span> <span class='ocrx_word' id='word_1_377' title='bbox 1394 2744 1454 2777; x_wconf 59' lang='lat' dir='ltr'>“tus</span> <span class='ocrx_word' id='word_1_378' title='bbox 1468 2748 1532 2766; x_wconf 72' lang='lat'><em>011111</em></span> 
     </span>
    </p>

    <p class='ocr_par' dir='ltr' id='par_1_6' title="bbox 119 2779 1533 2867">
     <span class='ocr_line' id='line_1_46' title="bbox 166 2779 1533 2826; baseline -0.001 -15"><span class='ocrx_word' id='word_1_379' title='bbox 166 2781 208 2811; x_wconf 88' lang='lat'>90</span> <span class='ocrx_word' id='word_1_380' title='bbox 239 2782 326 2825; x_wconf 74' lang='lat' dir='ltr'>Regis</span> <span class='ocrx_word' id='word_1_381' title='bbox 360 2792 512 2815; x_wconf 72' lang='lat' dir='ltr'>creverunt</span> <span class='ocrx_word' id='word_1_382' title='bbox 550 2785 656 2825; x_wconf 78' lang='lat' dir='ltr'>animi]</span> <span class='ocrx_word' id='word_1_383' title='bbox 703 2785 805 2826; x_wconf 83' lang='lat' dir='ltr'>Magis</span> <span class='ocrx_word' id='word_1_384' title='bbox 848 2796 878 2814; x_wconf 83' lang='lat' dir='ltr'>eo</span> <span class='ocrx_word' id='word_1_385' title='bbox 904 2786 1043 2824; x_wconf 73' lang='lat' dir='ltr'>ducesque</span> <span class='ocrx_word' id='word_1_386' title='bbox 1072 2805 1080 2813; x_wconf 91' lang='lat'><strong>.</strong></span> <span class='ocrx_word' id='word_1_387' title='bbox 1107 2806 1115 2814; x_wconf 90' lang='lat'><strong>.</strong></span> <span class='ocrx_word' id='word_1_388' title='bbox 1137 2804 1146 2812; x_wconf 84' lang='lat'><strong>.</strong></span> <span class='ocrx_word' id='word_1_389' title='bbox 1175 2779 1397 2822; x_wconf 72' lang='lat' dir='ltr'>prff‘cesserunt]</span> <span class='ocrx_word' id='word_1_390' title='bbox 1429 2780 1533 2810; x_wconf 46' lang='lat' dir='ltr'>Mani*</span> 
     </span>
     <span class='ocr_line' id='line_1_47' title="bbox 119 2823 1439 2867; baseline -0.001 -14"><span class='ocrx_word' id='word_1_391' title='bbox 119 2823 275 2866; x_wconf 82' lang='lat' dir='ltr'>placeret:</span> <span class='ocrx_word' id='word_1_392' title='bbox 302 2826 376 2867; x_wconf 82' lang='lat' dir='ltr'>Regi</span> <span class='ocrx_word' id='word_1_393' title='bbox 391 2834 539 2858; x_wconf 75' lang='lat' dir='ltr'>creverant</span> <span class='ocrx_word' id='word_1_394' title='bbox 554 2830 656 2859; x_wconf 77' lang='lat' dir='ltr'>animi.</span> <span class='ocrx_word' id='word_1_395' title='bbox 849 2827 959 2857; x_wconf 84' lang='lat' dir='ltr'>festum</span> <span class='ocrx_word' id='word_1_396' title='bbox 977 2832 1022 2856; x_wconf 82' lang='lat' dir='ltr'>est</span> <span class='ocrx_word' id='word_1_397' title='bbox 1039 2835 1148 2856; x_wconf 80' lang='lat' dir='ltr'>vacare</span> <span class='ocrx_word' id='word_1_398' title='bbox 1166 2824 1306 2856; x_wconf 85' lang='lat' dir='ltr'>ultimam</span> <span class='ocrx_word' id='word_1_399' title='bbox 1322 2833 1439 2853; x_wconf 84' lang='lat' dir='ltr'>vocem.</span> 
     </span>
    </p>

    <p class='ocr_par' dir='ltr' id='par_1_7' title="bbox 159 2867 802 2911">
     <span class='ocr_line' id='line_1_48' title="bbox 159 2867 802 2911; baseline 0.006 -15"><span class='ocrx_word' id='word_1_400' title='bbox 159 2867 197 2896; x_wconf 85' lang='lat'>91</span> <span class='ocrx_word' id='word_1_401' title='bbox 226 2867 345 2898; x_wconf 79' lang='lat' dir='ltr'>Perseus</span> <span class='ocrx_word' id='word_1_402' title='bbox 375 2870 442 2899; x_wconf 75' lang='lat' dir='ltr'>hora</span> <span class='ocrx_word' id='word_1_403' title='bbox 468 2870 566 2911; x_wconf 84' lang='lat' dir='ltr'>ferme</span> <span class='ocrx_word' id='word_1_404' title='bbox 596 2872 653 2900; x_wconf 82' lang='lat' dir='ltr'>diei</span> <span class='ocrx_word' id='word_1_405' title='bbox 682 2869 802 2909; x_wconf 78' lang='lat' dir='ltr'>quarta]</span> 
     </span>
    </p>
   </div>
   <div class='ocr_carea' id='block_1_4' title="bbox 918 2916 989 2951">
    <p class='ocr_par' dir='ltr' id='par_1_8' title="bbox 918 2916 989 2951">
     <span class='ocr_line' id='line_1_49' title="bbox 918 2916 989 2951; baseline 0.014 -1"><span class='ocrx_word' id='word_1_406' title='bbox 918 2916 989 2951; x_wconf 70' lang='lat'>&lt;22</span> 
     </span>
    </p>
   </div>
  </div>
 </body>
</html>
