1826 3149
343 77 419 116 ζ«770
892 67 926 106 Ε
938 67 995 106 ΡΙ
1008 66 1042 106 Τ
1053 66 1090 105 O
1101 67 1143 105 M
1155 67 1201 106 AE

341 181 485 222 mensis
502 179 667 222 Seoetilis
687 179 727 220 in
743 178 925 219 honorem
940 176 1023 231 ejus
1042 178 1268 230 adpellatus
1286 183 1356 218 est.
1418 176 1547 227 Quum
1569 178 1638 219 ille
1652 192 1743 219 con—

342 245 496 280 ventum
527 237 715 278 Narbone
742 241 894 290 ageret,
923 248 1058 276 census
1077 249 1103 274 a
1126 234 1248 275 tribus
1280 235 1446 284 Galliis,
1477 249 1576 289 quas
1607 235 1745 277 Caesar

334 301 461 349 pater
479 296 647 345 vicerat,
663 300 787 334 actus.
820 291 979 333 Bellum
1000 293 1189 333 adversus
1207 293 1451 342 Bastarnas,
1468 299 1506 333 et
1528 292 1690 343 Moesos,
1708 299 1745 333 et

341 353 451 394 alias
466 359 622 408 gentes,
642 365 669 392 a
690 349 755 391 M.
780 350 922 392 Crasso
934 355 1102 404 gestum,
1123 349 1309 404 refiertur.

912 486 1207 540 CXXXV.

399 619 557 659 Bellum
578 631 604 658 a
625 617 691 658 M.
715 618 861 659 Crasso
880 617 1069 658 adversus
1100 614 1296 666 Thracas,
1318 623 1356 658 et
1376 631 1402 656 a
1422 616 1582 658 Caesare
1607 617 1747 658 adver-

340 689 404 716 sus
426 676 636 729 Hispanos
649 681 803 729 gestum
823 674 998 726 refertur
1011 691 1024 714 .-
1055 679 1093 715 et
1113 673 1281 724 Salassi,
1301 688 1401 729 gens
1420 674 1586 728 Alpina,
1600 675 1748 728 perdo-

341 734 444 773 miti.

883 885 1210 940 CXXXVI.

397 1002 429 1027 1⁶
442 1004 585 1045 Raetia
604 1016 631 1043 a
657 1002 723 1045 Ti.
741 1001 902 1043 Nerone
921 1008 960 1043 et
982 1002 1136 1054 Druso,
1155 1001 1332 1043 Caesaris
1342 1001 1559 1056 privignis,
1577 1001 1747 1042 domita.

341 1061 538 1116 Agrippa,
559 1061 730 1102 Caesaris
747 1074 886 1115 gener,
904 1064 1080 1101 mortuus
1094 1082 1108 1106 ;
1140 1065 1181 1101 et
1194 1074 1220 1099 a
1238 1060 1377 1100 Druso
1396 1073 1532 1101 census
1551 1064 1663 1100 actus
1676 1065 1748 1100 est.

866 1218 1225 1272 CXXXVII.

402 1343 592 1384 Civitates
624 1342 864 1393 Germaniae,
886 1344 944 1384 cis
974 1344 1160 1385 Rhenum
1191 1350 1229 1385 et
1248 1350 1359 1385 trans
1392 1343 1571 1384 Rhenum
1584 1342 1748 1397 positoe,

341 1400 622 1453 obpugnantur
642 1414 668 1440 a
688 1401 850 1447 Drus0;
893 1406 931 1441 et
954 1402 1150 1451 tumultus,
1171 1401 1237 1456 qui
1264 1401 1312 1441 ob
1341 1415 1495 1442 censum
1525 1406 1680 1441 exortus
1708 1399 1752 1439 in

346 1458 486 1510 Gallia
506 1464 608 1506 erat,
628 1457 863 1511 compositus
874 1481 890 1504 ,-
922 1472 999 1499 ara
1022 1459 1179 1500 Ccesari
1194 1459 1252 1499 ad
1269 1459 1526 1515 confluentem
1541 1457 1694 1498 Araris
1712 1462 1751 1497 et

343 1514 535 1555 Rhodani
572 1515 775 1568 dedicata,
813 1516 1020 1557 sacerdote
1057 1522 1193 1557 creato
1230 1516 1279 1559 C.
1313 1516 1428 1560 Julio
1459 1514 1493 1542 ¹⁷
1512 1513 1753 1556 Vercundarz'

344 1572 485 1613 Dubio
505 1571 660 1615 AEduo.

852 1697 1236 1752 CXXXVIII.

405 1823 577 1872 Thraces
606 1823 750 1864 domiti
778 1822 846 1863 ¹⁸a
877 1822 928 1863 L.
958 1824 1108 1865 Pisone
1121 1846 1135 1871 ;
1180 1824 1269 1865 item
1307 1824 1513 1873 Cherusci,
1552 1823 1749 1873 Tencteri,

344 1880 500 1930 Chatti,
520 1881 693 1934 aliaeque
713 1879 1003 1921 Germanorum
1023 1888 1140 1922 trans
1168 1881 1347 1922 Rhenum
1365 1888 1504 1936 gentes
1532 1881 1705 1921 subactae
1724 1894 1752 1920 a

344 1937 483 1978 Druso
516 1936 752 1988 referuntur.
815 1937 1000 1987 Octavia,
1030 1953 1138 1980 soror
1167 1938 1355 1993 Augusti,
1390 1936 1595 1990 defuncta,
1630 1943 1751 1978 antea

343 1995 487 2036 amisso
492 1995 593 2048 filio
608 1994 806 2035 Marcello
820 2012 833 2034 .·
864 1993 973 2048 cujus
988 2002 1235 2038 monumenta
1250 2002 1341 2038 sunt
1355 1996 1551 2037 theatrum
1566 2000 1606 2036 et
1612 1995 1751 2049 porti-

342 2065 421 2101 cus,
444 2052 602 2093 nomine
621 2051 705 2105 ejus
725 2051 923 2093 dedicata.

390 2220 429 2250 16
454 2218 584 2258 Rhaetz'a]
608 2219 723 2255 Variis,
747 2229 804 2249 nec
832 2219 1025 2260 spernendis,

347 2261 535 2303 argumentis
555 2262 684 2303 probare
707 2261 813 2291 nititur
836 2261 979 2302 Sigonius
994 2262 1025 2293 in

347 2310 420 2335 nota
434 2304 474 2335 ad
489 2305 569 2335 hanc
585 2304 751 2346 epitomen,
768 2303 934 2335 desiderari
950 2305 1026 2336 duos

345 2346 439 2377 libros
460 2348 531 2377 ante
553 2345 648 2382 hunc,
671 2346 725 2388 qui
751 2347 896 2388 expleant
917 2358 1024 2379 nume—

344 2393 412 2420 'rum
443 2390 515 2421 142.
536 2389 694 2425 librorum,
716 2395 790 2430 quot
812 2400 831 2420 a
853 2390 942 2422 Livio
965 2391 1025 2421 Pe-v

345 2431 467 2462 trarcha
502 2431 630 2472 scriptos
666 2442 732 2462 esse
760 2432 813 2463 ait.
869 2432 1025 2464 Nimirum

345 2474 464 2515 aliquot
489 2479 601 2504 eventa
629 2474 736 2504 horum
773 2484 921 2506 annorum
950 2486 1025 2507 sane

344 2516 461 2548 nobilia
482 2521 514 2546 et
534 2515 758 2552 memorabilia,
773 2516 838 2547 ludi
861 2518 1027 2557 seculares,

344 2562 444 2591 Janus
473 2558 607 2595 clausus,
637 2558 798 2589 tribunitia
824 2565 959 2601 potestas
988 2562 1027 2593 ab

344 2602 486 2644 Augusto
509 2606 650 2643 accepta,
672 2612 744 2642 quae
764 2602 892 2644 scriptor
919 2603 1029 2634 harum

344 2645 548 2687 epitomarum
582 2643 709 2675 minime
736 2644 940 2686 praetermissa
972 2657 1026 2677 vo-

345 2688 437 2718 luisse
452 2686 674 2718 existimandus
695 2692 753 2723 est,
769 2698 865 2728 quum
888 2687 938 2718 hie
954 2699 1025 2719 nus-

346 2740 439 2771 quam
460 2729 645 2766 indicentur,
660 2729 733 2760 inde
754 2729 849 2760 oritur
871 2741 932 2761 non
947 2741 1027 2762 vana

345 2772 480 2814 suspicio
494 2772 685 2804 intercidisse
706 2772 857 2814 epitomas
872 2784 940 2814 quae
956 2773 1024 2804 illo-

348 2826 413 2846 rum
442 2816 629 2848 mentionem
661 2816 808 2847 facerent.
853 2816 893 2846 Et
921 2827 939 2847 a
968 2817 1024 2848 Sa-

1068 2219 1156 2250 lassis
1185 2219 1375 2261 perdomitis,
1400 2229 1470 2260 quae
1499 2225 1652 2261 postrema
1680 2223 1751 2249 sunt

1069 2262 1217 2303 epitomes
1249 2263 1319 2293 135.
1350 2263 1454 2298 verba,
1484 2263 1524 2293 ad
1551 2261 1707 2293 Rhaetiam
1733 2272 1752 2292 a

1068 2305 1192 2336 Tiberio
1229 2306 1401 2342 subactam,
1438 2305 1521 2346 quod
1553 2304 1749 2336 intervallum

1068 2353 1115 2378 est
1165 2347 1309 2379 undecim
1355 2358 1516 2384 annorum,
1559 2346 1748 2378 transiluisse

1069 2390 1150 2421 hunc
1187 2390 1388 2432 epitomarum
1424 2388 1614 2432 scriptorem,
1642 2397 1751 2432 parurn

1068 2433 1233 2464 verisimile
1247 2438 1304 2464 est.

1114 2477 1151 2506 17
1194 2474 1477 2516 Is'ercundaridubio]
1523 2474 1647 2505 Nomen
1691 2473 1749 2505 hoc

1070 2518 1159 2549 aliter
1173 2518 1242 2549 aliis
1256 2517 1288 2547 in
1303 2517 1461 2548 codicibus
1475 2516 1616 2548 habetur.
1654 2518 1749 2554 Quae-

1070 2571 1142 2592 nam
1157 2571 1230 2592 vera
1251 2559 1291 2591 sit
1311 2559 1415 2596 lectio,
1430 2570 1488 2591 nec
1510 2559 1603 2591 facile
1625 2564 1673 2591 est
1692 2559 1747 2591 de-

1071 2613 1207 2641 cernere,
1232 2612 1290 2634 nec
1316 2603 1469 2645 inquirere
1491 2613 1592 2646 operae
1616 2602 1749 2645 pretium

1069 2651 1126 2678 est.

1115 2689 1151 2718 18
1190 2689 1215 2718 A
1246 2687 1282 2718 L.
1316 2687 1433 2729 Pisone]
1477 2688 1562 2720 Ante
1590 2686 1749 2729 Sigonium

1070 2731 1230 2772 legebatur
1252 2743 1269 2761 a
1293 2731 1330 2762 L.
1354 2731 1492 2771 Scipione.
1537 2730 1675 2764 Correxit
1695 2730 1748 2761 ille

1068 2785 1106 2805 ex
1123 2772 1237 2812 Dione,
1253 2773 1388 2811 Velleio,
1402 2773 1523 2807 Tacito.
