1816 3159
86 1054 109 1081 p

113 1053 179 1081 rccf.
196 1054 235 1082 ad

85 1095 111 1124 Τ

116 1106 123 1123 -

306 50 477 99 lxxviii
799 52 841 99 P
858 52 1275 102 RAEFATIO.

306 190 498 238 sinente
522 191 692 238 seculo
725 196 817 238 140.
845 191 1075 254 scriptus,
1102 192 1141 240 si
1168 193 1230 239 de
1253 192 1451 255 ingenio
1477 200 1525 241 et
1549 195 1645 241 fide
1671 211 1753 241 ex-

305 267 559 331 scriptoris
585 274 854 323 constaret,
882 267 1048 332 aliquo
1075 276 1246 331 posset
1271 269 1321 316 in
1340 285 1544 317 numero
1570 271 1751 319 haberi.

305 344 422 408 Ipse
449 345 576 392 enim
614 352 821 392 testatur
845 362 954 393 sese
980 347 1041 392 ad
1072 348 1497 395 transcribendum
1531 348 1754 411 complu-

301 423 437 470 ribus
474 423 840 485 exemplaribus
877 440 1018 471 usum
1051 441 1188 471 esse:
1236 443 1342 473 cum
1364 425 1550 489 quibus,
1575 425 1749 489 inquit,

302 507 349 547 et
373 501 621 565 ingeniolo
648 516 805 564 parvo
840 503 1095 548 admodmn
1126 502 1354 549 nonnihil
1385 504 1452 549 ad
1473 504 1752 568 tergendam

300 579 462 624 sordes
508 578 805 624 omnimodas
849 579 1091 625 insndavz'.
1165 577 1434 626 Mallemus
1479 596 1593 627 eum
1632 597 1751 628 sane

302 653 470 700 omnia
505 654 885 717 exemplaribus,
912 655 1030 702 nihil
1056 655 1255 718 ingenio
1290 656 1577 706 credidisse.
1645 657 1749 705 De-

306 747 415 778 mus
439 730 509 779 illi
544 731 684 789 libro,
710 739 763 780 ut
792 732 994 796 aliquod
1034 734 1234 797 pondus
1261 734 1420 781 addat
1453 735 1642 795 ceteris,
1669 735 1750 782 ubi

299 808 357 855 iis
384 809 678 857 assentitur:
729 826 813 874 per
837 828 889 858 se
924 811 1033 874 ipse
1071 827 1246 875 parum
1284 812 1579 860 auctoritate
1603 813 1748 860 valet.

302 886 527 934 Primam
552 887 799 934 decadem
823 887 1062 950 integram
1089 888 1305 936 exhibet.

369 965 570 1012 Librum
592 964 928 1012 Puteanorum
950 965 1169 1021 fratrum,
1186 983 1277 1030 quo
1296 965 1428 1012 nihil
1442 967 1498 1013 de
1522 964 1586 1012 T.
1607 966 1751 1014 Livio

301 1060 384 1091 nec
407 1043 670 1106 antiquius,
697 1041 952 1089 Gronovio
982 1042 1173 1103 judice,
1201 1059 1285 1091 nec
1308 1044 1522 1090 sanctius
1548 1042 1753 1107 Europa

301 1122 527 1179 custodit,
545 1120 639 1167 etsi
666 1136 780 1166 eum
800 1119 1061 1182 diligenter
1081 1127 1373 1178 versaverat,
1395 1127 1441 1168 et
1459 1120 1567 1181 ejus
1583 1120 1749 1184 apices

302 1215 476 1247 omnes
501 1196 729 1259 religiose
752 1204 1042 1260 persecutus
1062 1197 1327 1245 videbatur
1346 1197 1417 1244 vir
1440 1214 1677 1255 summus,
1696 1205 1750 1246 ut

297 1276 520 1323 immissa
537 1276 644 1337 jam
670 1275 805 1322 velut
830 1276 880 1322 in
906 1276 1121 1338 opimam
1158 1292 1371 1323 messem
1397 1275 1542 1332 falce,
1569 1275 1751 1323 collec-

296 1353 460 1417 tisque
496 1352 775 1415 manipulis,
817 1352 897 1400 vix
932 1353 1171 1416 pauculas
1208 1352 1384 1400 aristas
1421 1352 1749 1400 consectandi

293 1430 440 1477 nobis
467 1447 580 1493 spes
600 1437 747 1491 esset,
765 1436 935 1478 tamen
960 1431 1024 1478 ob
1045 1431 1241 1479 unicam
1263 1430 1531 1479 venerandi
1555 1430 1747 1478 codicis

295 1509 632 1572 praestantiam
670 1524 850 1570 magna
884 1524 1001 1555 cura
1038 1508 1348 1571 perlegimus.
1421 1506 1531 1555 Nec
1565 1507 1746 1555 laboris

295 1584 538 1648 poenituit,
562 1592 666 1632 tum
701 1584 817 1647 quia
852 1584 1091 1632 nonnulla
1114 1602 1223 1648 quae
1260 1585 1587 1645 Gronovium,
1611 1591 1666 1633 ut
1695 1586 1745 1634 in

295 1669 433 1709 tanta
457 1679 617 1710 rerum
643 1662 980 1719 multitudine,
1006 1663 1293 1719 fefellerant,
1318 1679 1420 1710 non
1443 1663 1637 1711 inutilia
1663 1664 1747 1711 de-

292 1739 679 1801 prehendimus3
716 1745 821 1786 tum
846 1738 963 1802 quia
995 1739 1263 1788 didicimus
1299 1741 1620 1804 experiundo,
1644 1756 1744 1790 non

296 1831 407 1863 esse
443 1815 638 1872 librum,
674 1816 811 1879 quod
854 1815 967 1863 fecit
1002 1816 1301 1876 Gronovius,
1340 1818 1403 1864 ad
1441 1819 1745 1881 superstitio-

293 1909 407 1939 nem
445 1893 734 1948 colendum,
760 1892 846 1956 qui
883 1892 934 1939 in
959 1892 1139 1940 eximia
1173 1894 1398 1942 bonitate
1431 1894 1648 1958 insignes
1673 1906 1742 1944 ta-

294 1986 409 2016 men
433 1986 604 2017 naevos
628 1971 879 2033 inspersos
904 1970 1071 2020 habet.
1115 1971 1264 2025 Quod
1293 1971 1335 2019 si
1358 1972 1479 2020 satis
1504 1973 1743 2021 attendis·

294 2054 370 2093 set
406 2046 634 2110 egregius
671 2047 756 2094 ille
784 2047 909 2095 Livii
944 2048 1182 2112 interpres
1218 2056 1268 2097 et
1292 2067 1418 2113 pene
1454 2050 1741 2114 sospitator,

291 2140 394 2171 non
417 2124 733 2188 quibusdam
753 2123 877 2172 loeis
902 2125 1080 2173 falsam
1117 2126 1284 2174 mendi
1321 2126 1652 2190 suspicionem
1676 2129 1743 2175 af-

292 2199 533 2259 finxisset,
558 2217 653 2248 nec
680 2200 829 2248 etiam
853 2200 1134 2249 salebrosas
1158 2202 1405 2251 interdum
1430 2210 1479 2252 et
1504 2205 1740 2268 abruptas

292 2278 537 2341 loquendi
562 2279 743 2340 figuras
769 2294 859 2341 pro
886 2279 1104 2327 Livianis
1137 2281 1443 2338 obtrusisset,
1472 2288 1522 2330 et
1544 2281 1596 2329 in
1622 2297 1740 2329 con-

293 2360 483 2402 textum
509 2355 809 2404 immisisset.
884 2355 1026 2412 Haec,
1044 2373 1153 2419 quae
1180 2359 1389 2420 probare
1408 2376 1505 2407 non
1525 2375 1740 2422 praesen-

293 2432 355 2480 tis
382 2432 614 2494 temporis
640 2449 735 2480 nec
755 2433 852 2480 loci
877 2439 965 2489 est,
985 2432 1177 2481 idoneis
1203 2435 1505 2498 argumentis
1532 2436 1738 2484 demon-

294 2517 462 2565 strata,
484 2509 533 2556 ni
556 2509 780 2564 fallimur,
805 2509 1036 2568 inveniet,
1059 2510 1143 2573 qui
1168 2517 1312 2559 notas
1336 2521 1529 2561 nostras
1556 2513 1618 2560 ad
1646 2520 1739 2561 ter-

293 2588 413 2635 tiam
439 2586 687 2634 decadem
712 2587 1046 2649 perpenderit.

354 2663 614 2712 Debemus
653 2679 853 2728 quoque
894 2664 1361 2713 humanissimorum
1392 2665 1602 2715 virorum
1648 2667 1734 2731 qui

295 2741 611 2789 bibliothecis
648 2741 934 2790 Sorbonicae
958 2749 1006 2789 et
1028 2742 1298 2790 Victorinae
1323 2752 1541 2807 praesunt
1569 2745 1736 2807 benig-
