1816 3159
95 789 249 830 Interpre-

93 832 195 862 tanda
205 829 283 862 anti-

93 875 221 915 quitatis

94 965 152 993 est.

99 1781 281 1824 Responde-

97 1831 145 1856 tur
159 1826 197 1856 iis
211 1824 264 1866 qui

100 1868 209 1900 leviter
222 1868 260 1898 de

97 1911 213 1952 gustari
229 1922 283 1942 ve·

97 1960 196 1984 terum
212 1953 248 1983 li-

98 1997 168 2027 bros
182 1996 256 2027 satis

99 2049 166 2070 esse
181 2050 254 2070 con·

97 2082 272 2116 tenderent.

304 83 405 132 lxiv
822 77 1278 129 PRAEFATIO.

306 228 382 270 est
414 220 638 276 instituti,
665 226 713 268 et
742 235 1104 283 supervacuum
1130 219 1284 268 videri
1321 218 1487 273 debet,
1512 232 1664 280 quum
1699 215 1748 264 id

298 299 404 360 jam
429 296 764 345 florentissimi
800 304 850 344 et
868 296 1067 357 ingenio
1087 304 1138 345 et
1171 296 1403 346 doctrina
1438 293 1524 342 viri
1559 294 1753 357 egregie

303 375 631 441 praestiterint.
700 373 804 421 Sed
839 380 893 421 ut
916 373 967 420 id
1004 380 1217 435 tantum,
1241 374 1377 437 quod
1412 371 1603 435 proprie
1638 386 1753 417 nos-

303 460 433 501 trum
457 458 548 507 est,
575 458 852 514 tangamus,
876 449 1040 513 ipsum
1069 450 1453 514 interpretandae
1489 448 1753 512 antiquita-

305 529 367 576 tis
393 545 570 576 munus
606 526 814 590 perutile
851 544 975 585 esse,
1000 527 1119 574 etin
1156 544 1215 575 eo
1249 545 1353 575 non
1390 526 1640 574 memoriae
1677 543 1756 574 so-

305 606 423 661 lum,
444 604 583 668 quod
609 603 692 651 isti
710 603 965 665 jactitant,
987 604 1077 651 sed
1105 611 1153 651 et
1171 604 1350 668 ingenii
1375 622 1434 653 ac
1453 604 1631 667 judicii
1649 604 1754 652 lau-

308 683 357 730 di
382 683 549 730 locum
575 698 685 729 esse
709 682 1075 730 contendimus.

374 761 543 810 Primo
570 760 789 825 quidem,
809 760 850 808 si
869 766 1120 809 nocturna
1143 759 1420 823 diurnaque
1443 775 1594 806 manu
1619 758 1756 806 Grae-

308 856 369 887 ca
384 838 661 902 Latinaque
680 837 984 901 exemplaria
1003 838 1247 885 versanda
1265 842 1380 884 sunt
1399 836 1458 883 iis
1476 836 1558 899 qui
1576 835 1755 882 laureae

95 916 617 980 munusutileApollinaris
643 916 800 963 decus
827 916 1080 974 ambiunt3
1115 915 1272 979 (quod
1298 931 1392 962 nos
1410 931 1499 977 pro
1524 919 1661 961 certo
1680 929 1758 959 su-

307 1010 442 1042 mere
471 1009 572 1040 non
604 993 839 1040 vetabunt
874 992 1126 1040 rabiosula
1159 991 1479 1040 indoctorum
1514 989 1758 1053 convicia)

307 1070 349 1119 si
374 1069 596 1126 sincerae,
617 1086 712 1117 nec
733 1071 847 1118 fuco
873 1069 1194 1134 pigmentisve
1219 1068 1488 1133 puerilibus
1515 1068 1759 1116 adultera-

307 1154 370 1195 tae
394 1146 692 1210 eloquentiae
717 1155 893 1209 gustus
916 1146 1035 1194 inde
1052 1146 1359 1194 hauriendus
1380 1154 1479 1204 est3
1515 1145 1556 1193 si
1581 1145 1667 1192 illa
1685 1161 1759 1192 sa-

307 1223 527 1271 lubribus
553 1222 751 1270 monitis
776 1223 839 1270 ad
865 1222 1201 1271 instituendos
1232 1239 1392 1271 mores
1416 1230 1465 1270 et
1488 1223 1760 1286 incoquen-

309 1300 429 1348 dum
456 1299 667 1346 honesto
693 1305 870 1361 pectus
893 1299 1111 1346 maxime
1133 1298 1327 1347 idoneis
1347 1300 1464 1347 foeta
1483 1307 1530 1347 et
1554 1299 1760 1362 gravida

308 1384 450 1426 sunt:
485 1376 596 1440 quis
620 1384 773 1439 neget
796 1376 967 1424 utilem
990 1393 1100 1425 esse
1125 1393 1293 1425 eorum
1316 1393 1532 1442 operam,
1557 1377 1643 1440 qui
1666 1378 1758 1426 hos

309 1452 541 1500 omnibus
569 1453 756 1517 aperire
791 1454 1052 1502 thesauros
1077 1459 1126 1501 et
1151 1454 1397 1518 explicare
1430 1461 1678 1517 satagunt,
1707 1461 1758 1502 et

309 1531 546 1594 speciosa
569 1531 845 1593 eademque
868 1532 1013 1579 bonae
1034 1531 1185 1593 frugis
1209 1530 1496 1595 plenissima
1520 1531 1759 1579 miracula

310 1608 504 1657 facilius
530 1607 854 1671 intelligenda
877 1609 1186 1671 proponere?
1225 1608 1345 1657 Non
1369 1608 1418 1656 in
1444 1608 1578 1658 tenui
1604 1608 1759 1669 labor,

310 1686 503 1735 etiamsi
529 1686 690 1734 tenuis
716 1687 879 1734 futura
902 1686 1059 1749 gloria
1083 1693 1176 1734 est.

378 1764 488 1813 Nec
521 1764 792 1828 quidquam
831 1764 1041 1812 attineat
1075 1765 1255 1821 dicere,
1278 1763 1452 1811 florem
1487 1763 1756 1827 quemdam

310 1858 488 1898 rerum,
512 1841 597 1905 qui
622 1841 672 1888 in
689 1857 883 1889 summo
908 1841 1200 1905 plerumque
1225 1841 1392 1897 haeret,
1420 1839 1564 1888 facile
1589 1838 1758 1901 colligi

311 1936 472 1984 posse,
506 1918 732 1982 quamvis
766 1934 870 1966 non
909 1918 960 1965 in
996 1917 1223 1966 intimam
1262 1917 1457 1965 illorum
1498 1923 1756 1964 auctorum

312 1995 644 2058 cognitionem
692 1995 1052 2043 descendatur:
1111 2011 1170 2043 ac
1212 1994 1420 2058 proinde
1461 2010 1757 2057 supervaca-

309 2090 455 2123 neam
480 2090 589 2121 csse
612 2072 891 2136 interpretis
916 2072 1248 2128 sedulitatem,
1268 2071 1352 2136 qui
1376 2071 1428 2119 in
1452 2071 1758 2133 syllabarum

313 2138 539 2215 apicibus
576 2149 892 2197 dimetiendis
927 2149 1228 2206 immoretur,
1253 2157 1302 2197 et
1326 2149 1527 2213 ignotos
1561 2149 1761 2196 rimetur

312 2226 618 2291 antiquitatis
651 2243 892 2274 recessuS.
963 2225 1143 2274 Nescit
1173 2226 1392 2282 omnino,
1416 2225 1502 2290 qui
1527 2234 1758 2274 accurate

312 2305 436 2353 scire
459 2304 693 2368 negligit3
745 2311 829 2352 aut
853 2309 987 2352 certe
1021 2321 1196 2368 parum
1221 2305 1284 2352 ab
1317 2303 1596 2367 ignorantia
1618 2304 1760 2350 abest

312 2382 435 2429 levis
472 2382 558 2430 illa
597 2382 1026 2446 perfunctoriaque
1070 2382 1239 2431 extimi
1279 2382 1413 2430 velut
1454 2381 1648 2429 corticis
1688 2381 1761 2428 in-

315 2458 535 2522 specti03
569 2476 662 2507 nec
686 2467 789 2508 tam
815 2459 943 2507 ditat
967 2466 1198 2516 mentem,
1223 2476 1371 2524 quam
1402 2458 1757 2506 confidentiam

317 2535 418 2595 alit,
444 2534 699 2600 invisaque
726 2538 938 2585 frontem
963 2544 1123 2585 armat
1145 2536 1512 2586 inverecundia.
1582 2536 1680 2585 Sed
1707 2542 1759 2583 et

315 2630 470 2678 quum
505 2614 660 2661 multa
693 2614 958 2661 etiamnum
985 2631 1015 2661 a
1037 2613 1204 2661 multis
1240 2613 1417 2661 Latina
1454 2613 1622 2676 lingua
1645 2613 1762 2661 scri-

313 2689 508 2747 bantur,
533 2707 687 2754 quum
711 2698 850 2738 tanta
878 2692 939 2738 sit
963 2697 1182 2739 veterum
1219 2691 1511 2754 scriptorum
1548 2690 1759 2739 auctori-

316 2773 409 2824 tas,
444 2776 498 2816 ut
533 2786 703 2818 eorum
739 2768 896 2817 verbis
930 2769 1285 2833 sententiisque
1320 2786 1413 2817 sua
1445 2769 1675 2831 insignire
1710 2774 1759 2815 et
