1816 3159
179 335 236 364 Ix.
254 334 286 365 4.

303 100 453 147 xxxvi
830 96 1300 146 PRAEFATIO.

303 239 461 287 ritatis
481 239 531 285 in
550 239 758 301 patriam
779 238 1020 285 succendi
1038 254 1092 285 se
1109 237 1316 285 sentiat?
1343 235 1446 283 sive
1463 234 1604 282 audit
1619 233 1749 281 Len-

307 317 463 364 tulum
489 317 723 364 consules
749 317 813 362 ad
840 315 1088 364 Caudium
1123 316 1422 369 hortantem,
1447 320 1501 361 ut
1525 330 1749 361 commu-

307 410 421 441 nem
457 395 668 441 salutem
704 410 805 441 non
841 401 997 441 morte
1033 400 1240 454 tantum,
1277 394 1367 441 sed
1403 398 1452 439 et
1484 390 1754 453 ignominia

308 488 400 518 sua
423 472 546 518 bene
571 476 789 534 emptam
816 476 1018 533 putent3
1055 469 1160 516 sive
1183 470 1313 517 hanc
1334 469 1472 516 velut
1488 485 1552 515 ex
1577 483 1752 514 oracu-

94 561 220 593 XXVI.
236 561 286 591 36.
308 548 357 595 lo
382 549 584 595 missam
610 565 788 595 vocem
823 548 1038 611 excipit:
1090 548 1388 611 Respublica
1421 546 1674 594 incolumis
1708 553 1754 591 et

100 1105 202 1135 XXX.
223 1105 272 1136 14.

105 1803 171 1835 Liv.
189 1802 282 1834 Praef.

109 2121 189 2152 Livii
205 2120 300 2152 histo-

108 2165 153 2195 ria
163 2165 202 2195 ad
211 2173 310 2194 mores

106 2208 276 2238 informan-

108 2250 164 2281 dos
177 2249 293 2285 utilior,

107 2303 202 2335 quam
217 2303 282 2322 om-

302 628 525 691 privatas
547 643 622 673 res
630 626 792 688 facile
809 628 967 674 Salvas
986 635 1205 690 praestat.
1262 626 1477 673 Publica
1505 623 1754 687 prodendo

309 712 393 750 tua
415 706 727 767 nequicquam
749 720 918 751 serves.
990 704 1153 757 Quem
1172 719 1274 750 non
1298 703 1363 749 ad
1382 700 1756 764 temperantiam

310 786 718 844 contemtumque
741 780 1054 843 voluptatum
1076 779 1245 828 incitet
1270 786 1319 826 et
1341 779 1617 826 inflammet
1653 777 1757 825 Sci-

310 855 390 918 pio
411 855 508 913 ille,
534 857 619 920 qui
653 858 770 904 dum
799 856 1085 904 Masinissae
1120 856 1526 920 intempestivum
1551 863 1602 903 et
1635 872 1758 919 prae-

312 931 515 995 cipitem
538 933 589 980 in
613 933 980 996 Sophonisbam
1019 950 1240 981 amorem
1278 933 1634 996 castigannon
1670 934 1759 980 du-

312 1011 452 1070 bitat,
480 1018 530 1058 et
557 1011 772 1072 juvenis,
797 1018 845 1058 et
868 1011 1046 1068 victor,
1072 1011 1301 1058 omnibus
1338 1010 1599 1074 triumphis
1623 1016 1759 1058 ante-

312 1090 434 1137 ferre
458 1090 755 1136 frenatarum
781 1087 1043 1135 libidinum
1070 1088 1258 1136 decus?

379 1166 532 1219 Quod
559 1165 599 1211 si
617 1182 647 1211 a
664 1164 793 1211 vitiis
818 1181 1020 1228 quoque
1045 1165 1371 1214 dehortantur
1391 1165 1557 1213 ‘aliena
1580 1181 1761 1229 oppro-

313 1244 432 1299 bria,
453 1242 711 1305 Tarquinii
738 1242 1023 1305 superbiam
1044 1248 1093 1289 et
1118 1244 1482 1299 crudelitatem,
1504 1243 1659 1306 Appii
1680 1243 1762 1289 de-

313 1319 513 1368 cemviri
539 1320 795 1367 libidinem
821 1327 869 1367 et
893 1321 1250 1383 impotentiam,
1280 1322 1457 1368 Manlii
1493 1320 1762 1384 Capitolini

312 1416 427 1463 spes
447 1397 738 1445 ambitiosas
759 1404 808 1445 et
829 1397 1068 1445 seditiosa
1093 1398 1316 1454 consilia,
1335 1398 1566 1445 Flaminii
1586 1398 1763 1445 Varro-

314 1478 490 1540 nisque
525 1476 851 1524 temeritatem
877 1475 935 1523 iis
960 1476 1212 1524 coloribus
1248 1476 1470 1539 depingit
1498 1475 1684 1532 Livius,
1708 1481 1763 1522 ut

315 1560 504 1602 tantam
542 1553 817 1601 foeditatem
841 1569 988 1601 nemo
1024 1570 1127 1601 non
1152 1553 1314 1601 laudis
1340 1554 1554 1617 cupidus
1592 1554 1764 1601 exhor-

315 1638 494 1680 rescat.
567 1631 650 1679 Sic
673 1648 789 1694 ergo
810 1648 872 1680 ex
897 1631 939 1692 ej
950 1649 1005 1678 us
1025 1648 1171 1695 opere
1191 1632 1271 1679 hic
1292 1632 1540 1695 colligitur
1557 1633 1761 1687 fructus,

314 1726 460 1772 quem
484 1709 590 1771 ipse
614 1725 675 1755 ex
694 1708 896 1755 historia
920 1708 1219 1756 uberrimum
1244 1709 1661 1772 utilissimumque
1686 1725 1765 1757 ca-

316 1787 367 1850 pi
386 1803 531 1850 posse
548 1786 857 1834 existimarit.
918 1786 1001 1834 Sic
1020 1789 1174 1834 omnis
1193 1788 1400 1851 emempli
1417 1787 1765 1834 documentum

316 1865 502 1912 illustri
512 1866 680 1930 posita
689 1874 989 1913 monumento
1002 1867 1180 1913 intueri
1196 1866 1358 1912 datur.
1397 1867 1519 1913 Inde
1541 1865 1634 1912 tibi
1649 1873 1764 1912 tuoe-

317 1958 405 2004 que
428 1941 705 2005 reipublicae
739 1943 868 2004 quod
890 1943 1079 1989 imitere
1112 1944 1309 2008 capias:
1346 1943 1455 1990 iude
1474 1942 1670 2004 soedum
1693 1943 1766 1989 in-

318 2018 673 2082 ceptu,foedum
696 2020 848 2074 avitu,
876 2021 1004 2082 quod
1024 2021 1159 2067 vite&

387 2095 623 2143 Fremant
655 2095 941 2159 philosophi
964 2097 1104 2144 licet:
1150 2099 1394 2145 audacter
1430 2097 1767 2161 profitebimur

321 2173 470 2221 animi
480 2173 635 2221 nostri
647 2174 959 2221 sententiam.
987 2174 1178 2222 Omnes
1189 2174 1386 2223 illorum
1398 2174 1765 2237 disputationes

321 2267 423 2298 una
456 2250 599 2298 nobis
626 2250 822 2298 videtur
857 2250 987 2297 Livii
1022 2251 1239 2307 historia,
1265 2252 1306 2299 si
1340 2252 1451 2315 quis
1486 2258 1536 2298 et
1571 2252 1768 2300 honesti

110 2335 310 2377 nesphiloso-
324 2344 490 2375 amore
510 2327 602 2375 sibi
622 2334 798 2389 pectus
815 2327 969 2375 imbui
989 2327 1117 2388 velit,
1135 2335 1182 2375 et
1202 2329 1387 2376 salubri
1404 2329 1625 2391 quodam
1644 2330 1767 2377 anti-

109 2377 449 2463 Effi'ssiiffnssssf'doto
467 2406 706 2452 adversus
727 2404 952 2452 vitiorum
971 2406 1207 2468 contagia
1225 2406 1418 2462 muniri,
1438 2405 1540 2452 sive
1559 2407 1769 2454 auctori-

325 2481 441 2529 tatis
456 2483 692 2545 pondere,
713 2482 815 2529 sive
830 2482 1056 2530 utilitatis
1074 2484 1294 2531 ubertate
1314 2499 1559 2546 superare.
1612 2483 1768 2537 Quid-

324 2557 447 2622 quid
483 2558 616 2620 apud
653 2558 764 2605 illos
800 2559 1059 2622 praeceptis
1096 2559 1379 2615 adstruitur,
1405 2560 1485 2606 hic
1522 2561 1767 2607 firmatum

324 2635 550 2683 videmus
576 2634 831 2697 exemplis.
904 2636 983 2683 Illi
1009 2652 1202 2683 cassam
1229 2653 1360 2699 saepe
1383 2645 1431 2684 et
1451 2653 1656 2684 vacuam
1683 2637 1769 2684 fin-

325 2720 449 2775 gunt
483 2712 647 2760 animo
684 2713 872 2761 virtutis
909 2712 1197 2776 imaginem:
1236 2713 1316 2761 hic
1341 2714 1449 2778 ipsa
1484 2730 1594 2763 sese
1619 2713 1767 2761 virtus
