1831 3194
464 105 497 142 L
511 104 528 141 Ι
543 103 583 140 Β.
614 100 737 139 XLV.
781 104 810 138 C
824 102 859 139 A
875 101 914 137 P.
946 100 1091 138 XLIV.
1408 105 1484 146 217

68 215 247 254 daretur.
310 213 466 254 Filium
497 219 708 268 postremo
730 209 1001 252 Nicomedem
1032 207 1194 251 senatui
1224 211 1484 253 commenda·
1501 223 1539 255 U.
1550 222 1586 255 C.
1601 223 1674 254 585.

68 271 142 312 vit.

67 343 167 368 vore
188 336 248 369 est
270 328 453 384 adjutus.
518 327 670 381 Itaque
691 334 841 375 cetera,
859 339 957 381 quae
978 325 1164 381 petebat,
1186 339 1401 365 concessa:
1434 325 1486 366 de

66 400 169 439 agro
199 400 441 442 responsum
463 392 540 432 est,
564 384 742 437 Legatos
767 384 824 423 ad
852 397 933 422 rem
964 383 1257 435 inspiciendam
1286 383 1486 424 missuros.

66 443 114 484 Si
133 457 233 495 ager
254 443 401 496 populi
426 442 601 482 Romani
613 442 787 494 fuisset,
808 454 878 480 nec
904 441 1088 494 cuiquam
1110 441 1229 481 datus
1259 445 1373 487 esset,
1396 441 1486 493 dig-

66 500 270 540 nissimum
293 514 337 539 eo
358 501 460 539 dono
483 499 674 539 Prusiam
695 497 901 538 habituros
922 512 1016 538 esse.
1075 499 1123 539 Si
1142 503 1273 537 autem
1296 497 1488 538 Antiochi

67 570 147 596 non
198 559 331 606 uisset,
362 572 404 596 eo
434 571 484 596 ne
506 556 654 609 populi
682 556 841 610 quidem
873 555 1052 596 Romani
1065 555 1230 609 fictum
1260 555 1485 608 adparere.-

65 620 152 665 aut,
173 615 211 655 si
230 614 355 655 datus
372 613 512 655 Gallis
532 620 645 665 esset,
667 615 871 668 ignoscere
892 613 1082 653 Prusiam
1104 613 1257 661 debere,
1275 613 1312 653 si
1327 626 1377 652 ex
1396 613 1487 652 nul-

66 672 147 712 lius
166 670 322 725 injuria
343 673 560 726 quidquam
582 673 620 712 ei
639 673 776 712 datum
799 672 916 712 vellet
928 671 1106 724 popalus
1127 671 1345 712 Romanus.
1379 668 1486 710 2’ῙΝεε

67 730 173 782 quod
199 730 316 770 detur
345 731 516 784 quidem,
534 735 699 783 gratum
729 743 809 770 esse
839 730 982 769 donum
1008 742 1137 780 posse,
1159 728 1267 781 quod
1295 741 1394 776 eum,
1416 728 1488 782 qui

65 787 146 835 det,
168 786 238 826 ubi
266 788 396 837 vellet,
419 786 646 828 ablaturum
678 801 758 828 esse
786 787 902 827 sciat.
964 786 1107 826 Facile
1126 785 1359 826 Nicomedis
1386 799 1487 825 com-

65 844 359 886 mendationem
380 846 576 897 accipere.
640 843 809 894 Quanta
831 858 928 884 cura
950 857 1084 898 regum
1102 844 1320 884 amicorum
1339 842 1486 886 liberos

64 906 227 942 tueatur
248 904 423 956 populus
443 903 662 950 Romanus,
685 903 913 942 documento
932 902 1195 942 Ptolemaeum
1216 900 1396 957 AEgypti
1424 914 1486 939 re-

61 973 152 1012 gem
173 973 266 1001 esse.
328 961 439 1000 Cum
466 959 544 1000 hoc
574 973 770 1015 responso
792 958 962 999 Prusias
991 965 1053 998 est
1075 957 1282 998 dimissus.
1342 956 1485 997 2ΒΜιι-

68 1030 168 1057 nera
191 1016 229 1057 ei
256 1018 371 1057 ex*¹¹¹
392 1016 589 1058 sestertiis
613 1016 734 1072 jussa
762 1015 869 1066 dari,
891 1023 933 1056 et
964 1029 1159 1055 vasorum
1190 1021 1484 1069 argenteorum

67 1071 102 1096 ²⁹
114 1072 255 1128 pondo
274 1073 595 1129 quinquaginta.
627 1081 668 1114 et
693 1072 778 1113 filio
808 1072 918 1127 regis
939 1070 1159 1112 Nicomedi
1179 1086 1231 1112 ex
1252 1085 1301 1111 ea
1321 1085 1485 1111 summa

67 1144 242 1171 munera
261 1130 352 1172 dari
381 1138 648 1181 censuerunt,
669 1145 722 1171 ex
743 1143 830 1185 qua
852 1128 1072 1185 Masgabae
1098 1127 1185 1168 filio
1215 1127 1325 1182 regis
1354 1127 1485 1168 Masi-

65 1187 187 1228 nissae
207 1186 307 1229 data
326 1195 484 1229 essent:
516 1194 558 1228 et
579 1195 627 1229 ut
644 1186 827 1229 victimae
847 1185 1026 1241 aliaque,
1044 1199 1140 1240 quae
1160 1184 1214 1226 ad
1235 1183 1483 1225 sacrificium

64 1244 336 1299 pertinerent,
359 1259 432 1286 seu
463 1245 628 1294 Romae,
649 1259 722 1285 seu
754 1245 968 1285 Praeneste
998 1241 1200 1284 inmolare
1229 1240 1369 1291 vellet,
1394 1241 1481 1296 regi

65 1315 118 1342 ex
153 1300 338 1357 publico,
367 1301 475 1344 sicut
502 1301 818 1357 magistratibus
850 1299 1066 1351 Romanis,
1093 1298 1408 1356 praeberentur:
1441 1305 1483 1340 et

67 1365 116 1400 ut
144 1373 196 1399 ex
223 1358 365 1410 classe,
387 1374 485 1415 quae
517 1358 731 1400 Brundisii
762 1366 883 1409 esset,
903 1372 1030 1398 naves
1064 1355 1201 1412 longae
1230 1355 1382 1411 viginti
1411 1354 1485 1395 ad-

66 1414 346 1470 signarentur,
368 1416 525 1472 quibus
554 1423 760 1466 uteretur,
781 1415 913 1457 donec
933 1413 1034 1455 ‘wad
1063 1413 1249 1462 classem,
1271 1412 1381 1452 dono
1410 1410 1483 1452 da„

66 1478 154 1512 tam
175 1472 228 1523 ei,
249 1487 322 1514 rex
351 1473 616 1529 pervenisset.
679 1473 730 1513 L.
756 1471 976 1513 Cornelius
998 1470 1138 1525 Scipio
1167 1485 1219 1510 ne
1248 1468 1302 1509 ab
1322 1484 1371 1509 eo
1391 1467 1483 1508 abs-

66 1527 246 1580 cederet,
272 1538 544 1586 sumtumque
573 1528 652 1585 ipsi
681 1536 723 1570 et
753 1527 976 1570 comitibus
1006 1526 1229 1583 praeberet,
1251 1524 1382 1566 donec
1410 1539 1483 1566 na-

32 1604 35 1607 ·
66 1599 161 1626 vem
189 1585 564 1628 3lconscendisset¹¹.
623 1585 778 1627 ³2Mire
812 1585 958 1627 laetum
994 1592 1036 1625 et
1069 1599 1119 1624 ea
1148 1581 1408 1638 benignitate
1438 1581 1482 1622 in

67 1657 110 1682 se
130 1643 276 1700 populi
292 1643 471 1685 Romani
492 1658 632 1699 regem
652 1643 795 1693 fuisse,
811 1642 979 1683 ferunt:
1010 1639 1225 1681 ³³munera
1244 1638 1322 1680 sibi
1342 1638 1482 1695 ipsum

67 1700 238 1748 emisse;
285 1700 419 1741 filium
460 1701 633 1757 jussisse
672 1699 830 1741 donum
875 1698 1023 1756 populi
1063 1696 1244 1738 Romani
1283 1695 1480 1751 accipere.

69 1757 178 1798 Haec
207 1757 259 1799 de
290 1757 441 1799 Prusia
468 1757 600 1799 nostri
635 1757 867 1814 scriptores.

205 270 417 319 Omnium,
449 270 520 325 qui
557 284 599 308 1n
632 267 883 308 Macedonia
914 266 1183 324 imperatores
1212 266 1396 318 fuerant,
1427 266 1677 309 fa„A.C.167.
1717 296 1719 299 .

926 1754 961 1780 ³4
975 1753 1194 1810 Polybius,
1216 1768 1312 1794 eum
1341 1767 1481 1808 regem
1495 1760 1611 1793 Prusiae
1626 1760 1671 1793 vi-

66 1813 288 1870 indignum
318 1814 533 1871 majestate
563 1814 740 1855 nominis
770 1813 891 1864 tanti,
920 1811 1074 1860 tradit3
1106 1811 1325 1867 pileatum,
1346 1809 1483 1866 capite
1494 1805 1575 1837 litas.

68 1885 176 1922 raso,
205 1870 239 1896 ⁵⁵
254 1872 419 1913 obviam
453 1873 514 1914 ire
548 1871 697 1927 legatis
729 1870 913 1921 solitum,
944 1869 1228 1924 libertumque
1259 1882 1301 1908 se
1334 1866 1482 1922 populi

70 1928 250 1970 Romani
269 1929 403 1978 ferre3
434 1937 476 1971 et
496 1929 592 1971 ideo
620 1929 801 1984 insignia
820 1927 977 1969 ordinis
996 1927 1088 1983 ejus
1116 1939 1271 1982 gerere.
1332 1925 1483 1965 Romae

111 2022 331 2054 masteriscum
358 2022 445 2064 ponit
471 2027 540 2065 post
567 2024 703 2054 sestertiis
732 2022 830 2054 Gron.
882 2022 968 2053 Nota
995 2021 1116 2052 lacunae
1146 2019 1233 2051 nulla
1260 2023 1306 2050 est
1333 2017 1366 2050 in
1392 2018 1484 2050 Crev.

68 2068 85 2087 ¹¹
99 2067 323 2097 conscendissent
338 2066 436 2097 Gron.

111 2151 153 2182 27
178 2150 224 2182 Ne
245 2153 319 2191 quod
337 2153 425 2182 detur
445 2151 575 2193 quidem]
600 2152 752 2187 Fortasse,
796 2152 828 2182 in
857 2161 901 2181 er.
945 2150 1013 2180 Nos
1040 2159 1110 2180 eam
1135 2147 1260 2179 omnino
1288 2157 1484 2190 suppressam

68 2193 169 2235 inquit
192 2195 347 2231 Muretus,
365 2197 442 2235 quoi,
458 2194 490 2225 id
512 2200 570 2230 est,
584 2195 646 2226 cui.
690 2195 753 2226 Sed
796 2192 1007 2224 maluerimus.

69 2237 208 2269 obsoleta
233 2248 308 2268 voce
331 2249 422 2269 usum
447 2248 515 2268 esse
543 2237 666 2268 Livium
691 2248 753 2268 non
839 2237 880 2267 33
905 2235 1034 2266 Munera
1060 2235 1113 2265 sibi
1133 2236 1227 2274 ipsum
1251 2233 1362 2274 emisse]
1401 2233 1484 2274 Lege

68 2279 159 2312 facile
170 2280 333 2312 credimus.
379 2281 581 2323 Reponamus
594 2282 654 2312 cui.
796 2290 867 2311 cum
885 2278 1042 2310 Gronovio
1056 2280 1193 2308 renuisse.

112 2324 154 2354 28
178 2324 308 2354 Munera
320 2326 348 2355 ei
368 2335 401 2355 ex
419 2326 555 2355 sestertiis
566 2326 652 2363 jussa
667 2323 751 2364 dari]
838 2323 880 2354 34
904 2322 1045 2362 Polybius
1067 2331 1133 2351 eum
1159 2319 1271 2361 regem]
1310 2318 1392 2349 Eum
1417 2317 1482 2349 vid.

69 2366 196 2398 Excidit
209 2377 353 2399 numerus
368 2367 584 2399 sestertiorum.
797 2366 908 2406 Legat.
922 2365 976 2396 97.

111 2410 154 2440 29
178 2410 278 2441 Ροηᾱο
291 2411 520 2452 quinquaginta]
544 2410 663 2441 Marcae
683 2419 753 2440 nos-

68 2456 164 2487 trates
177 2453 230 2485 78.
244 2453 336 2495 uncia
351 2454 380 2484 1.

112 2495 155 2526 30
176 2497 224 2527 Ad
245 2497 360 2528 classem
381 2498 454 2527 dono
474 2497 574 2526 datam
598 2495 640 2536 ei]
678 2494 752 2525 Dis-

68 2536 168 2569 cimus
189 2549 228 2571 ex
250 2539 308 2571 hoc
330 2540 408 2576 loco,
423 2539 450 2570 si
472 2538 564 2570 modo
586 2547 680 2569 sanus
695 2542 753 2575 est,

68 2579 177 2613 datam
191 2592 257 2614 esse
270 2592 288 2613 a
302 2582 454 2614 Romanis
466 2581 582 2613 Prusiae
597 2581 660 2622 regi
674 2580 752 2611 clas-

71 2631 149 2670 sem,
163 2634 202 2655 ex
223 2625 354 2657 navibus
374 2625 520 2657 nimirum
535 2626 647 2656 Perseo
666 2633 754 2666 erep-

69 2670 121 2697 tls.

114 2709 154 2740 31
187 2709 413 2752 conscendisset]
458 2711 583 2752 Nempe
618 2709 753 2741 Prusias.

73 2751 280 2784 Gronovianae
301 2753 450 2786 editiones
477 2753 595 2784 habent
622 2763 753 2783 conscen-

71 2796 189 2829 dissent,
204 2800 310 2827 contra
323 2795 429 2837 primae
443 2796 585 2828 editionis
599 2795 704 2828 fidem.

115 2839 157 2869 32
180 2838 260 2868 Mire
282 2839 381 2870 loetum
400 2846 427 2870 et
445 2850 479 2870 ea
500 2840 677 2880 benignitate
692 2861 701 2871 .
718 2861 726 2870 .
746 2862 753 2868 .

72 2881 184 2923 regem]
211 2880 375 2913 Manutius
399 2886 500 2914 mutat
522 2882 705 2923 particulam
727 2887 754 2915 et

839 2408 908 2439 35¹⁶
918 2408 1038 2438 Obviam
1055 2408 1099 2437 ire
1125 2405 1228 2447 legatis
1248 2403 1381 2444 solitum]
1405 2402 1484 2433 Haec

794 2450 1000 2493 intelligenda
1026 2454 1098 2480 sunt
1126 2448 1166 2479 de
1195 2446 1307 2489 legatis
1337 2446 1413 2477 olim
1440 2445 1482 2477 ad

796 2504 867 2525 eum
891 2493 1001 2529 missis,
1028 2503 1090 2523 non
1118 2491 1158 2523 de
1184 2501 1222 2522 eo
1255 2495 1394 2531 tempore
1420 2499 1483 2530 quo

795 2537 861 2579 ipse
875 2537 1012 2568 Romam
1030 2534 1125 2567 venit.
1170 2533 1248 2564 Ideo
1269 2532 1383 2563 dicitur
1403 2532 1481 2562 Pru-

795 2580 858 2611 sias
885 2581 985 2611 solitus
1012 2579 1135 2610 obviam
1166 2576 1200 2608 in
1229 2575 1359 2617 legatis:
1397 2573 1481 2615 quod

797 2622 882 2654 verbi
911 2622 1065 2665 quadrare
1100 2630 1161 2652 nou
1194 2624 1296 2662 potest
1323 2617 1357 2649 in
1383 2626 1481 2648 unum

797 2666 925 2708 aliquod
961 2665 1088 2700 factum,
1125 2662 1182 2694 sed
1215 2662 1306 2704 plura
1342 2659 1479 2707 denotat.

798 2709 831 2739 N
833 2719 869 2740 ec
884 2719 955 2740 vero
978 2707 1072 2749 legati
1096 2705 1137 2737 ad
1151 2705 1294 2737 Prusiam
1308 2706 1484 2747 venientem

798 2751 935 2783 Romam
962 2750 1047 2782 missi
1072 2754 1161 2785 sunt‚-
1181 2747 1237 2778 sed
1262 2747 1299 2777 L.
1322 2744 1484 2776 cornelius

797 2794 902 2838 Scipio
928 2799 1071 2837 quaestor,
1097 2797 1134 2824 ut
1160 2799 1253 2831 supra
1279 2791 1483 2819 memoratum

797 2843 855 2871 est.
