1805 3174
380 315 1174 390 PRAEFATIO

513 478 614 533 IN
670 481 1046 539 LIVIUM.

50 796 241 861 DUM
269 810 381 860 huic
418 828 557 862 novae
583 816 647 866 T.
671 817 799 866 Livii
824 820 1031 870 editioni
1067 825 1372 877 adornandae
1405 832 1493 879 da-

47 901 156 934 mus
180 902 399 951 operam,
424 893 656 954 quaedam
682 896 824 945 nobis
848 897 974 947 inter
1003 900 1272 964 legendum
1298 907 1490 957 subiere

46 971 276 1027 mentem,
293 968 368 1014 vel
390 969 452 1015 ad
471 969 667 1020 Livium
685 972 864 1037 ipsum,
885 979 962 1025 vel
983 980 1045 1026 ad
1068 981 1174 1041 ejus
1199 982 1489 1047 interpretes

44 1042 358 1103 pertinentia,
397 1062 507 1109 quae
542 1066 642 1098 non
678 1051 886 1115 ingrata,
925 1063 1012 1104 aut
1052 1059 1256 1108 omnino
1299 1062 1489 1112 inutilia

42 1116 293 1183 plerisque
317 1122 587 1185 legentium
614 1128 720 1175 fore
744 1132 1081 1194 sperabamus.
1151 1137 1251 1184 Sed
1274 1146 1325 1186 et
1347 1140 1379 1187 ii
1404 1144 1489 1207 qui

43 1201 159 1243 ante
191 1213 281 1246 nos
305 1198 355 1245 in
386 1201 560 1250 eadem
593 1205 824 1267 palaestra
855 1210 1011 1258 multa
1042 1229 1157 1262 cum
1189 1214 1340 1264 laude
1377 1235 1489 1267 sese

41 1288 304 1323 exercuere
320 1276 598 1328 doctissimi
620 1282 721 1340 viri,
748 1301 850 1333 non
869 1304 1029 1350 pauca
1048 1298 1363 1352 annotavere‚
1384 1297 1489 1359 qui-

41 1349 132 1398 bus
170 1350 451 1402 instructior
484 1357 802 1424 paratiorque
838 1363 903 1410 ad
929 1363 1126 1414 Livium
1158 1368 1313 1417 lector
1345 1388 1485 1420 acce-

41 1428 194 1476 deret.
257 1430 384 1479 Haec
404 1433 586 1491 omnia,
604 1435 708 1483 sive
723 1445 912 1498 nostra,
933 1440 1036 1489 sive
1055 1444 1117 1491 ab
1132 1445 1241 1493 aliis
1261 1455 1487 1498 mutuata

40 1504 137 1553 huc
172 1507 390 1556 conferre
416 1508 575 1558 visum
610 1519 700 1560 est.
771 1514 940 1565 Primo
978 1519 1042 1566 de
1071 1519 1244 1581 Livio;
1286 1530 1390 1572 tum
1424 1528 1487 1575 de

37 1583 144 1644 ejus
161 1584 433 1633 editoribus
458 1592 507 1634 et
523 1587 900 1654 interpretibus3
938 1595 1154 1662 denique
1179 1600 1244 1647 de
1272 1601 1483 1652 instituti

38 1661 199 1709 nostri
223 1662 415 1712 ratione
441 1681 663 1728 agemus,

405 1878 689 1934 CAPUT
737 1882 1109 1943 PRIMUM.

568 2012 667 2054 DE
713 2014 949 2062 LIVIO.

35 2121 160 2188 DE
195 2136 322 2186 Livii
359 2139 459 2188 vita
485 2142 683 2203 juvaret
724 2146 1104 2211 aliquammulta
1145 2154 1399 2215 disserere,
1439 2159 1638 2212 simum.

33 2229 145 2276 quae
168 2214 246 2262 via
271 2217 335 2263 ad
362 2234 471 2266 eam
498 2223 776 2271 accuratius
802 2231 1215 2289 cognoscendam
1234 2233 1477 2298 inquiren-
1494 2224 1641 2297 EL'VJRT‘*

35 2296 110 2337 tes
135 2291 298 2340 ferret.
369 2294 568 2346 Natura
594 2300 722 2348 enim
759 2319 933 2353 omnes
957 2307 1183 2370 cupimus
1208 2311 1321 2360 illos
1347 2314 1477 2362 cele-

35 2367 226 2417 berrimi
251 2373 466 2422 nominis
492 2375 638 2435 viros,
665 2395 876 2442 quorum
902 2384 1087 2448 scripta
1112 2389 1340 2438 manibus
1365 2392 1478 2440 teri·
1625 2412 1645 2429 0

33 2462 159 2502 mus,
186 2449 384 2511 penitus
417 2468 745 2515 pernoscere3
792 2464 857 2515 et,
885 2460 1185 2523 quibuscum
1221 2467 1475 2517 scribenti-

31 2523 127 2571 bus
165 2526 324 2575 amice
359 2529 763 2599 familiariterque
799 2537 1147 2602 colloquimur,
1182 2543 1241 2591 iis
1277 2562 1475 2609 quoque

31 2602 209 2650 adesse
246 2605 546 2657 domesticas
572 2628 644 2658 res
673 2612 925 2673 civilesve‚
954 2618 1166 2681 privatas
1192 2623 1475 2684 publicasve

30 2680 331 2738 gerentibus.
400 2688 499 2734 Sed
527 2689 772 2754 plerisque
806 2694 1100 2757 scriptorum
1130 2699 1224 2745 hoc
1249 2699 1474 2761 contigit,

30 2751 98 2816 ut,
125 2757 243 2805 dum
269 2768 540 2814 ceterorum
568 2768 701 2816 dicta
727 2771 962 2835 factaque
987 2791 1168 2836 magna
1190 2792 1307 2822 cura
1333 2777 1471 2825 colli-

92 2847 184 2875 voL.
208 2850 264 2877 1v.
783 2848 834 2887 *A
