1816 3159
295 104 338 150 vi
780 103 1243 152 PRAEFATIO.

296 248 387 299 est,
414 259 504 291 nec
530 243 634 290 sine
669 242 873 290 circuitu
900 242 1154 290 verborum
1182 240 1320 289 vitari
1344 240 1589 289 interdum
1620 246 1727 305 pot-

299 325 418 366 erat.

87 397 248 470 ffisfpito·
366 395 718 457 Epitomarum,
743 411 852 457 quae
876 393 1081 456 singulis
1106 393 1241 441 libris
1265 395 1597 457 praefiguntur,
1615 410 1730 440 auc-

299 479 378 523 tor
409 472 677 532 ignoratur.
750 470 846 517 Eas
871 470 1003 518 enim
1040 479 1124 517 aut
1148 469 1286 517 Livio
1321 470 1432 533 ipsi,
1461 476 1543 517 aut
1579 471 1637 518 L.
1661 469 1732 517 illi

301 548 467 602 Floro,
494 547 635 606 cujus
673 554 869 593 exstant
903 563 1065 594 rerum
1105 547 1437 594 Romanarum
1476 546 1585 594 libri
1618 563 1734 609 qua-

301 632 426 682 tuor,
451 621 666 669 adscribi
689 638 787 669 non
806 623 986 685 patitur
1011 622 1179 685 dispar
1197 623 1258 669 ab
1285 630 1494 686 utroque
1513 622 1626 684 styli
1654 638 1736 669 co-

303 700 390 745 lor.
460 697 699 760 Quisquis
717 697 800 745 ille
817 698 973 755 fuerit,
994 714 1141 762 quem
1159 714 1308 745 nosse
1326 699 1458 745 haud
1478 715 1598 745 sane
1614 697 1736 745 mul-

302 782 406 822 tum
425 774 644 835 interest,
670 775 776 835 ejus
802 781 933 822 certe
952 774 1207 835 breviaria,
1232 781 1467 837 tanquam
1491 774 1737 837 exanguia

303 852 535 915 quaedam
571 859 619 897 et
641 851 808 898 leviter
844 851 1136 898 adumbrata
1170 849 1483 913 pulcherrimi
1520 849 1738 913 corporis

305 927 583 988 simulacra,
605 943 709 974 non
745 925 877 973 omni
901 943 1101 989 prorsus
1127 943 1243 974 cura
1276 925 1480 988 indigna
1503 932 1644 983 suntg
1680 941 1738 972 eo

306 1002 510 1067 quidem
535 1003 707 1065 magis,
731 1002 866 1066 quod
893 1018 1062 1050 eorum
1089 1002 1255 1066 aliqua
1278 1008 1352 1049 est
1381 1001 1445 1048 ad
1469 1001 1737 1057 historiam,

306 1078 391 1126 ubi
415 1078 584 1126 Livius
610 1079 793 1133 deficit,
818 1077 1164 1125 illustrandam
1188 1077 1386 1125 utilitas.

374 1154 545 1217 Atque
567 1154 674 1201 haec
701 1159 831 1208 sunt,
857 1170 966 1216 quae
992 1153 1095 1199 sive
1119 1154 1182 1200 ad
1210 1152 1335 1199 Livii
1360 1151 1526 1207 vitam,
1547 1151 1650 1199 sive
1676 1152 1740 1199 ad

308 1230 415 1291 ejus
452 1229 614 1292 operis
650 1230 876 1284 formam,
903 1228 1298 1291 descriptionem,
1326 1245 1567 1292 casusque
1603 1228 1743 1291 perti-

309 1305 494 1359 nentia,
519 1321 621 1352 non
643 1306 867 1367 ignorare
894 1320 1054 1366 operae
1079 1304 1285 1366 pretium
1310 1304 1388 1351 sit.

96 1401 194 1475 ἓως.
210 1399 275 1430 111.
376 1381 489 1428 Jam
527 1382 590 1428 de
613 1382 721 1443 ipso
754 1396 899 1442 opere
934 1396 1155 1442 agamus,
1180 1386 1231 1427 et
1266 1381 1371 1441 ejus
1396 1378 1597 1426 virtutes
1632 1396 1743 1442 quae

133 1456 151 1474 E
167 1453 287 1474 OPERIS

101 1488 243 1516 Lfflffl
319 1466 435 1504 sunt
456 1456 662 1512 eximiae,
687 1462 791 1503 tum
828 1455 977 1503 etiam
1003 1456 1134 1511 vitia,
1160 1455 1200 1503 si
1225 1473 1323 1520 qua
1356 1455 1548 1510 fuerint,
1573 1455 1640 1502 ita
1664 1471 1746 1503 ex-

98 1539 257 1559 vmw‘
317 1533 612 1595 pendamus,
638 1537 693 1578 ut
723 1539 770 1578 et
792 1531 911 1595 quid
948 1530 1206 1578 clarissimi
1231 1531 1480 1595 scriptoris
1515 1532 1674 1586 famae,
1698 1537 1746 1577 et

103 1583 163 1602 ΕΗΒ
180 1582 219 1602 ΕΤ
234 1581 283 1600 VI-

96 1626 176 1645 T11S-
317 1610 432 1674 quid
461 1609 651 1658 veritati
674 1610 927 1666 debeatur,
954 1609 1136 1672 pariter
1158 1609 1535 1658 meminerimus.

31 1683 35 1688 ’
100 1706 243 1778 L§.1.E
381 1688 460 1736 Ac
485 1687 643 1751 primo
680 1686 886 1751 quidem
910 1686 1244 1750 eloquentiam
1279 1687 1399 1734 tanti
1423 1687 1509 1734 viri
1544 1686 1747 1733 laudare

130 1759 193 1778 IVll'
247 1758 303 1779 LO·

100 1802 260 1824 summ.
317 1780 633 1827 supervacuae
669 1779 828 1825 operae
854 1762 934 1810 sit.
1006 1764 1168 1816 Quem
1203 1763 1329 1810 enim
1357 1779 1457 1810 non
1494 1762 1658 1809 statim
1681 1762 1749 1808 le-

314 1847 509 1903 gentem
534 1839 686 1886 allicit
709 1839 994 1886 inaffectata
1016 1839 1102 1886 illa
1124 1838 1356 1886 narrandi
1372 1838 1676 1900 jucunditas,
1701 1843 1749 1884 et

314 1915 550 1978 limpidus
585 1914 730 1969 nitor,
762 1914 846 1978 qui
880 1921 928 1962 et
963 1913 1174 1961 claritati
1210 1914 1404 1970 serviat,
1440 1931 1532 1962 nec
1567 1919 1748 1969 careat,

314 1992 397 2039 ubi
433 2007 559 2053 opus
597 1998 686 2046 est,
711 1991 900 2048 nervis3
935 2007 1038 2038 non
1073 1991 1240 2054 inepto
1278 1990 1481 2038 tumidae
1516 1989 1750 2038 orationis

315 2069 446 2115 fastu
473 2066 692 2122 inflatus,
718 2067 809 2113 sed
845 2066 991 2113 simul
1016 2066 1354 2129 simplicitatis,
1381 2067 1525 2114 simul
1561 2065 1751 2114 mundi-

316 2143 492 2190 tiarum
517 2158 733 2200 memor3
771 2142 854 2205 qui
878 2142 1106 2206 aequabili
1125 2142 1259 2189 velut
1285 2142 1366 2189 filo
1388 2143 1648 2197 deductus,
1672 2157 1749 2188 res

318 2226 482 2282 gestas
505 2218 574 2266 ita
596 2219 804 2266 naturali
829 2219 1050 2282 quodam
1081 2218 1252 2266 ordine
1278 2218 1490 2282 explicet
1513 2217 1749 2281 paulatim

319 2302 368 2343 et
403 2295 603 2358 aperiat,
635 2294 705 2342 ita
740 2295 970 2342 exhibeat
1000 2295 1166 2342 omnia
1199 2294 1321 2343 locis
1357 2294 1751 2358 temporibusque

323 2371 570 2426 distincta,
594 2371 666 2418 ita
700 2387 816 2418 suos
843 2371 1012 2418 allinat
1045 2371 1192 2418 rebus
1217 2379 1265 2418 et
1288 2370 1512 2434 personis
1544 2370 1750 2426 colores,

323 2453 379 2492 ut
401 2462 566 2493 coram
603 2446 681 2507 agi
706 2445 953 2509 cernique,
974 2463 1078 2494 non
1113 2446 1322 2495 describi
1344 2462 1421 2493 res
1457 2444 1752 2508 auribusque

327 2521 487 2584 accipi
511 2521 794 2569 videantur?
831 2522 966 2576 Quid
1004 2523 1166 2570 dicere
1191 2538 1313 2584 opus
1349 2528 1423 2568 est
1447 2521 1511 2567 de
1546 2520 1753 2586 incredi-

326 2598 412 2646 bili
432 2597 516 2645 illa
539 2597 835 2644 concionum
871 2598 978 2658 ejus
1003 2604 1052 2645 et
1073 2597 1353 2644 orationum
1376 2595 1677 2661 eloquentia,
1701 2596 1753 2644 in

329 2675 507 2738 quibus
524 2673 732 2721 eximius
751 2673 958 2735 scriptor
970 2673 1155 2720 nullam
1175 2689 1277 2720 non
1296 2672 1534 2735 expressit
1549 2671 1752 2720 dicendi

330 2750 562 2800 laudem?
620 2749 677 2798 In
701 2749 758 2797 iis
796 2748 1072 2804 sententiae,
1097 2755 1198 2797 tum
1226 2748 1479 2811 gravitate,
1504 2754 1604 2796 tum
1641 2763 1754 2794 acu-
