1826 3149
240 80 317 115 280

248 189 349 217 AEnea
362 187 393 216 in
411 184 569 224 Capitolio
592 182 715 220 limina,
731 183 795 212 vid.
812 181 939 219 Capito-

294 232 380 259 lium.

247 276 347 303 AEnea
362 273 449 308 signa
461 273 611 305 Deorum,
627 270 690 300 vicl.
706 269 846 306 Signum.

248 318 337 346 AEnei
370 317 472 351 orbes,
501 314 594 353 positi
627 313 660 341 in
692 312 803 341 sacello
832 308 938 344 Sanci,

293 365 324 396 8,
344 365 396 389 20.

246 405 352 433 AEneoe
369 406 477 442 portus
493 401 530 429 ad
546 403 688 428 montem
705 398 803 429 Atho,
822 400 874 426 45,
888 399 939 423 30.

248 451 378 479 AEneas.
395 445 541 475 Anchisae
558 446 589 471 et
601 441 730 470 Veneris
748 440 843 475 filius,
864 443 892 474 1,
911 442 939 466 1.

290 491 440 529 profugus
458 488 543 516 venit
566 486 597 514 in
615 483 844 515 Macedoniam,
862 481 939 511 Sici-

292 534 378 568 liam,
396 536 428 561 et
444 531 578 565 Italiam,
596 529 650 557 ubi
675 527 840 556 Lavinium
864 535 940 554 con-

290 577 349 612 dit,
365 577 438 603 111111.
455 578 491 602 ut
514 572 635 601 animos
651 570 860 608 Aboriginum
878 568 937 597 sibi

290 619 483 652 conciliaret,
509 616 639 645 Latinos
668 618 833 651 utramque
864 621 939 651 gen·

288 666 351 692 tem
369 661 517 699 appellat,
534 663 562 687 2.
579 658 646 695 ejus
662 667 758 692 mors,
777 655 849 685 ibid.

248 708 278 735 R·
290 716 362 735 neas
380 704 509 738 Silvius,
527 711 579 731 rex
593 701 704 730 tertius
721 700 822 732 Albae,
844 703 872 735 1,
889 702 919 727 3.

244 750 349 785 AEnei,
365 748 426 776 vid.
444 747 554 775 AEnus.

247 792 463 822 ffinesidemus
487 790 649 827 Dymaeus,
668 786 833 826 praefectus
860 793 937 823 prae-

289 835 357 864 sidii
376 835 562 863 Achaeorum
579 832 758 870 Argispss2,
775 833 825 858 25.

244 880 351 913 AEnia,
367 878 430 907 v'd.
451 880 477 903 ἐκ
490 886 563 905 neae.

243 923 414 951 AEniauum
433 920 533 953 sinus,
552 922 606 953 28,
625 922 654 946 5.

246 966 360 1001 AEnus,
391 964 540 1002 oppidum
573 960 727 995 Thraciae,
759 957 937 997 proditione

289 1009 412 1046 capitur
445 1016 463 1035 a
489 1005 646 1044 Philippo,
674 1007 729 1039 31,
762 1005 811 1031 16.
856 1001 937 1028 AEno

289 1051 468 1091 praesidium
499 1047 649 1078 Antiochi
680 1046 856 1075 deducitur.
883 1047 939 1078 37,

291 1099 342 1124 60.
376 1092 595 1123 controversiae
626 1100 695 1119 cum
727 1089 870 1125 Philippo
902 1087 939 1115 de

290 1137 361 1166 AEni
401 1136 608 1174 possessione,
642 1137 697 1168 39,
735 1136 784 1160 24.
811 1136 861 1161 27.
886 1134 937 1158 28.

291 1181 405 1208 AEnum
423 1180 479 1208 sibi
499 1179 578 1217 petit
596 1176 737 1211 Attalus,
754 1179 808 1211 45,
826 1178 876 1202 20.

248 1224 351 1255 AEnei,
369 1227 424 1259 31,
443 1227 495 1252 31.
540 1220 636 1254 AEffii,
659 1224 712 1252 37,
737 1222 788 1247 33.
813 1221 869 1253 38,
887 1219 939 1244 41.

290 1271 345 1302 45,
361 1270 412 1296 07.

248 1308 363 1345 AEohs,
382 1313 437 1346 33,
462 1313 513 1338 38.
539 1310 593 1343 37,
619 1309 646 1334 s.
668 1308 719 1334 10.
737 1307 786 1332 18.
812 1306 863 1331 25.
886 1304 940 1330 35.

290 1358 346 1388 38,
367 1355 415 1381 16.

248 1396 377 1434 AEpulo,
398 1396 548 1424 Istrorum
573 1392 711 1426 regulus,
729 1399 767 1418 ne
783 1389 872 1417 vivus
889 1396 940 1416 ca-

291 1439 396 1477 piatur
419 1448 437 1467 a
457 1436 624 1471 Romanis,
643 1437 750 1473 pectus
773 1433 854 1461 ferro
877 1436 940 1469 tras

286 1482 371 1519 jicit,
388 1486 443 1518 41,
464 1484 511 1508 15.

247 1526 354 1564 AEqui,
369 1525 432 1553 sive
451 1521 635 1560 AEquicolae,
654 1529 729 1555 gens
745 1519 887 1556 antiqua,
910 1521 938 1549 1,

289 1573 344 1598 32.
359 1568 398 1597 ab
422 1565 592 1604 AEquicolis
613 1564 679 1601 jus,
697 1572 758 1601 quo
783 1570 830 1590 res
852 1570 937 1598 repe-

289 1615 415 1643 tuntur.
446 1611 554 1639 Ancus
590 1608 728 1636 Marcius
766 1604 942 1642 descripsit,

290 1656 362 1684 ibid.
388 1654 536 1684 Latinum
568 1660 676 1689 agrum
707 1649 874 1682 invadunt,
906 1650 937 1681 2,

288 1702 340 1727 30.
366 1698 550 1732 vincuntur,
568 1698 620 1723 31.
646 1692 757 1722 seditio
780 1689 938 1733 intergE-

289 1750 368 1779 quos
391 1745 423 1770 et
439 1740 584 1774 Volscos,
609 1740 640 1766 et
663 1741 752 1765 atrox
777 1734 937 1772 proelium,

288 1788 343 1813 40.
390 1784 549 1812 Romanos
573 1781 656 1810 bello
673 1784 797 1817 petunt,
814 1781 864 1806 43.
882 1785 935 1813 op-

287 1830 434 1866 pugnant
457 1827 623 1859 Ortonam,
648 1823 722 1852 ibid.
739 1824 854 1850 vexant
878 1820 938 1847 La-

288 1871 374 1900 tinos
399 1868 641 1901 incursionibus,
659 1871 711 1900 48,
729 1870 779 1895 53.
798 1869 849 1894 58.
867 1863 936 1892 vin-

290 1918 418 1949 cuntur,
437 1916 487 1941 60.

333 1957 413 1985 bello
438 1955 540 1994 petiti,
557 1962 575 1981 a
597 1953 637 1984 Q.
656 1952 786 1981 Servilio
803 1950 936 1979 vincun-

288 2003 353 2035 tur,
376 2004 410 2034 3,
435 2004 464 2027 2.
489 1996 719 2036 depopulantur
741 2003 848 2033 agrum
874 1995 936 2023 Ro-

289 2052 429 2075 manum,
453 2045 485 2070 et
507 2041 682 2075 caeduntur,
704 2044 734 2068 3.
758 2038 937 2066 obsidentes

288 2087 419 2115 Furium
450 2084 610 2114 consulem
641 2082 673 2110 in
705 2080 827 2116 castris,
854 2090 872 2109 a
898 2081 936 2110 Τ.

290 2129 426 2161 Quintio
443 2129 620 2162 caeduntur,
639 2129 669 2154 5.
700 2125 797 2162 AEqui
813 2127 844 2152 ct
860 2124 936 2152 Vol-

289 2173 332 2201 sci
359 2173 462 2201 denuo
488 2170 695 2199 Hernicorum
721 2171 752 2197 et
778 2168 936 2197 Romano-

288 2225 354 2244 rum
380 2224 471 2253 agros
495 2213 736 2252 depopulantur,
756 2214 784 2240 6.
802 2211 934 2239 vincun-

287 2262 340 2287 tur
362 2267 380 2287 11.
398 2258 542 2287 Lucretio
566 2256 704 2289 consule,
724 2259 752 2284 8.
772 2254 934 2289 rebellant,

291 2306 340 2331 10.
363 2311 461 2330 arcem
493 2300 705 2329 Tusculanam
738 2298 880 2336 capiunt,
903 2302 935 2326 et

288 2346 464 2380 caeduntur,
483 2349 535 2373 23.
560 2352 664 2380 pacem
689 2344 813 2378 petunt,
830 2343 861 2369 et
877 2341 934 2369 im-

286 2392 426 2426 petrant,
452 2392 502 2415 24.
530 2387 632 2415 denuo
656 2385 769 2414 bellum
795 2388 934 2419 movent,

288 2435 337 2460 25.
370 2431 515 2459 obsident
557 2428 731 2458 Minucium
774 2428 933 2456 consulem

286 2475 318 2503 in
337 2473 457 2508 castris,
475 2475 527 2501 26.
543 2473 688 2500 adversus
710 2479 761 2498 eos
778 2470 810 2498 L.
831 2470 933 2501 Quin-

285 2517 350 2546 tius
386 2516 592 2544 Cincinnatus
630 2515 765 2542 (110111101-
804 2513 930 2546 dicitur,

285 2560 358 2589 ibid.
382 2558 669 2592 circumvallantur,
685 2559 717 2584 et
740 2556 797 2584 sub
816 2556 930 2593 jugum

286 2603 473 2633 mittuntur,
492 2606 541 2630 28.
557 2600 660 2628 denuo
676 2600 834 2627 Romanos
853 2599 933 2628 110110

286 2646 454 2678 lacessunt,
471 2649 524 2673 30.
541 2644 723 2677 vincuntur,
739 2646 792 2671 31.
816 2642 930 2670 bellum

286 2690 477 2724 instaurant,
502 2691 553 2716 38.
583 2686 722 2714 fundunt
752 2685 930 2714 Romanum

285 2732 468 2766 exercitum,
484 2735 535 2759 42.
553 2739 571 2759 a
582 2729 705 2758 Valerio
722 2728 849 2756 consule
863 2727 930 2756 vin-

286 2778 413 2810 cuntur,
432 2777 483 2803 60.
500 2777 551 2802 61.
570 2773 682 2802 iterum
701 2771 850 2800 Romanis
866 2770 931 2799 bel-

285 2818 348 2847 lum
367 2818 520 2852 inferunt,
537 2818 588 2845 66.
607 2816 787 2849 vincuntur,
806 2817 856 2845 70.

326 2869 447 2890 rursum
478 2859 661 2890 rebellantes
689 2859 872 2894 vincuntur,
898 2860 931 2892 4,

700 71 876 109 INDEX
904 70 962 106 IN
993 68 1039 107 T.
1069 66 1206 104 LIVII

1022 181 1072 207 26.
1099 180 1127 206 et
1144 187 1224 216 seqq.
1251 176 1419 215 impetrant
1451 175 1592 205 inducias
1611 184 1666 203 an·

1025 231 1135 251 norum
1160 225 1243 256 0010,
1259 225 1311 249 30.
1357 219 1452 257 AEqui
1470 224 1499 248 et
1518 218 1664 247 Lavicani

1023 265 1237 294 Tusculanum
1280 272 1387 301 agrum
1426 261 1666 300 depopulantur,

1025 312 1075 337 45.
1102 308 1286 342 vincuntur,
1315 311 1365 336 47.
1394 306 1548 334 coloniam
1572 304 1667 333 Volas

1025 351 1198 385 deducunt,
1217 351 1269 379 sed
1292 350 1468 384 caeduntur,
1487 353 1540 380 49.
1557 354 1668 386 parant

1024 394 1151 430 bellum,
1175 398 1224 422 53.
1249 394 1380 432 capiunt
1406 401 1507 421 arcem
1532 392 1667 420 Carven-

1023 441 1139 470 tanam,
1157 439 1207 465 55.

1066 482 1250 518 oppugnant
1303 479 1447 513 Lavicos,
1493 478 1665 507 Romanam

1022 524 1191 558 coloniam,
1219 526 1249 556 5,
1277 525 1325 550 16.
1371 521 1521 550 Romanis
1553 521 1668 549 bellum

1023 567 1176 602 inferunt,
1204 569 1235 594 et
1258 565 1440 598 vincuntur,
1466 568 1515 593 28.
1540 564 1670 602 capiunt

1022 610 1182 639 Vitelliam
1206 609 1375 645 coloniam,
1400 612 1432 637 et
1455 617 1577 637 rursum
1602 608 1670 636 vin-

1022 657 1152 689 cuntur,
1169 657 1219 683 29.
1236 656 1288 680 31.

1065 697 1179 725 110110111
1210 696 1396 730 moliuntur,
1424 697 1456 729 6,
1483 699 1511 723 2.
1544 704 1671 732 pervas-

1018 744 1140 775 tantur,
1156 744 1187 768 4.
1218 739 1374 768 undenam
1400 738 1492 767 toties
1508 737 1598 766 victis
1616 738 1670 766 ΙΕ-

1020 785 1087 822 quis
1104 788 1135 812 et
1148 782 1270 812 Volscis
1287 781 1464 810 suffecerint
1479 780 1606 817 milites,
1622 785 1670 809 12.

1064 827 1177 855 iterum
1200 825 1292 864 petiti
1316 825 1410 860 bello,
1433 825 1581 853 deserunt
1604 834 1670 854 cas-

1022 873 1082 906 tra,
1106 874 1137 899 et
1164 879 1258 907 prope
1282 868 1319 897 ad
1347 868 1590 897 internecionem
1618 868 1670 896 de-

1024 914 1137 945 lemur.
1156 917 1186 946 9,
1204 916 1254 941 45.

1067 957 1280 994 redintegrant
1293 954 1419 987 bellurn,
1433 956 1464 982 et
1480 953 1670 993 subiguntur

1023 1010 1041 1029 a
1059 1001 1093 1028 C.
1110 1000 1208 1028 sunio
1224 999 1390 1033 dictatore,
1412 1001 1463 1033 10,
1485 1001 1512 1027 1.

982 1044 1214 1081 AEquicolarum
1231 1050 1316 1081 ager,
1337 1044 1365 1073 1,
1382 1044 1434 1069 32.
1457 1044 1505 1078 10,
1528 1044 1575 1070 13.

982 1087 1227 1124 AEquimaeliurn,
1243 1091 1275 1118 4,
1295 1085 1344 1113 16.
1361 1087 1416 1119 38,
1433 1088 1485 1113 28.

980 1130 1196 1167 AEquimaelius
1212 1129 1310 1161 vicus,
1330 1131 1384 1162 24,
1401 1131 1454 1158 47.

981 1173 1218 1210 AEquinoctium
1242 1170 1437 1205 autumnale,
1455 1174 1510 1203 31,
1527 1173 1579 1201 47.
1616 1170 1667 1198 AE-

1024 1216 1218 1254 quinoctium
1237 1223 1380 1250 vernum,
1393 1218 1446 1246 33,
1463 1218 1495 1243 3.
1510 1217 1566 1248 37,
1582 1217 1611 1243 9.

981 1260 1150 1295 AErarium,
1168 1263 1202 1295 4,
1219 1262 1272 1287 22.
1291 1267 1326 1286 ex
1350 1266 1387 1285 eo
1410 1257 1500 1295 signa
1522 1256 1671 1285 militaria

1024 1307 1225 1340 promuntur,
1252 1301 1326 1330 ibid.
1353 1305 1382 1328 et
1410 1305 1440 1331 7.
1469 1304 1518 1328 23.
1547 1301 1671 1338 captiva.

1024 1347 1156 1384 pecunia
1182 1345 1214 1373 in
1243 1344 1384 1373 aerarium
1412 1344 1511 1379 illata,
1541 1346 1590 1377 10,
1618 1347 1672 1373 46.

1023 1390 1117 1418 ctiam
1148 1388 1281 1427 pecunia
1311 1396 1347 1415 ex
1374 1386 1508 1415 venditis
1539 1387 1670 1424 captivis

1024 1433 1160 1468 redacta,
1187 1436 1219 1466 7,
1246 1436 1296 1462 27.
1316 1434 1366 1463 10,
1390 1432 1441 1458 46.
1467 1434 1521 1466 24,
1543 1433 1593 1459 18.
1617 1432 1672 1466 26,

1022 1479 1074 1505 36.
1121 1475 1275 1504 AErarium
1299 1473 1449 1505 sanctius,
1468 1477 1522 1509 27,
1544 1476 1595 1502 10.
1618 1483 1669 1512 pe-

1022 1519 1145 1548 cuniam
1169 1528 1205 1547 ex
1228 1517 1336 1547 aerario
1353 1516 1432 1545 clam
1449 1519 1580 1555 egerunt
1598 1517 1671 1546 scri-

1024 1563 1069 1591 bae
1086 1563 1282 1599 viatoresque
1297 1560 1432 1595 aediliffi,
1447 1563 1503 1595 30,
1520 1564 1574 1590 39.

983 1605 1091 1634 AErarii
1118 1606 1192 1634 facti
1220 1614 1237 1634 a
1264 1603 1457 1639 censoribus,
1481 1607 1512 1636 4,
1537 1606 1589 1632 24.
1615 1607 1669 1639 24,

1027 1653 1143 1685 18.29‚
1160 1653 1211 1679 37.
1229 1652 1284 1684 44,
1308 1649 1355 1676 16.

978 1691 1125 1730 AEropus,
1142 1695 1254 1730 praetor
1269 1691 1485 1729 Epirotarum,
1504 1693 1557 1725 29,
1579 1692 1626 1717 12.

980 1735 1126 1773 AEropns,
1144 1744 1248 1770 mons,
1266 1738 1321 1771 32,
1338 1737 1366 1761 5.

977 1778 1031 1807 AEs
1048 1787 1156 1816 grave,
1171 1782 1205 1814 4,
1222 1782 1274 1806 41.
1291 1780 1320 1806 et
1337 1779 1391 1805 60.
1408 1779 1462 1811 22,
1477 1779 1530 1804 33.
1546 1780 1601 1809 32,
1616 1777 1667 1803 26.

978 1821 1032 1850 AEs
1060 1822 1197 1850 alienum
1226 1821 1333 1849 Romae
1364 1818 1547 1854 maximum,
1575 1821 1669 1855 atque

1019 1865 1092 1894 inde
1114 1865 1225 1898 turbae,
1251 1868 1282 1900 2,
1305 1867 1357 1892 23.
1381 1871 1416 1891 ac
1442 1866 1600 1899 postremo
1623 1870 1671 1889 se-

1021 1908 1118 1937 cessio
1135 1908 1233 1946 plebis
1250 1908 1282 1936 in
1300 1907 1428 1936 Sacrum
1445 1908 1598 1940 montem,
1613 1908 1666 1933 33.

1020 1951 1087 1980 aeris
1127 1951 1220 1980 alieni
1260 1958 1374 1987 magna
1403 1949 1449 1977 vis
1488 1948 1669 1977 aedificando

1021 1998 1194 2025 contracta,
1226 1997 1258 2029 6,
1290 1998 1340 2024 27.
1379 1992 1454 2021 hinc
1483 1992 1606 2021 occasio
1636 1995 1669 2020 et

1021 2038 1151 2067 materia
1172 2037 1292 2066 Manlio
1314 2036 1491 2074 Capitolino
1515 2044 1669 2064 novorum

1021 2082 1234 2114 consiliorum,
1268 2079 1342 2108 ibid.
1374 2082 1401 2107 et
1433 2089 1514 2117 seqq.
1545 2077 1669 2106 miseria

1020 2124 1119 2163 plebis
1149 2134 1207 2153 aere
1236 2125 1337 2152 alieno
1364 2122 1522 2157 demersae,
1550 2125 1602 2150 34.
1631 2122 1668 2149 de

1021 2177 1079 2197 aere
1095 2168 1197 2196 alieno
1219 2168 1278 2199 lex,
1296 2169 1328 2197 6.
1344 2169 1395 2194 35.
1414 2168 1467 2194 36.
1483 2165 1551 2193 aeris
1572 2164 1665 2193 alieni

1019 2220 1128 2240 caussa
1157 2208 1354 2249 quinqueviri
1385 2208 1531 2237 mensarii
1560 2216 1667 2236 crean-

1019 2258 1083 2290 tur,
1117 2259 1148 2287 7,
1179 2258 1231 2283 21.
1264 2253 1330 2290 ejus
1366 2251 1556 2281 dissolvendi
1588 2251 1668 2279 ratio

1019 2297 1111 2333 inita,
1128 2302 1181 2328 27.

976 2342 1052 2370 AEra
1081 2340 1234 2369 militibus
1266 2338 1451 2371 constituta,
1480 2341 1512 2372 4,
1538 2340 1589 2367 59.
1613 2339 1666 2366 60.

1019 2384 1190 2422 equitibus,
1207 2386 1239 2418 5,
1259 2386 1288 2412 7.

975 2427 1153 2464 AEsculapio
1170 2425 1355 2464 supplicatio
1372 2423 1491 2454 habita,
1512 2426 1564 2457 10,
1582 2425 1633 2452 47.

975 2470 1172 2508 AEsculapius
1204 2470 1242 2497 ab
1270 2468 1428 2506 Epidauro
1454 2466 1587 2494 Romam
1615 2474 1663 2493 ar-

1019 2514 1164 2548 cessitur,
1181 2517 1233 2543 29,
1254 2514 1302 2539 11.
1344 2508 1620 2546 Carthaginienses
1633 2508 1665 2536 in

1017 2557 1082 2585 aede
1105 2556 1172 2592 ejus
1197 2557 1341 2583 senatum
1365 2552 1442 2581 dant
1465 2551 1575 2587 legatis
1592 2551 1666 2580 Per-

1018 2600 1074 2634 sei,
1096 2603 1150 2633 41,
1174 2602 1224 2627 27.
1253 2596 1280 2624 ei
1307 2596 1390 2624 dona
1416 2598 1582 2628 voventur,
1611 2597 1666 2630 40,

1017 2647 1068 2672 37.
1086 2639 1153 2678 ejus
1170 2641 1276 2669 fanum
1293 2638 1409 2667 tabulis
1426 2637 1518 2676 pictis
1537 2648 1572 2666 ex
1589 2647 1666 2675 prae-

1016 2685 1055 2713 da
1082 2686 1261 2713 exornatur.
1286 2686 1342 2716 43,
1367 2685 1397 2711 6.
1419 2681 1570 2718 templum
1597 2681 1664 2717 ejus

1015 2725 1326 2766 Epidaurium‚d0nis
1338 2725 1536 2763 opulentum,
1550 2727 1664 2758 45,28.

974 2770 1126 2803 AEsernia‚
1150 2769 1284 2803 colonia,
1309 2768 1340 2796 in
1364 2768 1423 2796 fide
1444 2771 1539 2804 atque
1562 2766 1663 2796 officio

1015 2823 1088 2851 erga
1103 2813 1254 2852 populum
1271 2812 1449 2841 Romanum
1474 2812 1592 2846 manet,
1609 2813 1662 2843 27,

1021 2861 1067 2884 10.
