1816 3159
270 79 353 128 viii
779 73 1254 125 PRAEFATIO.

56 233 244 283 Defenditur
274 225 426 275 cetur,
443 221 517 264 tot
537 231 591 264 se
614 212 835 279 patronis
859 212 1074 262 tuebitur
1098 214 1280 270 Livius,
1298 217 1421 276 quot
1443 212 1542 260 fere
1566 212 1702 275 apud

56 278 231 362 {iivssiiifx'
273 296 477 344 Graecos
492 290 862 355 Latinosquein
878 290 1082 339 historia
1099 291 1311 339 maxime
1325 289 1705 352 claruerescrip-
1811 311 1816 351 ᾗ

271 380 416 428 tores,
447 369 727 425 Herodoto,
753 368 1072 430 Thucydide,
1091 369 1440 432 Xenophonte,
1470 365 1702 429 Polybio,
1814 414 1816 444 Ι

272 447 520 503 Sallustio,
556 444 753 501 Tacito,
784 444 977 494 Curtio.
1049 444 1350 508 Dionysium
1387 443 1706 491 Halicarnas-
1814 445 1816 506 ξ

271 525 409 574 seum
445 522 635 579 omitt0‚
659 522 792 586 apud
829 539 976 586 quem
1001 538 1100 570 non
1123 522 1366 571 immerito
1402 523 1612 570 fortasse
1635 537 1706 568 re-

271 599 513 666 prehendi
547 597 705 662 possit
736 598 888 646 nimia
922 598 1201 647 orationum
1226 600 1497 662 prolixitas,
1522 615 1634 663 quae
1660 605 1709 646 et

269 677 444 739 fatigat
487 675 740 736 lectorem,
782 681 832 722 et
870 675 1111 736 ingratam
1156 675 1403 724 interdum
1442 675 1710 724 narrationi

269 767 459 802 moram
483 752 658 815 injicit.
728 752 830 801 Sed
850 759 1122 801 ceterorum
1141 769 1267 818 quos
1285 753 1440 801 modo
1458 752 1710 801 nominavi

268 831 444 879 eadem
471 847 582 895 quae
607 829 736 878 Livii
755 847 910 878 causa
933 838 1022 879 est.
1094 831 1247 895 Apud
1269 847 1439 879 omnes
1458 836 1507 878 et
1529 830 1709 878 crebrae

270 908 517 957 orationes
539 908 865 971 reperiuntur,
893 916 956 965 et,
983 909 1023 957 si
1046 909 1249 973 quando
1275 925 1400 973 opus
1424 907 1581 965 fuerit,
1600 908 1709 956 lon-

269 985 527 1049 giusculae,
556 993 605 1033 et
629 986 859 1036 omnibus
886 986 1087 1035 dicendi
1111 987 1390 1043 virtutibus,
1418 984 1553 1033 omni
1573 986 1710 1033 cultu

270 1063 523 1127 expolitae,
552 1064 592 1112 si
617 1070 787 1112 tamen
814 1063 1121 1127 Polybianas
1146 1063 1385 1128 excipias,
1405 1080 1514 1128 quae
1539 1062 1708 1111 tinctae

269 1157 421 1188 sensu
464 1141 789 1205 comptiorem
836 1149 1062 1190 ornatum
1108 1142 1388 1205 neglexere.
1460 1139 1708 1190 Omnibus

268 1215 416 1279 igitur
439 1224 523 1265 aut
546 1217 654 1265 laus
690 1217 950 1266 tribuenda
985 1225 1075 1275 est,
1103 1226 1188 1266 aut
1213 1218 1356 1266 venia
1392 1219 1709 1281 deneganda.

270 1293 469 1342 Durum
505 1310 624 1342 sane
658 1294 709 1342 in
732 1300 810 1342 tot
845 1301 947 1342 tam
971 1296 1186 1343 illustres
1222 1312 1332 1344 reos
1355 1312 1552 1360 gravem
1587 1297 1712 1344 ferre

270 1371 583 1428 sententiam,
603 1378 653 1419 et
676 1371 728 1420 in
753 1388 935 1436 magna
957 1373 1043 1421 illa
1065 1373 1280 1430 nomina,
1303 1391 1413 1437 quae
1438 1373 1599 1421 omnis
1623 1389 1713 1436 per

270 1453 346 1496 tot
367 1455 498 1496 retro
524 1449 697 1498 secula
720 1449 896 1498 mirata
918 1460 993 1498 est
1012 1457 1246 1508 vetustas,
1268 1468 1380 1515 quae
1404 1450 1489 1516 qui
1506 1465 1712 1514 carpere

272 1523 616 1581 ausit,facilius
634 1526 725 1575 sibi
741 1543 888 1590 quam
906 1526 1004 1574 illis
1023 1528 1508 1584 noceat,censorium
1527 1527 1712 1591 stylum

273 1618 487 1650 exerere.

340 1679 403 1727 Et
435 1679 655 1743 quidem,
684 1679 725 1727 si
759 1695 836 1728 res
872 1681 983 1745 ipsa
1015 1682 1323 1745 inspiciatur,
1350 1681 1471 1746 quid
1508 1682 1712 1730 tandem

273 1755 527 1820 deliquere
561 1756 741 1805 summi
777 1759 1065 1822 scriptores,
1092 1760 1211 1808 dum
1248 1767 1424 1824 praeter
1456 1775 1564 1807 eam
1599 1777 1711 1824 quae

274 1833 559 1892 debebatur,
579 1836 936 1885 narrandarum
953 1838 1194 1898 jucunde,
1220 1837 1441 1900 graviter,
1462 1836 1712 1897 distincte,

274 1911 593 1976 dilucideque
627 1929 788 1961 rerum
813 1913 1136 1978 voluptatem,
1163 1915 1311 1963 etiam
1340 1915 1543 1962 alteram
1569 1913 1710 1962 inde-

273 1986 425 2035 bitam
450 1988 593 2037 nobis
619 2006 681 2036 ex
699 1989 1102 2039 luculentissimis
1127 1992 1432 2040 orationibus
1450 1993 1711 2055 paravere?

61 2070 169 2103 Fidem
184 2069 247 2102 his·
276 2062 442 2121 Fides,
462 2064 701 2130 inquiunt,
729 2066 946 2116 historiae
967 2069 1192 2125 violatur,
1215 2070 1332 2116 dum
1360 2085 1418 2116 ea
1440 2069 1583 2117 nobis
1607 2076 1713 2117 tan-

64 2114 150 2146 toriffl
166 2123 227 2144 non

64 2156 250 2205 laedunt-Li·
276 2157 429 2205 quam
465 2142 602 2191 dicta
637 2144 982 2203 obtruduntur,
1008 2163 1117 2211 quae
1152 2154 1317 2194 tamen
1352 2163 1605 2210 nunquam
1640 2164 1713 2194 re-

63 2205 231 2274 {sssf'm‘m‘
277 2235 392 2266 vera
415 2219 550 2268 dicta
580 2228 712 2268 sunt.
785 2223 941 2277 Quasi
966 2240 1081 2271 vero
1107 2223 1336 2287 cuiquam
1372 2223 1608 2271 innocens
1631 2223 1712 2271 ille

277 2296 426 2345 dolus
448 2297 688 2362 imponat,
715 2306 800 2348 aut
824 2301 1095 2363 periculum
1129 2301 1207 2358 sit,
1231 2317 1294 2349 ne
1316 2301 1425 2364 quis
1450 2301 1560 2348 illas
1585 2299 1711 2347 Livii

278 2379 378 2420 tam
397 2374 656 2438 diligenter
674 2378 970 2435 elaboratas,
995 2386 1096 2427 tarn
1121 2396 1287 2427 severe
1307 2378 1585 2440 castigataS‚
1604 2384 1710 2425 tan-

276 2448 339 2497 tis
384 2452 643 2500 verborum
689 2456 1142 2520 sententiarumque
1187 2455 1438 2504 munditiis
1484 2454 1710 2502 excultas

279 2527 529 2576 orationes
569 2530 631 2577 ab
670 2531 878 2580 horridis
915 2533 1010 2580 illis
1048 2532 1312 2596 primorum
1357 2531 1488 2578 urbis
1537 2531 1711 2579 Romae

277 2611 554 2668 temporum
579 2607 848 2655 aratoribus
873 2625 980 2656 esse
1005 2608 1266 2656 existimet.

344 2681 514 2730 Unum
557 2682 768 2746 excipio.
840 2683 891 2731 Si
933 2683 1155 2747 scriptori
1200 2683 1339 2731 licuit
1379 2698 1546 2730 eorum
1582 2699 1709 2746 quos

278 2758 502 2807 dicentes
540 2760 655 2808 facit
689 2761 865 2808 referre
902 2762 1066 2821 verba,
1094 2768 1143 2809 et
1179 2760 1443 2820 orationes,
1476 2759 1710 2824 quemad-
