1826 3149
334 105 384 148 76
861 105 1007 144 T1T1
1054 104 1227 143 LIVII

226 229 301 261 581.
332 215 484 259 cretius
519 223 676 272 praetor
705 214 759 256 ab
800 214 978 271 Neapoli
1020 215 1247 271 profectus,
1289 222 1486 272 superato
1529 215 1651 267 freto,
1681 215 1754 258 die

205 297 213 305 ·
228 274 299 305 17¹·
333 273 482 330 quinto
501 273 544 314 in
567 271 878 328 Cephalleniam
910 271 1148 314 transmisit.
1211 271 1277 313 Ibi
1303 272 1419 315 stetit
1451 272 1604 324 classis,
1626 273 1749 315 simul

332 330 565 387 opperiens,
587 338 636 371 ut
669 337 883 370 terrestres
915 328 1045 384 copiae
1077 328 1381 385 trajicerentur,
1415 329 1552 380 simul,
1574 338 1624 372 ut
1655 345 1750 372 one-

332 388 466 439 rariae,
497 402 548 428 ex
583 385 748 442 agmine
789 400 865 427 suo
905 400 980 441 per
1020 384 1153 427 altum
1195 385 1422 443 dissipatae,
1453 402 1750 443 consequeren-

333 449 417 487 turi

119 520 257 552 Licinius
391 501 570 542 XLIX.
604 500 685 540 Per
719 498 795 540 hos
826 498 935 540 forte
966 498 1054 540 dies
1087 500 1134 540 P.
1154 498 1342 542 Licinius
1372 500 1531 551 consul,
1564 500 1673 542 votis
1706 500 1751 543 in

120 565 193 613 (ξος.
209 564 297 612 profi·
335 558 542 615 Capitolio
563 555 829 612 nuncupatis,
845 555 1073 611 paludatus
1093 556 1146 597 ab
1162 557 1265 597 urbe
1286 557 1499 613 profectus
1514 566 1588 599 est.
1637 558 1751 599 Sem-

117 614 242 680 ‘ffcmg
258 618 288 637 ¹¹¹
332 631 406 672 per
437 614 607 671 quidem
629 628 677 654 ea
696 628 761 654 res
781 628 877 653 cum
909 628 1060 668 magna
1091 613 1296 669 (lignitate
1329 629 1376 655 ac
1396 615 1613 670 majestate
1644 614 1751 669 geri-

118 661 212 725 niffie.
236 661 269 681 θ’
332 681 425 714 tur:
458 670 668 728 praecipue
700 678 839 711 tamen
871 670 1075 711 convertit
1102 670 1244 711 oculos
1263 670 1519 727 animosque,
1542 686 1674 727 quum
1695 671 1751 713 ad

331 743 529 785 magnum
562 727 841 782 nobilemque,
863 735 937 768 aut
962 726 1119 768 virtute
1139 735 1213 768 aut
1245 727 1430 779 fortuna,
1452 728 1628 778 hostem,
1651 743 1751 769 eun-

330 795 413 827 tem
446 784 657 826 consulem
689 791 1014 839 prosequuntur.
1078 783 1300 826 Contrahit
1332 784 1441 825 enim
1473 800 1556 825 non
1587 783 1750 827 ⁵⁶officii

327 842 453 883 modo
472 857 586 892 cura,
609 841 682 881 sed
702 840 826 881 etiam
860 839 1047 880 studium
1069 840 1307 896 spectaculi,
1329 850 1378 883 ut
1399 841 1567 882 videant
1600 841 1750 884 ducem

330 914 468 949 suum,
505 899 627 955 cujus
666 896 841 952 imperio
881 896 1133 952 consilioque
1165 896 1199 923 ⁵⁷
1211 912 1414 939 summam
1450 898 1750 954 rempublicam

329 956 530 997 tuendam
552 954 843 1011 permiserunt.
906 953 1029 994 Subit
1054 953 1203 994 deinde
1225 954 1421 1009 cogitatio
1453 955 1652 1005 animum,
1675 955 1748 1011 qui

326 1013 425 1054 belli
457 1027 590 1062 casus,
624 1025 752 1067 quam
785 1010 967 1050 incertus
999 1010 1182 1052 fortunae
1215 1020 1403 1061 eventus,
1436 1011 1750 1068 communisque

328 1071 448 1110 Mars
479 1069 577 1110 belli
614 1068 689 1109 sit:
734 1066 922 1117 adversa,
945 1067 1140 1118 secunda,
1162 1082 1343 1124 quaeque
1378 1067 1540 1109 inscitia
1560 1076 1602 1110 et
1623 1077 1750 1110 teme-

326 1126 449 1168 ritate
472 1126 629 1167 ducum
649 1124 786 1165 clades
808 1138 918 1179 saepe
945 1123 1195 1173 acciderint;
1228 1139 1325 1180 quae
1346 1133 1491 1166 contra
1509 1125 1620 1166 bona
1649 1140 1750 1181 pru-

325 1183 469 1224 dentia
503 1191 544 1224 et
579 1182 714 1223 virtus
749 1179 962 1221 adtulerit.
1025 1181 1159 1231 Quem
1192 1181 1294 1222 scire
1329 1181 1582 1232 mortalium,
1612 1182 1750 1224 utrius

326 1240 490 1290 mentis,
512 1238 650 1281 utrius
681 1237 864 1278 fortunae
885 1237 1096 1278 consulem
1117 1238 1170 1279 ad
1190 1238 1348 1280 bellum
1369 1238 1570 1280 mittant?
1601 1238 1748 1280 trium-

323 1297 576 1353 phantemne
611 1310 708 1336 mox
744 1309 840 1335 cum
875 1294 1061 1335 exercitu
1097 1294 1252 1336 victore
1285 1295 1550 1337 scandentem
1579 1295 1748 1352 Capito-

324 1353 425 1394 lium
459 1353 513 1394 ad
545 1352 710 1393 eosdem
746 1351 874 1401 Deos,
911 1366 936 1391 a
967 1350 1122 1406 quibus
1156 1352 1457 1407 proficiscatur,
1493 1351 1650 1401 visuri3
1694 1368 1749 1395 an

323 1410 514 1451 hostibus
549 1423 639 1450 eam
674 1407 893 1464 praebituri
926 1407 1114 1449 laetitiam
1146 1408 1259 1449 sint?
1320 1408 1436 1449 Persi
1468 1416 1608 1450 autem
1642 1409 1747 1465 regi,

323 1467 523 1508 adversus
558 1479 685 1521 quem
717 1464 873 1515 ibatur,
905 1463 1060 1505 famam
1092 1472 1134 1506 et
1168 1464 1278 1506 bello
1312 1465 1423 1506 clara
1463 1465 1746 1507 Macedonum

323 1539 441 1580 gens,
463 1532 505 1565 et
527 1522 750 1578 Philippus
770 1529 903 1577 pater,
925 1521 1034 1562 inter
1053 1521 1188 1563 multa
1206 1537 1402 1578 prospere
1422 1530 1541 1578 gesta
1556 1523 1748 1564 Romano

323 1581 447 1622 etiam
471 1579 717 1621 nobilitatus
748 1577 873 1627 bello,
894 1578 1139 1633 praebebat3
1172 1586 1263 1620 tum
1296 1579 1426 1635 ipsius
1454 1579 1595 1620 Persei
1626 1594 1748 1621 num-

324 1652 468 1701 quam,
499 1651 550 1677 ex
580 1650 667 1691 quo
696 1649 872 1691 regnum
914 1634 1153 1690 accepisset,
1184 1634 1365 1677 desitum
1394 1635 1493 1677 belli
1535 1644 1748 1692 exspecta·

324 1702 437 1735 tlone
488 1691 686 1734 celebrari
732 1705 893 1732 nomen.
934 1706 1030 1732 cum
1069 1691 1134 1732 his
1186 1691 1508 1748 cogitationibus
1559 1692 1746 1735 omnium

324 1750 519 1791 ordinum
555 1748 742 1790 homines
782 1747 1109 1803 proficiscentem
1149 1748 1359 1790 consulem
1391 1749 1601 1804 prosecuti
1634 1757 1744 1792 sunt.

326 1808 427 1848 Duo
459 1806 694 1848 consulares
727 1804 885 1846 tribuni
908 1804 1089 1846 militum
1109 1820 1205 1846 cum
1226 1821 1274 1846 eo
1309 1805 1436 1855 missi,
1460 1807 1508 1846 C.
1525 1805 1745 1857 Claudius,

327 1866 376 1914 Q.
396 1863 594 1910 Mucius;
641 1870 682 1903 et
715 1870 799 1903 tres
830 1861 1026 1903 inlustres
1052 1862 1243 1917 juvenes,
1271 1863 1318 1902 P.
1338 1862 1562 1913 Lentulus,
1584 1871 1626 1904 et
1659 1862 1746 1905 duo

327 1920 477 1961 Manlii
518 1919 700 1960 Acidini.
737 1918 841 1960 alter
879 1918 913 1942 ⁵8
928 1919 990 1958 M.
1016 1918 1181 1969 Manlii,
1214 1919 1319 1960 alter
1360 1919 1411 1960 L.
1442 1919 1592 1960 Manlii
1634 1919 1746 1962 filius

325 1986 426 2019 erat.
489 1978 598 2018 Cum
618 1975 668 2016 iis
688 1975 831 2016 consul
854 1975 1126 2016 Brundisium
1146 1976 1200 2017 ad
1216 1975 1460 2026 exercitum,
1482 1984 1611 2032 atque
1631 1976 1743 2027 inde,

325 2050 421 2075 cum
454 2033 647 2074 omnibus
666 2032 795 2088 copiis
815 2040 1090 2084 transvectus,
1112 2032 1165 2074 ad
1199 2033 1486 2089 Nymphaeum
1506 2033 1548 2074 in
1570 2033 1745 2089 Apollo-

325 2091 427 2132 niati
449 2106 550 2146 agro
569 2089 710 2146 posuit
729 2098 874 2131 castra.

110 2166 240 2196 Perseus
383 2148 433 2188 L.
454 2148 616 2188 Paucos
636 2155 731 2188 ante
763 2146 851 2188 dies
884 2147 1076 2197 Perseus,
1098 2154 1322 2202 postquam
1353 2146 1495 2203 legati,
1517 2147 1571 2188 ab
1605 2147 1743 2188 Roma

108 2209 271 2239 consilium
321 2204 510 2261 regressi,
550 2203 826 2260 praeciderant
867 2218 981 2259 spem
1021 2204 1148 2259 pacis,
1189 2203 1404 2245 consilium
1439 2203 1599 2245 habuit.
1673 2203 1744 2244 Ibi

110 2250 214 2282 habet.
322 2261 622 2317 ⁵⁹aliquamdiu
657 2259 831 2301 diversis
861 2260 1074 2302 sententiis
1104 2268 1309 2302 certatum
1339 2268 1412 2301 est.
1473 2261 1624 2310 Erant,
1652 2259 1746 2316 qui-

324 2319 403 2359 bus
439 2318 504 2358 vel
538 2317 792 2373 stipendium
825 2317 1108 2372 pendendum,
1146 2317 1177 2358 si
1213 2317 1518 2373 injungeretur,
1551 2317 1618 2358 vel
1652 2316 1742 2373 agri

323 2383 442 2431 parte
463 2374 711 2423 cedendum,
734 2373 1034 2420 si‘multarent;
1069 2373 1278 2429 quidquid
1294 2373 1473 2429 denique
1493 2373 1609 2414 aliud
1628 2373 1742 2429 pacis

323 2446 468 2472 caussa
507 2430 752 2486 patiendum
795 2438 916 2479 esset,
952 2445 1034 2470 non
1079 2430 1354 2471 recusandum
1396 2429 1624 2479 videretur,
1666 2445 1742 2470 nec

322 2487 682 2537 committendum,
705 2494 754 2528 ut
785 2486 828 2526 in
860 2486 990 2528 aleam
1013 2486 1118 2528 tanti
1153 2502 1272 2528 casus
1305 2502 1347 2527 se
1378 2501 1639 2542 regnumque
1670 2486 1743 2527 da-

363 2612 405 2643 56
429 2610 541 2652 Qfficii]
566 2609 701 2641 Privati:
726 2612 788 2639 *ut
802 2608 915 2650 cuique
937 2620 1008 2640 cum
1095 2611 1135 2641 58
1161 2610 1208 2640 M.
1221 2610 1347 2651 Manlii]
1365 2608 1464 2650 Atqui
1478 2620 1582 2651 supra,
1597 2608 1619 2640 l.
1634 2609 1694 2641 VI.
1711 2620 1741 2641 c.

320 2666 357 2685 eo
371 2655 423 2695 qui
447 2653 649 2696 proficiscitur
662 2652 807 2695 privatim
823 2658 876 2682 aut
899 2652 1007 2683 amici-
1051 2653 1103 2682 20.
1134 2652 1316 2684 memoravit
1343 2651 1450 2683 Livius
1478 2651 1579 2692 gentis
1607 2652 1738 2683 Manliae

318 2697 376 2735 tia,
400 2703 454 2727 aut
488 2696 642 2738 cognatio,
666 2701 720 2726 aut
742 2695 804 2726 alia
825 2695 932 2736 aliqua
954 2705 1008 2726 ne·
1050 2695 1175 2726 decreto
1199 2701 1325 2726 cautum
1354 2705 1433 2731 esse,
1460 2705 1500 2725 ne
1528 2694 1598 2736 quis
1626 2695 1739 2726 deinde

319 2740 474 2771 cessitudo
489 2745 545 2771 est.
1051 2738 1098 2769 M.
1109 2739 1242 2769 Manlius
1264 2743 1437 2769 vocaretur.
1483 2738 1596 2779 Itaque
1620 2737 1670 2769 hic
1694 2737 1740 2768 vi-

371 2784 410 2813 57
448 2783 595 2813 Summam
621 2780 842 2821 rempublicam]
874 2781 915 2811 Et
943 2779 1006 2816 hic,
1050 2780 1127 2810 tium
1143 2781 1235 2811 estin
1250 2779 1450 2822 praenomine.

319 2826 581 2865 quemadmodum
609 2835 713 2867 supra,
743 2835 771 2855 c.
795 2825 848 2855 33.
877 2823 1005 2855 inversae
1105 2824 1146 2854 59
1184 2824 1374 2864 Aliquamdiu
1402 2823 1536 2863 diversis]
1573 2823 1625 2855 Sic
1653 2828 1737 2854 recte

321 2873 407 2898 erant
422 2868 518 2899 literae
537 2869 573 2899 P.
588 2869 625 2899 R.
643 2879 697 2910 pro
713 2868 751 2898 R.
767 2868 805 2898 P.
1049 2865 1192 2906 Sigonius
1207 2877 1260 2908 pro
1274 2867 1402 2907 aliquam
1415 2868 1543 2898 diversis.
