1816 3159
267 61 341 98 cxii
742 62 776 96 J.
807 59 892 97 FR.
923 59 1242 98 GRONOVII

262 169 451 211 Antonio
492 170 707 225 Campano
756 170 1089 219 Interamniensi,
1131 169 1364 225 Episcopis.
1446 170 1560 218 Quos
1609 169 1712 210 bene

260 242 426 281 gnaros,
447 235 653 282 quantum
683 227 899 267 interesset
929 226 982 266 ad
1006 225 1191 267 historiae
1221 225 1346 266 fidem
1376 234 1417 267 et
1447 234 1711 281 apparatum,

260 283 315 324 ad
336 291 572 338 temporum
602 283 809 332 notitiam,
831 282 886 322 ad
906 283 1062 338 linguae
1094 283 1259 324 Latinae
1280 282 1497 338 omnisque
1518 283 1713 339 eloquen-

258 340 329 381 tiae
350 340 526 382 nitorem
548 348 588 381 et
610 340 786 395 copiam,
808 339 862 379 ad
889 339 1155 395 prudentiam
1177 355 1223 380 ac
1244 340 1382 381 civilia
1402 348 1443 381 et
1465 354 1612 389 mores,
1634 339 1712 380 hoc

253 413 377 453 opus,
409 397 481 438 sed
510 407 637 452 quam
672 396 1033 451 purgatissimum,
1066 397 1110 437 in
1144 397 1336 438 manibus
1372 396 1532 446 haberi,
1569 397 1712 437 ambos

253 454 400 495 eodem
421 463 607 509 tempore
629 453 801 508 quidam
832 454 963 495 movit
986 468 1097 494 sacer
1126 454 1362 503 instinctus,
1384 462 1425 494 et
1446 453 1611 494 incessit
1642 469 1712 495 cu-

252 511 355 565 pido
376 520 461 552 tam
493 510 639 550 utilem
667 525 836 565 operam
868 510 990 551 simul
1014 510 1162 552 studiis
1192 510 1433 566 praestandi,
1456 518 1497 551 et
1526 511 1712 566 personis

252 583 299 608 ac
337 567 615 623 dignitatibus
652 568 736 607 suis
772 567 825 607 ad
860 575 1047 623 posteros
1087 568 1414 608 commendandi.
1477 568 1711 623 Occupavit

252 632 408 674 tamen,
431 624 473 664 ni
494 623 631 673 fallor,
654 623 849 664 Andreas
880 624 958 665 sub
982 624 1115 665 Paulo
1139 624 1331 665 Secundo
1362 624 1564 665 Pontifice
1587 626 1712 665 Max-

252 680 351 729 imo,
374 680 580 731 manibus,
604 695 655 721 ex
677 695 725 721 ea
745 681 926 731 natione,
949 697 1045 737 quae
1067 681 1269 722 librorum
1291 682 1403 738 typis
1424 689 1464 722 et
1485 681 1625 737 praelis
1641 681 1711 722 de-

253 737 568 778 scribendorum
598 737 780 779 nobilem
811 746 851 779 et
884 737 1198 779 saluberrimam
1228 738 1387 780 invenit
1423 746 1568 788 artem,
1603 740 1711 779 Con-

252 794 342 835 radi
388 793 649 835 Sweinheimi
691 803 732 836 et
772 794 953 835 Arnoldi
995 795 1194 836 Panartii.
1256 796 1356 835 Duo
1396 795 1486 850 ejus
1519 795 1710 836 editionis

251 866 377 906 penes
413 866 479 891 me
510 860 608 892 sunt
644 851 849 908 exempla,
881 851 1059 893 alterum
1095 852 1204 893 dono
1242 853 1364 908 Casp.
1402 852 1606 901 Gevartii,
1642 853 1710 894 cui

251 907 367 950 deest
403 907 518 949 frons
554 916 595 949 et
629 908 788 949 bellum
823 909 1030 950 Punicum
1065 909 1313 957 secundum3
1366 908 1543 950 alterum
1585 909 1708 951 Bern.

252 964 550 1015 Rottendorfii,
573 965 689 1021 quod
710 965 835 1007 titulo
864 965 1020 1022 pariter
1040 974 1081 1007 et
1104 965 1314 1022 Epitomis
1335 981 1470 1022 usque
1491 965 1545 1006 ad
1567 980 1708 1007 xxvn.

250 1030 374 1063 caret.
436 1023 589 1063 Annus
619 1022 837 1078 appositus
866 1038 949 1063 non
979 1031 1057 1064 est:
1091 1023 1163 1064 sed
1192 1036 1455 1064 MCCCCLxxl.
1477 1037 1567 1063 eam
1597 1031 1711 1064 ante-

250 1078 421 1130 ¹vertisse
451 1087 700 1135 argumento
732 1087 808 1129 est,
831 1079 947 1135 quod
976 1080 1054 1120 hoc
1085 1095 1193 1121 anno
1226 1080 1399 1130 Paulus,
1431 1079 1499 1121 cui
1529 1079 1708 1131 dicatur,

249 1135 547 1177 mortalitatem
580 1135 776 1192 explevit.
838 1138 882 1175 A
913 1136 1142 1177 Vendelino
1177 1136 1263 1189 (hic
1294 1146 1370 1187 est,
1403 1145 1524 1194 putO,
1557 1137 1632 1193 qui
1668 1152 1710 1179 se

252 1192 574 1233 Sweinheimum
596 1192 638 1232 in
659 1192 769 1233 calce
786 1192 1008 1233 voluminis
1024 1193 1224 1250 appellat:
1258 1202 1306 1235 ut
1329 1194 1460 1235 solent
1484 1193 1582 1235 Itali
1606 1194 1712 1235 Ger-

248 1249 409 1290 manica
430 1249 636 1290 vocabula
664 1249 890 1304 invertere)
920 1265 971 1290 ex
994 1250 1195 1291 Victorini
1228 1251 1454 1292 Feltrensis
1483 1250 1709 1306 exemplari

249 1306 456 1347 redditam
487 1305 615 1346 fuisse
645 1321 753 1346 anno
784 1319 1027 1347 MCCCCLxx.
1058 1315 1237 1348 testatur
1268 1308 1514 1348 Franciscus
1545 1308 1710 1349 Robor-

249 1363 373 1403 tellus
391 1363 433 1403 in
458 1363 760 1404 Convenientia
782 1363 971 1404 Livianae
989 1363 1300 1420 supputationis
1320 1379 1416 1405 cum
1433 1364 1710 1406 marmoribus

250 1419 514 1475 Capitolinis,
545 1428 586 1460 et
616 1419 658 1459 in
690 1420 1081 1462 Emendationibus.
1143 1421 1273 1462 Hunc
1307 1421 1415 1462 enim
1448 1420 1710 1463 Victorinum

251 1477 510 1517 Feltrensem
541 1476 745 1532 praefatur
776 1477 1018 1528 Aleriensis,
1050 1477 1279 1535 principem
1310 1478 1495 1519 omnium
1530 1478 1708 1531 Patavii,

255 1542 296 1574 et
318 1549 415 1574 mox
438 1533 621 1574 Venetiis
651 1533 864 1589 privatim,
886 1534 982 1575 inde
1014 1536 1238 1576 Mantuam
1260 1536 1289 1576 J
1292 1551 1328 1576 o.
1353 1537 1388 1576 F
1390 1535 1561 1576 rancisci
1593 1536 1710 1577 Mar-

255 1590 428 1641 chionis,
450 1599 498 1632 ut
529 1590 757 1631 liberorum
787 1592 877 1647 ejus
907 1591 1167 1647 disciplinam
1199 1592 1439 1649 susciperet,
1461 1592 1709 1634 liberalitate

255 1648 512 1697 traductum,
547 1648 600 1688 T.
632 1647 744 1688 Livii
775 1648 941 1689 annales
971 1649 1141 1704 publico
1171 1649 1394 1700 auditorio,
1425 1665 1520 1691 cum
1550 1649 1709 1706 ingenti

255 1704 471 1746 hominum
502 1703 774 1746 admiratione
796 1721 842 1746 ac
863 1706 988 1756 fama,
1011 1706 1270 1747 commisisse.
1334 1707 1445 1756 Quin
1467 1707 1592 1748 etiam
1613 1716 1709 1762 post

255 1761 390 1803 multa
410 1762 462 1802 de
482 1761 554 1802 illo
581 1761 821 1812 honorifica,
844 1762 1047 1818 quicquid
1069 1772 1238 1805 auctore
1259 1764 1301 1804 in
1323 1772 1439 1805 tanto
1469 1763 1706 1820 profecerit,

255 1818 517 1874 praeceptori,
553 1818 690 1869 altori,
732 1820 894 1874 parenti
936 1820 1164 1871 Victorino,
1205 1821 1469 1876 magnanima
1508 1829 1549 1862 et
1588 1830 1709 1877 grata

254 1875 410 1931 pietate
440 1884 656 1931 acceptum
687 1876 825 1918 refert.
887 1877 1017 1918 Hunc
1046 1878 1162 1918 brevi
1198 1877 1415 1919 intervallo
1446 1885 1612 1918 secutus
1647 1887 1708 1920 est

258 1932 595 1973 Interamniensis
618 1933 797 1974 Praesul:
841 1934 962 1989 cujus
982 1949 1123 1975 curam
1145 1934 1282 1975 adhuc
1304 1934 1443 1975 videre
1465 1950 1546 1976 non
1566 1935 1706 1991 potui:

255 1989 327 2029 sed
356 1990 399 2030 in
431 1989 593 2045 Regiae,
616 2004 713 2045 quae
745 1990 912 2031 Parisiis
943 1999 1019 2039 est,
1048 1991 1310 2032 bibliothecae
1341 1991 1475 2032 indice
1506 1993 1708 2048 scriptum

255 2046 355 2102 legi:
396 2047 487 2087 Titi
521 2047 634 2087 Livii
664 2048 959 2088 Historiarum
988 2050 1109 2089 decas
1137 2064 1188 2090 etv
1216 2050 1502 2090 emendatione
1531 2050 1709 2091 Antonii

258 2105 489 2157 Campani:
511 2105 674 2156 adjecta
685 2109 789 2145 sunt
804 2107 990 2145 omnium
1007 2106 1206 2146 librorum
1219 2108 1443 2159 epitomata
1460 2105 1529 2158 (ut
1545 2114 1635 2147 tum
1650 2106 1707 2147 lo-

255 2160 599 2215 quebantur)foi.
618 2162 766 2202 Romoe
787 2174 1056 2203 mccchxxlz
1090 2168 1130 2203 et
1156 2164 1306 2204 Tertia
1326 2168 1365 2204 et
1388 2165 1554 2211 Quarta
1574 2165 1705 2205 decas.

255 2219 403 2259 ibidem
423 2231 710 2260 MCCCCLXXH.
772 2219 955 2261 Exstant
987 2220 1126 2275 Opera
1149 2220 1239 2275 ejus
1260 2235 1284 2260 a
1306 2219 1436 2260 Mich.
1460 2221 1598 2261 Ferno
1627 2220 1708 2261 col-

255 2273 362 2315 lecta
382 2283 423 2316 et
446 2275 627 2316 Venetiis
658 2275 700 2316 in
720 2275 874 2331 vulgus
904 2276 1019 2317 data:
1063 2276 1105 2316 in
1125 2276 1190 2317 his
1210 2276 1467 2332 nuncupatio
1496 2277 1624 2332 hujus
1645 2276 1708 2317 lu-

255 2331 509 2372 cubrationis
549 2332 602 2373 ad
634 2332 843 2373 Jacobum
880 2334 1138 2374 Amanatum
1176 2333 1408 2374 Lucensem
1443 2333 1706 2374 Cardinalem

258 2388 521 2443 Papiensem:
574 2389 686 2429 unde
719 2389 846 2445 digna
880 2389 969 2430 visa
1010 2398 1104 2431 sunt
1146 2390 1249 2440 haec,
1291 2405 1387 2445 quae
1427 2390 1703 2446 exsignarem:

258 2445 404 2485 Genus
424 2451 484 2486 est
503 2448 551 2486 in
571 2461 615 2486 eo
635 2448 839 2487 scribendi
855 2449 1076 2500 proprium
1097 2452 1137 2488 et
1151 2462 1292 2497 suum,
1310 2453 1349 2488 et
1368 2449 1552 2501 idipsum
1571 2449 1708 2500 splen-

254 2501 400 2541 didum
417 2507 541 2555 atque
556 2505 843 2558 magnificum,
858 2509 897 2544 et
914 2509 1119 2557 tanquam
1135 2506 1193 2557 ad
1206 2506 1490 2558 spectaculum
1502 2505 1709 2557 quoddam

254 2560 567 2611 magnitudinis
586 2561 758 2600 sublime
773 2565 812 2600 et
827 2563 1046 2610 elevatum,
1064 2576 1113 2601 ac
1128 2576 1205 2614 per
1219 2575 1359 2602 omnes
1377 2562 1709 2602 circumductum

258 2617 551 2668 amplitudinis
575 2630 721 2669 gyros:
767 2618 828 2656 ita
848 2622 899 2657 ut
927 2619 1187 2658 eruditorum
1216 2619 1351 2659 oculos
1379 2620 1461 2658 late
1490 2619 1709 2660 emtendere

259 2678 383 2725 atque
396 2675 585 2714 attollere
596 2675 644 2713 in
657 2675 792 2714 altwn
799 2676 944 2726 possit,
959 2677 1162 2727 imperitis
1175 2676 1395 2726 caliginem
1408 2677 1568 2731 afferat.
1600 2676 1709 2717 Inde

260 2731 525 2771 librariorum
542 2732 668 2771 coorti
683 2745 853 2779 errores,
869 2732 984 2779 dum,
999 2733 1109 2783 quod
1123 2733 1204 2784 ipsi
1217 2746 1303 2772 non
1319 2734 1509 2785 capiunt,
1527 2734 1707 2773 nimium

260 2801 356 2831 esse,
380 2792 470 2835 aut,
489 2789 597 2840 quod
611 2802 697 2827 non
713 2792 907 2836 cernunt,
925 2789 1157 2836 absc-unium,
1177 2794 1267 2836 avit,
1286 2790 1396 2841 quod
1414 2795 1474 2829 est
1493 2792 1707 2832 inversum
