1805 3174
578 92 1036 146 PRAEFA'NO.
1362 108 1532 156 lxxxiii

75 239 228 286 quam
253 244 406 292 quum
434 229 638 281 Hernici
671 236 911 298 fugerent,
935 255 1134 303 erupere
1157 240 1206 288 in
1238 259 1323 290 eos
1349 247 1527 305 coloni,

77 310 125 348 et
150 303 285 351 fusos
311 306 360 353 in
386 309 628 372 trepidam
657 314 823 377 fugam
849 333 1010 379 egere.
1049 319 1176 367 Sunt
1201 329 1248 368 et
1273 322 1370 370 alia
1394 343 1526 388 (puc-

75 379 191 427 dam
216 382 347 442 loca,
371 402 480 447 quae
505 387 566 435 ab
592 389 698 437 aliis
727 392 802 438 vel
828 394 1006 441 frustra
1037 403 1240 454 tentata,
1268 399 1343 445 vel
1372 404 1526 449 omni-

71 471 138 502 no
165 461 507 520 praetermissa,
534 464 667 515 haud
693 467 1009 533 improsperis
1034 473 1243 523 fortasse
1268 478 1525 538 conjectu-

68 534 133 580 ris
160 552 335 585 sanare
360 541 524 588 conati
549 560 734 594 sumus,
806 548 906 596 Sed
933 552 1210 602 consultius
1247 570 1357 601 esse
1383 556 1524 604 duci-

68 625 177 659 mus
204 613 437 664 lectorem
462 619 525 666 ad
552 620 686 684 ipsas
710 631 858 673 notas
884 627 1149 678 remittere.

132 689 264 738 Illud
301 696 588 745 testandum
615 700 971 760 existimamus,
998 722 1253 772 nunquam
1287 729 1379 761 nos
1408 721 1512 764 tan·
1527 729 1586 759 Sed
1605 733 1680 761 nihi!
1699 735 1730 763 in

1524 778 1709 806 contextum

63 772 170 814 tum
205 771 503 832 conjecturis
538 778 720 825 nostris
757 780 1000 843 tribuisse,
1026 791 1078 832 ut
1111 804 1195 834 eas
1227 788 1276 836 in
1310 801 1656 846 contex-admisf-

62 849 167 892 tum
207 845 597 910 immitteremus,
633 855 726 903 nisi
762 857 872 906 illas
916 867 1002 908 aut
1043 863 1340 927 scriptorum
1377 864 1709 932 coeli-222¹?'21350d

59 937 189 979 cum,
234 934 320 973 aut
359 927 634 990 priscorum
674 932 920 983 editorum
964 938 1177 989 firmaret
1218 944 1720 998 auctoritas.¹ib‘i³MSS·

1521 993 1576 1016 aut
1594 990 1705 1026 primis

58 997 253 1063 Magna
277 1020 398 1051 sane
431 1006 643 1069 ingenia,
667 1016 716 1057 et
742 1027 842 1058 non
877 1012 1063 1074 injusta
1088 1017 1163 1065 sui
1188 1020 1369 1071 fiducia
1399 1027 1613 1103 sub-5253?
1630 1034 1710 1063 ”ite-

53 1075 187 1134 nixa,
215 1086 435 1131 veterum
460 1084 657 1148 scriptis
683 1105 773 1151 pro
798 1090 898 1137 suis
925 1091 1132 1141 licenter
1155 1097 1435 1159 abutantur,
1459 1111 1509 1152 et
1609 1096 1617 1104 ⁰

53 1169 114 1201 ea
137 1172 221 1204 sus
248 1158 412 1223 deque
438 1169 645 1223 vertant,
674 1173 737 1222 et,
763 1168 1012 1232 quidquid
1042 1172 1315 1224 collibitum
1343 1179 1507 1228 animo

50 1231 211 1291 fuerit,
250 1252 338 1299 pro
370 1238 573 1304 imperio
614 1244 768 1292 recidi
811 1246 1038 1309 jubeant,
1074 1250 1338 1311 immutari,
1375 1257 1507 1307 able-

49 1311 169 1372 gari,
191 1312 440 1364 innovari:
477 1319 612 1381 quod
640 1336 741 1368 non
764 1321 834 1369 ita
869 1323 1058 1386 pridem
1086 1329 1364 1380 doctissimi
1402 1335 1503 1385 duo

46 1394 95 1435 et
117 1388 502 1453 ingeniosissimi
527 1397 629 1454 viri,
657 1399 779 1447 alter
803 1402 932 1464 apud
961 1403 1176 1467 Anglos,
1203 1408 1329 1456 alter
1353 1411 1500 1460 etiam

47 1465 317 1516 animosior
350 1472 482 1534 apud
522 1489 631 1531 nos,
658 1474 706 1522 in
746 1475 958 1526 Horatio
994 1482 1101 1529 ausi
1136 1492 1265 1534 sunt.
1335 1486 1497 1539 Nobis

44 1558 148 1590 non
182 1544 301 1593 licet
324 1563 433 1595 esse
458 1555 557 1597 tam
593 1552 799 1601 fortibus
830 1571 887 1603 ac
920 1559 1145 1615 strenuiS,
1174 1578 1301 1624 quos
1337 1567 1495 1616 tenuis

45 1619 287 1670 doctrinae
323 1631 373 1672 et
413 1625 593 1689 ingenii
629 1645 755 1677 vena
795 1632 1024 1694 prohibet
1066 1635 1195 1684 altos
1230 1642 1495 1705 concipere

41 1698 256 1760 spiritus,
275 1707 325 1749 et
349 1719 378 1750 a
396 1705 691 1754 severiorum
718 1708 879 1771 legum
906 1713 1192 1776 praescripto
1218 1716 1491 1768 discedere.

42 1776 223 1841 Neque
258 1779 386 1828 enim
421 1781 720 1844 ignoramus,
759 1803 884 1850 quas
921 1789 1134 1854 antiquis
1170 1793 1491 1857 scriptoribus

36 1853 178 1903 labes
212 1859 489 1921 asperserit,
514 1878 625 1925 quae
648 1862 880 1913 inusserit
915 1866 1162 1930 stigmata,
1190 1870 1296 1919 haec
1322 1890 1487 1922 emen-

38 1933 194 1981 dandi
218 1935 445 1999 prurig03
503 1955 595 1987 nec
620 1940 784 1990 minus
814 1950 991 2006 postea
1016 1961 1176 2009 operae
1201 1952 1486 2011 ponendum

36 2010 187 2059 fuisse
211 2011 260 2059 in
283 2016 576 2064 revocandis
601 2019 663 2066 ad
691 2020 950 2070 sanitatem
983 2023 1040 2071 iis
1065 2042 1175 2088 quae
1202 2026 1482 2078 criticorum

35 2089 264 2146 audacia,
283 2108 434 2155 quam
453 2110 564 2156 quae
582 2094 886 2145 librariorum
910 2098 1152 2164 imperitia
1171 2114 1481 2165 peccaverat.

33 2165 211 2230 Itaque
237 2168 366 2217 hanc
391 2171 535 2218 nobis
560 2172 718 2236 legem
744 2176 1016 2234 sanximus,
1043 2196 1102 2226 ea
1125 2188 1294 2229 nostra
1317 2183 1407 2231 fuit
1431 2184 1482 2232 in

31 2246 300 2294 tractando
327 2245 453 2295 Livii
489 2257 728 2298 contextu
762 2252 949 2316 religio,
974 2262 1031 2302 ut
1055 2272 1158 2304 non
1182 2264 1376 2307 nostras
1401 2277 1478 2308 so-

29 2321 149 2383 lum,
173 2325 261 2372 sed
287 2330 335 2372 et
359 2331 633 2376 ceterorum
670 2329 987 2390 conjecturas
1019 2333 1080 2380 ab
1106 2350 1166 2382 eo
1201 2352 1476 2384 removere-

28 2414 167 2460 mus3
219 2400 314 2449 nisi
348 2418 433 2449 eas
470 2403 613 2461 forte,
641 2422 750 2471 quae
787 2424 940 2471 quum
965 2416 1014 2457 et
1037 2411 1323 2461 verisimiles
1361 2415 1471 2472 sint,

27 2481 77 2524 et
111 2477 309 2538 jamdiu
351 2479 547 2529 Livium
585 2483 901 2543 insedissent,
937 2487 1177 2537 eliminari
1219 2507 1321 2539 non
1368 2501 1475 2555 pot-

26 2560 183 2610 erant,
210 2556 330 2620 quin
353 2565 524 2607 nostra
546 2560 755 2610 nimium
784 2580 813 2610 a
838 2567 1014 2614 ceteris
1049 2567 1348 2632 discreparet
1371 2570 1473 2616 edi-

24 2630 109 2680 tio.
146 2631 245 2679 Sed
270 2639 374 2682 tum
391 2652 594 2701 quoque
618 2638 854 2688 lectorem
875 2641 925 2688 in
945 2643 1075 2691 notis
1100 2646 1468 2703 admonuimus,

23 2709 365 2770 conjecturam
390 2713 448 2772 ei,
475 2731 577 2763 non
600 2723 784 2765 certam
809 2718 937 2768 Livii
964 2737 1162 2769 manum
1187 2723 1417 2771 exhiberi.

34 2822 38 2823 γ
88 2785 201 2835 Nec
240 2788 397 2852 piguit
441 2791 704 2844 levioribus
746 2813 948 2861 quoque
988 2798 1127 2846 dictu
1172 2799 1333 2855 rebus,
1376 2802 1462 2847 sed

757 2878 828 2913 1¹2
