<?xml version="1.0" encoding="UTF-8"?>
<!DOCTYPE html PUBLIC "-//W3C//DTD XHTML 1.0 Transitional//EN"
    "http://www.w3.org/TR/xhtml1/DTD/xhtml1-transitional.dtd">
<html xmlns="http://www.w3.org/1999/xhtml" xml:lang="en" lang="en">
 <head>
  <title>
</title>
<meta http-equiv="Content-Type" content="text/html;charset=utf-8" />
  <meta name='ocr-system' content='tesseract 3.04.00' />
  <meta name='ocr-capabilities' content='ocr_page ocr_carea ocr_par ocr_line ocrx_word'/>
</head>
<body>
  <div class='ocr_page' id='page_1' title='image "./historiarumaburb04livyuoft/historiarumaburb04livyuoft_0192.png"; bbox 0 0 1826 3149; ppageno 0'>
   <div class='ocr_carea' id='block_1_1' title="bbox 91 198 132 274">
    <p class='ocr_par' dir='ltr' id='par_1_1' title="bbox 91 198 132 274">
     <span class='ocr_line' id='line_1_1' title="bbox 91 198 132 274; textangle 90"><span class='ocrx_word' id='word_1_1' title='bbox 91 198 132 274; x_wconf 53' lang='lat' dir='ltr'>ss:</span> 
     </span>
    </p>
   </div>
   <div class='ocr_carea' id='block_1_2' title="bbox 88 648 285 853">
    <p class='ocr_par' dir='ltr' id='par_1_2' title="bbox 88 648 285 853">
     <span class='ocr_line' id='line_1_2' title="bbox 93 648 285 690; baseline 0 -10"><span class='ocrx_word' id='word_1_2' title='bbox 93 650 135 680; x_wconf 92' lang='lat' dir='ltr'>In</span> <span class='ocrx_word' id='word_1_3' title='bbox 150 648 285 690; x_wconf 82' lang='lat' dir='ltr'>Esquili-</span> 
     </span>
     <span class='ocr_line' id='line_1_3' title="bbox 92 697 234 723; baseline -0.007 0"><span class='ocrx_word' id='word_1_4' title='bbox 92 703 166 723; x_wconf 84' lang='lat' dir='ltr'>nam</span> <span class='ocrx_word' id='word_1_5' title='bbox 181 697 234 722; x_wconf 71' lang='lat' dir='ltr'>trr-</span> 
     </span>
     <span class='ocr_line' id='line_1_4' title="bbox 92 737 251 766; baseline -0.007 0"><span class='ocrx_word' id='word_1_6' title='bbox 92 737 167 766; x_wconf 91' lang='lat' dir='ltr'>bum</span> <span class='ocrx_word' id='word_1_7' title='bbox 179 745 251 766; x_wconf 87' lang='grc'><strong>6011-</strong></span> 
     </span>
     <span class='ocr_line' id='line_1_5' title="bbox 88 778 268 819; baseline 0 -11"><span class='ocrx_word' id='word_1_8' title='bbox 88 778 164 819; x_wconf 83' lang='lat' dir='ltr'>jecti</span> <span class='ocrx_word' id='word_1_9' title='bbox 179 778 268 809; x_wconf 87' lang='lat' dir='ltr'>liber-</span> 
     </span>
     <span class='ocr_line' id='line_1_6' title="bbox 95 821 162 853; baseline 0.015 -1"><span class='ocrx_word' id='word_1_10' title='bbox 95 821 162 853; x_wconf 81' lang='lat' dir='ltr'>tini.</span> 
     </span>
    </p>
   </div>
   <div class='ocr_carea' id='block_1_3' title="bbox 93 991 296 1075">
    <p class='ocr_par' dir='ltr' id='par_1_3' title="bbox 93 991 296 1075">
     <span class='ocr_line' id='line_1_7' title="bbox 96 991 296 1022; baseline 0 0"><span class='ocrx_word' id='word_1_11' title='bbox 96 991 236 1022; x_wconf 84' lang='lat' dir='ltr'>Censura</span> <span class='ocrx_word' id='word_1_12' title='bbox 250 1001 296 1022; x_wconf 84' lang='lat' dir='ltr'>se·-</span> 
     </span>
     <span class='ocr_line' id='line_1_8' title="bbox 93 1040 275 1075; baseline 0.012 -11"><span class='ocrx_word' id='word_1_13' title='bbox 93 1044 164 1066; x_wconf 86' lang='lat' dir='ltr'>vere</span> <span class='ocrx_word' id='word_1_14' title='bbox 178 1040 275 1075; x_wconf 84' lang='lat' dir='ltr'>gesta.</span> 
     </span>
    </p>
   </div>
   <div class='ocr_carea' id='block_1_4' title="bbox 304 74 1190 114">
    <p class='ocr_par' dir='ltr' id='par_1_4' title="bbox 304 74 1190 114">
     <span class='ocr_line' id='line_1_9' title="bbox 304 74 1190 114; baseline -0.003 0"><span class='ocrx_word' id='word_1_15' title='bbox 304 80 377 114; x_wconf 76' lang='lat'>184</span> <span class='ocrx_word' id='word_1_16' title='bbox 830 75 972 113; x_wconf 82' lang='lat' dir='ltr'>TIT.1</span> <span class='ocrx_word' id='word_1_17' title='bbox 1015 74 1190 112; x_wconf 84' lang='lat' dir='ltr'><strong>LIVII</strong></span> 
     </span>
    </p>
   </div>
   <div class='ocr_carea' id='block_1_5' title="bbox 262 181 1714 248">
    <p class='ocr_par' dir='ltr' id='par_1_5' title="bbox 262 181 1714 248">
     <span class='ocr_line' id='line_1_10' title="bbox 262 181 1714 248; baseline -0.003 -20"><span class='ocrx_word' id='word_1_18' title='bbox 262 219 272 228; x_wconf 87' lang='lat'>.</span> <span class='ocrx_word' id='word_1_19' title='bbox 302 183 436 241; x_wconf 78' lang='lat' dir='ltr'>pluris</span> <span class='ocrx_word' id='word_1_20' title='bbox 455 182 730 227; x_wconf 61' lang='lat' dir='ltr'>“sestertium</span> <span class='ocrx_word' id='word_1_21' title='bbox 752 183 925 248; x_wconf 80' lang='lat' dir='ltr'>triginta</span> <span class='ocrx_word' id='word_1_22' title='bbox 944 183 1121 225; x_wconf 86' lang='lat' dir='ltr'>millium</span> <span class='ocrx_word' id='word_1_23' title='bbox 1150 182 1365 233; x_wconf 83' lang='lat' dir='ltr'>haberent,</span> <span class='ocrx_word' id='word_1_24' title='bbox 1387 181 1714 238; x_wconf 53' lang='grc'>6666115613111115</span> 
     </span>
    </p>
   </div>
   <div class='ocr_carea' id='block_1_6' title="bbox 302 198 1722 1431">
    <p class='ocr_par' dir='ltr' id='par_1_6' title="bbox 302 198 1718 638">
     <span class='ocr_line' id='line_1_11' title="bbox 302 198 1715 296; baseline -0.004 -12"><span class='ocrx_word' id='word_1_25' title='bbox 302 241 462 285; x_wconf 71' lang='lat' dir='ltr'>factum</span> <span class='ocrx_word' id='word_1_26' title='bbox 491 249 565 283; x_wconf 86' lang='lat' dir='ltr'>est.</span> <span class='ocrx_word' id='word_1_27' title='bbox 627 242 723 282; x_wconf 88' lang='lat' dir='ltr'>Hoc</span> <span class='ocrx_word' id='word_1_28' title='bbox 752 256 884 296; x_wconf 87' lang='lat' dir='ltr'>quum</span> <span class='ocrx_word' id='word_1_29' title='bbox 916 240 976 281; x_wconf 85' lang='lat' dir='ltr'>ita</span> <span class='ocrx_word' id='word_1_30' title='bbox 1007 247 1216 281; x_wconf 84' lang='lat' dir='ltr'>servatum</span> <span class='ocrx_word' id='word_1_31' title='bbox 1246 247 1367 290; x_wconf 79' lang='lat' dir='ltr'>esset,</span> <span class='ocrx_word' id='word_1_32' title='bbox 1388 239 1567 295; x_wconf 83' lang='lat' dir='ltr'>negabat</span> <span class='ocrx_word' id='word_1_33' title='bbox 1590 198 1715 280; x_wconf 84' lang='lat' dir='ltr'>Clau-</span> 
     </span>
     <span class='ocr_line' id='line_1_12' title="bbox 303 296 1716 364; baseline -0.003 -24"><span class='ocrx_word' id='word_1_34' title='bbox 303 297 412 364; x_wconf 78' lang='lat' dir='ltr'>dius,</span> <span class='ocrx_word' id='word_1_35' title='bbox 433 298 592 355; x_wconf 68' lang='lat' dir='ltr'>szffrag</span> <span class='ocrx_word' id='word_1_36' title='bbox 595 299 629 339; x_wconf 85' lang='lat' dir='ltr'>ii</span> <span class='ocrx_word' id='word_1_37' title='bbox 657 299 847 338; x_wconf 71' lang='lat' dir='ltr'>lationem</span> <span class='ocrx_word' id='word_1_38' title='bbox 879 296 1030 350; x_wconf 59' lang='lat' dir='ltr'>injussu</span> <span class='ocrx_word' id='word_1_39' title='bbox 1053 298 1200 350; x_wconf 74' lang='lat' dir='ltr'>populi</span> <span class='ocrx_word' id='word_1_40' title='bbox 1225 311 1419 337; x_wconf 77' lang='lat' dir='ltr'>censo7em</span> <span class='ocrx_word' id='word_1_41' title='bbox 1443 297 1625 350; x_wconf 82' lang='lat' dir='ltr'>cuiquam</span> <span class='ocrx_word' id='word_1_42' title='bbox 1646 297 1716 336; x_wconf 82' lang='lat' dir='ltr'>lzo-</span> 
     </span>
     <span class='ocr_line' id='line_1_13' title="bbox 303 353 1718 407; baseline -0.003 -10"><span class='ocrx_word' id='word_1_43' title='bbox 303 357 419 405; x_wconf 81' lang='lat' dir='ltr'>miui,</span> <span class='ocrx_word' id='word_1_44' title='bbox 441 357 582 396; x_wconf 79' lang='lat' dir='ltr'>nedum</span> <span class='ocrx_word' id='word_1_45' title='bbox 609 370 654 395; x_wconf 87' lang='lat'>07</span> <span class='ocrx_word' id='word_1_46' title='bbox 657 356 748 395; x_wconf 82' lang='lat' dir='ltr'>dzuz</span> <span class='ocrx_word' id='word_1_47' title='bbox 774 356 970 402; x_wconf 71' lang='lat' dir='ltr'>univmso,</span> <span class='ocrx_word' id='word_1_48' title='bbox 993 355 1171 394; x_wconf 81' lang='lat' dir='ltr'><em>adimere</em></span> <span class='ocrx_word' id='word_1_49' title='bbox 1193 369 1323 407; x_wconf 81' lang='lat' dir='ltr'>posse.</span> <span class='ocrx_word' id='word_1_50' title='bbox 1385 354 1522 407; x_wconf 81' lang='lat' dir='ltr'><strong><em>Neque</em></strong></span> <span class='ocrx_word' id='word_1_51' title='bbox 1534 354 1658 401; x_wconf 82' lang='lat' dir='ltr'>euim,</span> <span class='ocrx_word' id='word_1_52' title='bbox 1680 353 1718 394; x_wconf 81' lang='lat' dir='ltr'>si</span> 
     </span>
     <span class='ocr_line' id='line_1_14' title="bbox 303 410 1717 465; baseline -0.003 -11"><span class='ocrx_word' id='word_1_53' title='bbox 303 413 412 454; x_wconf 81' lang='lat' dir='ltr'>tribu</span> <span class='ocrx_word' id='word_1_54' title='bbox 432 426 584 453; x_wconf 83' lang='lat' dir='ltr'>movere</span> <span class='ocrx_word' id='word_1_55' title='bbox 603 418 751 465; x_wconf 79' lang='lat' dir='ltr'>posset,</span> <span class='ocrx_word' id='word_1_56' title='bbox 775 414 880 465; x_wconf 80' lang='lat' dir='ltr'>quod</span> <span class='ocrx_word' id='word_1_57' title='bbox 905 414 960 452; x_wconf 80' lang='lat' dir='ltr'>sit</span> <span class='ocrx_word' id='word_1_58' title='bbox 981 412 1088 452; x_wconf 69' lang='lat' dir='ltr'>nihil</span> <span class='ocrx_word' id='word_1_59' title='bbox 1113 413 1241 460; x_wconf 83' lang='lat' dir='ltr'>aliud,</span> <span class='ocrx_word' id='word_1_60' title='bbox 1264 426 1380 465; x_wconf 82' lang='lat' dir='ltr'>quam</span> <span class='ocrx_word' id='word_1_61' title='bbox 1402 418 1557 451; x_wconf 81' lang='lat' dir='ltr'>mutare</span> <span class='ocrx_word' id='word_1_62' title='bbox 1569 410 1717 464; x_wconf 68' lang='lat' dir='ltr'>jubew</span> 
     </span>
     <span class='ocr_line' id='line_1_15' title="bbox 304 468 1717 523; baseline -0.002 -12"><span class='ocrx_word' id='word_1_63' title='bbox 304 471 464 519; x_wconf 78' lang='lat' dir='ltr'><em>tribum,</em></span> <span class='ocrx_word' id='word_1_64' title='bbox 481 471 569 510; x_wconf 85' lang='lat' dir='ltr'>ideo</span> <span class='ocrx_word' id='word_1_65' title='bbox 589 468 768 510; x_wconf 81' lang='lat' dir='ltr'>omuibus</span> <span class='ocrx_word' id='word_1_66' title='bbox 789 470 962 523; x_wconf 77' lang='lat' dir='ltr'>quinque</span> <span class='ocrx_word' id='word_1_67' title='bbox 981 475 1019 509; x_wconf 85' lang='lat' dir='ltr'>et</span> <span class='ocrx_word' id='word_1_68' title='bbox 1039 469 1215 523; x_wconf 81' lang='lat' dir='ltr'>triginta</span> <span class='ocrx_word' id='word_1_69' title='bbox 1235 469 1414 509; x_wconf 80' lang='lat' dir='ltr'>tribubus</span> <span class='ocrx_word' id='word_1_70' title='bbox 1433 482 1608 509; x_wconf 80' lang='lat' dir='ltr'>emovere</span> <span class='ocrx_word' id='word_1_71' title='bbox 1619 482 1717 520; x_wconf 81' lang='lat' dir='ltr'>pos-</span> 
     </span>
     <span class='ocr_line' id='line_1_16' title="bbox 303 525 1718 580; baseline -0.002 -13"><span class='ocrx_word' id='word_1_72' title='bbox 303 542 372 575; x_wconf 86' lang='lat' dir='ltr'>se,·</span> <span class='ocrx_word' id='word_1_73' title='bbox 406 528 451 567; x_wconf 85' lang='lat' dir='ltr'>id</span> <span class='ocrx_word' id='word_1_74' title='bbox 478 533 548 574; x_wconf 82' lang='lat' dir='ltr'>est,</span> <span class='ocrx_word' id='word_1_75' title='bbox 579 527 782 567; x_wconf 77' lang='lat' dir='ltr'>civitatem</span> <span class='ocrx_word' id='word_1_76' title='bbox 811 527 1114 580; x_wconf 79' lang='lat' dir='ltr'><em>libertatemque</em></span> <span class='ocrx_word' id='word_1_77' title='bbox 1143 527 1300 578; x_wconf 78' lang='lat' dir='ltr'>eripere</span> <span class='ocrx_word' id='word_1_78' title='bbox 1308 548 1322 572; x_wconf 91' lang='lat'><em>;</em></span> <span class='ocrx_word' id='word_1_79' title='bbox 1355 540 1447 573; x_wconf 81' lang='lat' dir='ltr'>nou,</span> <span class='ocrx_word' id='word_1_80' title='bbox 1471 525 1539 565; x_wconf 85' lang='lat' dir='ltr'>ubi</span> <span class='ocrx_word' id='word_1_81' title='bbox 1557 539 1718 566; x_wconf 81' lang='lat' dir='ltr'>censea-</span> 
     </span>
     <span class='ocr_line' id='line_1_17' title="bbox 305 582 1713 638; baseline -0.001 -13"><span class='ocrx_word' id='word_1_82' title='bbox 305 585 503 637; x_wconf 81' lang='lat' dir='ltr'>tur‚fi7zi7</span> <span class='ocrx_word' id='word_1_83' title='bbox 505 599 538 633; x_wconf 89' lang='lat' dir='ltr'>e,</span> <span class='ocrx_word' id='word_1_84' title='bbox 559 584 630 624; x_wconf 78' lang='lat' dir='ltr'>sed</span> <span class='ocrx_word' id='word_1_85' title='bbox 648 598 763 624; x_wconf 79' lang='lat' dir='ltr'>censu</span> <span class='ocrx_word' id='word_1_86' title='bbox 783 585 1001 624; x_wconf 63' lang='lat' dir='ltr'>excludere</span> <span class='ocrx_word' id='word_1_87' title='bbox 1063 584 1168 624; x_wconf 80' lang='lat' dir='ltr'>Haec</span> <span class='ocrx_word' id='word_1_88' title='bbox 1199 583 1306 623; x_wconf 87' lang='lat' dir='ltr'>inter</span> <span class='ocrx_word' id='word_1_89' title='bbox 1330 583 1439 638; x_wconf 88' lang='lat' dir='ltr'>ipsos</span> <span class='ocrx_word' id='word_1_90' title='bbox 1460 582 1713 637; x_wconf 86' lang='lat' dir='ltr'>disceptata.</span> 
     </span>
    </p>

    <p class='ocr_par' dir='ltr' id='par_1_7' title="bbox 305 639 1717 811">
     <span class='ocr_line' id='line_1_18' title="bbox 305 639 1717 697; baseline -0.002 -15"><span class='ocrx_word' id='word_1_91' title='bbox 305 649 513 697; x_wconf 85' lang='lat' dir='ltr'>postremo</span> <span class='ocrx_word' id='word_1_92' title='bbox 535 656 583 681; x_wconf 90' lang='lat' dir='ltr'>eo</span> <span class='ocrx_word' id='word_1_93' title='bbox 603 640 844 682; x_wconf 82' lang='lat' dir='ltr'>descensum</span> <span class='ocrx_word' id='word_1_94' title='bbox 866 649 942 691; x_wconf 72' lang='lat' dir='ltr'>est,</span> <span class='ocrx_word' id='word_1_95' title='bbox 965 648 1012 682; x_wconf 85' lang='lat' dir='ltr'>ut</span> <span class='ocrx_word' id='word_1_96' title='bbox 1038 656 1088 681; x_wconf 81' lang='lat' dir='ltr'>ex</span> <span class='ocrx_word' id='word_1_97' title='bbox 1111 648 1293 696; x_wconf 84' lang='lat' dir='ltr'>quatuor</span> <span class='ocrx_word' id='word_1_98' title='bbox 1323 639 1492 680; x_wconf 83' lang='lat' dir='ltr'>urbanis</span> <span class='ocrx_word' id='word_1_99' title='bbox 1521 639 1717 680; x_wconf 80' lang='lat' dir='ltr'>tribubus</span> 
     </span>
     <span class='ocr_line' id='line_1_19' title="bbox 305 696 1715 760; baseline -0.002 -21"><span class='ocrx_word' id='word_1_100' title='bbox 305 712 431 760; x_wconf 55' lang='lat' dir='ltr'>unum</span> <span class='ocrx_word' id='word_1_101' title='bbox 459 697 633 760; x_wconf 57' lang='lat' dir='ltr'>pelam</span> <span class='ocrx_word' id='word_1_102' title='bbox 626 712 668 737; x_wconf 85' lang='grc'>111</span> <span class='ocrx_word' id='word_1_103' title='bbox 689 705 753 738; x_wconf 78' lang='lat' dir='ltr'>ati</span> <span class='ocrx_word' id='word_1_104' title='bbox 756 714 794 739; x_wconf 91' lang='grc'>10</span> <span class='ocrx_word' id='word_1_105' title='bbox 817 698 1044 739; x_wconf 77' lang='lat' dir='ltr'>Libertatis</span> <span class='ocrx_word' id='word_1_106' title='bbox 1067 697 1327 746; x_wconf 82' lang='lat' dir='ltr'>sortirentur,</span> <span class='ocrx_word' id='word_1_107' title='bbox 1349 696 1391 737; x_wconf 91' lang='lat' dir='ltr'>in</span> <span class='ocrx_word' id='word_1_108' title='bbox 1412 711 1539 752; x_wconf 86' lang='lat' dir='ltr'>quam</span> <span class='ocrx_word' id='word_1_109' title='bbox 1559 710 1715 759; x_wconf 88' lang='grc'><strong>01111165,</strong></span> 
     </span>
     <span class='ocr_line' id='line_1_20' title="bbox 305 751 1716 818; baseline -0.001 -23"><span class='ocrx_word' id='word_1_110' title='bbox 305 754 379 818; x_wconf 91' lang='lat' dir='ltr'>qui</span> <span class='ocrx_word' id='word_1_111' title='bbox 401 754 643 796; x_wconf 83' lang='lat' dir='ltr'>servitutem</span> <span class='ocrx_word' id='word_1_112' title='bbox 665 755 897 803; x_wconf 82' lang='lat' dir='ltr'>servissent,</span> <span class='ocrx_word' id='word_1_113' title='bbox 915 755 1174 810; x_wconf 81' lang='lat' dir='ltr'>conjicerent.</span> <span class='ocrx_word' id='word_1_114' title='bbox 1236 753 1468 809; x_wconf 86' lang='lat' dir='ltr'>Esquilinae</span> <span class='ocrx_word' id='word_1_115' title='bbox 1489 768 1575 794; x_wconf 89' lang='lat' dir='ltr'>sors</span> <span class='ocrx_word' id='word_1_116' title='bbox 1595 751 1716 794; x_wconf 84' lang='lat' dir='ltr'>exiit:</span> 
     </span>
    </p>

    <p class='ocr_par' dir='ltr' id='par_1_8' title="bbox 305 808 1720 1152">
     <span class='ocr_line' id='line_1_21' title="bbox 305 808 1717 867; baseline -0.002 -15"><span class='ocrx_word' id='word_1_117' title='bbox 305 826 348 852; x_wconf 89' lang='grc'>111</span> <span class='ocrx_word' id='word_1_118' title='bbox 380 827 429 852; x_wconf 84' lang='grc'>63</span> <span class='ocrx_word' id='word_1_119' title='bbox 460 811 528 853; x_wconf 87' lang='grc' dir='ltr'>Τ1.</span> <span class='ocrx_word' id='word_1_120' title='bbox 560 811 776 853; x_wconf 79' lang='lat' dir='ltr'>Gracchus</span> <span class='ocrx_word' id='word_1_121' title='bbox 807 811 1111 867; x_wconf 79' lang='lat' dir='ltr'>pronunciavit,</span> <span class='ocrx_word' id='word_1_122' title='bbox 1142 810 1356 852; x_wconf 75' lang='lat' dir='ltr'>libertinos</span> <span class='ocrx_word' id='word_1_123' title='bbox 1390 825 1530 851; x_wconf 89' lang='lat' dir='ltr'>omnes</span> <span class='ocrx_word' id='word_1_124' title='bbox 1562 808 1717 850; x_wconf 89' lang='lat' dir='ltr'>censeri</span> 
     </span>
     <span class='ocr_line' id='line_1_22' title="bbox 306 866 1717 935; baseline -0.001 -26"><span class='ocrx_word' id='word_1_125' title='bbox 306 868 479 935; x_wconf 57' lang='grc'><strong>11136616.</strong></span> <span class='ocrx_word' id='word_1_126' title='bbox 532 869 703 933; x_wconf 34' lang='lat' dir='ltr'>‘Magno</span> <span class='ocrx_word' id='word_1_127' title='bbox 737 884 785 909; x_wconf 84' lang='lat' dir='ltr'>ea</span> <span class='ocrx_word' id='word_1_128' title='bbox 824 884 888 909; x_wconf 88' lang='lat' dir='ltr'>res</span> <span class='ocrx_word' id='word_1_129' title='bbox 926 868 1070 910; x_wconf 88' lang='lat' dir='ltr'>honori</span> <span class='ocrx_word' id='word_1_130' title='bbox 1108 866 1345 908; x_wconf 83' lang='lat' dir='ltr'>censoribus</span> <span class='ocrx_word' id='word_1_131' title='bbox 1379 867 1493 922; x_wconf 82' lang='lat' dir='ltr'>apud</span> <span class='ocrx_word' id='word_1_132' title='bbox 1529 874 1717 908; x_wconf 83' lang='lat' dir='ltr'>senatum</span> 
     </span>
     <span class='ocr_line' id='line_1_23' title="bbox 307 924 1719 988; baseline -0.001 -22"><span class='ocrx_word' id='word_1_133' title='bbox 307 925 402 967; x_wconf 87' lang='lat' dir='ltr'>fuit.</span> <span class='ocrx_word' id='word_1_134' title='bbox 433 925 581 981; x_wconf 82' lang='lat' dir='ltr'>gratiae</span> <span class='ocrx_word' id='word_1_135' title='bbox 602 934 707 966; x_wconf 84' lang='lat' dir='ltr'>actae</span> <span class='ocrx_word' id='word_1_136' title='bbox 727 933 768 967; x_wconf 89' lang='lat' dir='ltr'>et</span> <span class='ocrx_word' id='word_1_137' title='bbox 793 925 1048 988; x_wconf 75' lang='lat' dir='ltr'>Sempronio,</span> <span class='ocrx_word' id='word_1_138' title='bbox 1071 925 1144 980; x_wconf 92' lang='lat' dir='ltr'>qui</span> <span class='ocrx_word' id='word_1_139' title='bbox 1174 924 1215 965; x_wconf 91' lang='lat' dir='ltr'>in</span> <span class='ocrx_word' id='word_1_140' title='bbox 1240 925 1344 964; x_wconf 88' lang='lat' dir='ltr'>bene</span> <span class='ocrx_word' id='word_1_141' title='bbox 1365 932 1502 979; x_wconf 86' lang='lat' dir='ltr'>coepto</span> <span class='ocrx_word' id='word_1_142' title='bbox 1531 938 1676 978; x_wconf 83' lang='lat' dir='ltr'>persev</span> <span class='ocrx_word' id='word_1_143' title='bbox 1679 938 1719 964; x_wconf 88' lang='lat' dir='ltr'>e-</span> 
     </span>
     <span class='ocr_line' id='line_1_24' title="bbox 307 979 1720 1045; baseline -0.002 -22"><span class='ocrx_word' id='word_1_144' title='bbox 307 990 462 1030; x_wconf 78' lang='lat' dir='ltr'>rasset3</span> <span class='ocrx_word' id='word_1_145' title='bbox 505 990 546 1023; x_wconf 88' lang='lat' dir='ltr'>et</span> <span class='ocrx_word' id='word_1_146' title='bbox 580 981 775 1033; x_wconf 83' lang='lat' dir='ltr'>Claudio,</span> <span class='ocrx_word' id='word_1_147' title='bbox 808 998 881 1038; x_wconf 89' lang='grc'><strong>(1111</strong></span> <span class='ocrx_word' id='word_1_148' title='bbox 921 997 1002 1023; x_wconf 87' lang='grc'><strong>11011</strong></span> <span class='ocrx_word' id='word_1_149' title='bbox 1043 981 1278 1037; x_wconf 86' lang='lat' dir='ltr'>inpedisset.</span> <span class='ocrx_word' id='word_1_150' title='bbox 1340 979 1502 1031; x_wconf 78' lang='lat' dir='ltr'>Plures,</span> <span class='ocrx_word' id='word_1_151' title='bbox 1535 995 1662 1045; x_wconf 57' lang='lat' dir='ltr'>quem</span> <span class='ocrx_word' id='word_1_152' title='bbox 1694 995 1720 1021; x_wconf 87' lang='lat' dir='ltr'>a</span> 
     </span>
     <span class='ocr_line' id='line_1_25' title="bbox 309 1036 1718 1100; baseline -0.002 -20"><span class='ocrx_word' id='word_1_153' title='bbox 309 1039 606 1095; x_wconf 86' lang='lat' dir='ltr'>superioribus,</span> <span class='ocrx_word' id='word_1_154' title='bbox 628 1047 670 1080; x_wconf 88' lang='lat' dir='ltr'>et</span> <span class='ocrx_word' id='word_1_155' title='bbox 691 1038 724 1065; x_wconf 80' lang='lat'>⁶⁷</span> <span class='ocrx_word' id='word_1_156' title='bbox 736 1048 881 1081; x_wconf 83' lang='lat' dir='ltr'>senatu</span> <span class='ocrx_word' id='word_1_157' title='bbox 902 1039 1028 1080; x_wconf 88' lang='lat' dir='ltr'>emoti</span> <span class='ocrx_word' id='word_1_158' title='bbox 1053 1047 1164 1089; x_wconf 85' lang='lat' dir='ltr'>sunt,</span> <span class='ocrx_word' id='word_1_159' title='bbox 1186 1046 1228 1079; x_wconf 87' lang='lat' dir='ltr'>et</span> <span class='ocrx_word' id='word_1_160' title='bbox 1248 1053 1377 1093; x_wconf 90' lang='lat' dir='ltr'>equos</span> <span class='ocrx_word' id='word_1_161' title='bbox 1396 1038 1575 1078; x_wconf 88' lang='lat' dir='ltr'>vendere</span> <span class='ocrx_word' id='word_1_162' title='bbox 1598 1036 1718 1100; x_wconf 86' lang='lat' dir='ltr'>jussi.</span> 
     </span>
     <span class='ocr_line' id='line_1_26' title="bbox 308 1093 1717 1152; baseline -0.002 -15"><span class='ocrx_word' id='word_1_163' title='bbox 308 1111 449 1137; x_wconf 88' lang='grc'><strong>01111165</strong></span> <span class='ocrx_word' id='word_1_164' title='bbox 479 1095 603 1136; x_wconf 88' lang='lat' dir='ltr'>iidem</span> <span class='ocrx_word' id='word_1_165' title='bbox 631 1096 684 1137; x_wconf 86' lang='lat' dir='ltr'>ab</span> <span class='ocrx_word' id='word_1_166' title='bbox 713 1104 894 1152; x_wconf 84' lang='lat' dir='ltr'>utroque</span> <span class='ocrx_word' id='word_1_167' title='bbox 915 1105 956 1137; x_wconf 90' lang='lat' dir='ltr'>et</span> <span class='ocrx_word' id='word_1_168' title='bbox 977 1095 1010 1120; x_wconf 74' lang='lat'>⁶⁸</span> <span class='ocrx_word' id='word_1_169' title='bbox 1024 1096 1137 1138; x_wconf 88' lang='lat' dir='ltr'>tribu</span> <span class='ocrx_word' id='word_1_170' title='bbox 1172 1094 1334 1145; x_wconf 82' lang='lat' dir='ltr'>remoti,</span> <span class='ocrx_word' id='word_1_171' title='bbox 1356 1102 1397 1135; x_wconf 90' lang='lat' dir='ltr'>et</span> <span class='ocrx_word' id='word_1_172' title='bbox 1425 1093 1560 1135; x_wconf 87' lang='lat' dir='ltr'>aerarii</span> <span class='ocrx_word' id='word_1_173' title='bbox 1590 1093 1717 1135; x_wconf 84' lang='lat' dir='ltr'>facti:</span> 
     </span>
    </p>

    <p class='ocr_par' dir='ltr' id='par_1_9' title="bbox 309 1150 1722 1431">
     <span class='ocr_line' id='line_1_27' title="bbox 309 1150 1718 1208; baseline -0.003 -14"><span class='ocrx_word' id='word_1_174' title='bbox 309 1167 444 1208; x_wconf 86' lang='lat' dir='ltr'>neque</span> <span class='ocrx_word' id='word_1_175' title='bbox 465 1152 606 1203; x_wconf 80' lang='lat' dir='ltr'>ullius,</span> <span class='ocrx_word' id='word_1_176' title='bbox 628 1167 753 1207; x_wconf 88' lang='lat' dir='ltr'>quem</span> <span class='ocrx_word' id='word_1_177' title='bbox 773 1152 877 1194; x_wconf 85' lang='lat' dir='ltr'>alter</span> <span class='ocrx_word' id='word_1_178' title='bbox 904 1161 1081 1202; x_wconf 82' lang='lat' dir='ltr'>notaret,</span> <span class='ocrx_word' id='word_1_179' title='bbox 1103 1152 1155 1193; x_wconf 83' lang='lat' dir='ltr'>ab</span> <span class='ocrx_word' id='word_1_180' title='bbox 1177 1152 1306 1193; x_wconf 80' lang='lat' dir='ltr'>altero</span> <span class='ocrx_word' id='word_1_181' title='bbox 1326 1151 1490 1193; x_wconf 83' lang='lat' dir='ltr'>levata</span> <span class='ocrx_word' id='word_1_182' title='bbox 1482 1150 1718 1207; x_wconf 74' lang='lat' dir='ltr'>ignominia</span> 
     </span>
     <span class='ocr_line' id='line_1_28' title="bbox 311 1206 1721 1264; baseline -0.001 -14"><span class='ocrx_word' id='word_1_183' title='bbox 311 1209 572 1259; x_wconf 85' lang='lat' dir='ltr'>Petentibus‚</span> <span class='ocrx_word' id='word_1_184' title='bbox 601 1218 649 1250; x_wconf 89' lang='lat' dir='ltr'>ut</span> <span class='ocrx_word' id='word_1_185' title='bbox 679 1225 731 1250; x_wconf 89' lang='lat' dir='ltr'>ex</span> <span class='ocrx_word' id='word_1_186' title='bbox 761 1209 954 1250; x_wconf 88' lang='lat' dir='ltr'>instituto</span> <span class='ocrx_word' id='word_1_187' title='bbox 983 1209 1038 1250; x_wconf 83' lang='lat' dir='ltr'>ad</span> <span class='ocrx_word' id='word_1_188' title='bbox 1067 1218 1178 1251; x_wconf 81' lang='lat' dir='ltr'>sarta</span> <span class='ocrx_word' id='word_1_189' title='bbox 1210 1217 1320 1250; x_wconf 86' lang='lat' dir='ltr'>tecta</span> <span class='ocrx_word' id='word_1_190' title='bbox 1348 1208 1567 1264; x_wconf 82' lang='lat' dir='ltr'>exigenda,</span> <span class='ocrx_word' id='word_1_191' title='bbox 1595 1216 1636 1249; x_wconf 88' lang='lat' dir='ltr'>et</span> <span class='ocrx_word' id='word_1_192' title='bbox 1666 1206 1721 1248; x_wconf 85' lang='lat' dir='ltr'>ad</span> 
     </span>
     <span class='ocr_line' id='line_1_29' title="bbox 309 1265 1720 1322; baseline -0.001 -16"><span class='ocrx_word' id='word_1_193' title='bbox 309 1280 449 1322; x_wconf 82' lang='lat' dir='ltr'>opera,</span> <span class='ocrx_word' id='word_1_194' title='bbox 471 1281 569 1322; x_wconf 87' lang='lat' dir='ltr'>quae</span> <span class='ocrx_word' id='word_1_195' title='bbox 600 1266 816 1316; x_wconf 77' lang='lat' dir='ltr'>locassent,</span> <span class='ocrx_word' id='word_1_196' title='bbox 838 1267 1067 1322; x_wconf 79' lang='lat' dir='ltr'>probanda,</span> <span class='ocrx_word' id='word_1_197' title='bbox 1088 1265 1229 1308; x_wconf 75' lang='grc'>69311111</span> <span class='ocrx_word' id='word_1_198' title='bbox 1259 1273 1300 1306; x_wconf 90' lang='lat' dir='ltr'>et</span> <span class='ocrx_word' id='word_1_199' title='bbox 1329 1265 1525 1306; x_wconf 88' lang='lat' dir='ltr'>bimensis</span> <span class='ocrx_word' id='word_1_200' title='bbox 1553 1272 1720 1320; x_wconf 90' lang='lat' dir='ltr'>tempus</span> 
     </span>
     <span class='ocr_line' id='line_1_30' title="bbox 309 1322 1719 1386; baseline -0.001 -23"><span class='ocrx_word' id='word_1_201' title='bbox 309 1330 621 1386; x_wconf 74' lang='lat' dir='ltr'>prorogaretur,</span> <span class='ocrx_word' id='word_1_202' title='bbox 645 1324 721 1364; x_wconf 89' lang='lat' dir='ltr'>Cn.</span> <span class='ocrx_word' id='word_1_203' title='bbox 747 1323 999 1364; x_wconf 81' lang='lat' dir='ltr'>Tremellius</span> <span class='ocrx_word' id='word_1_204' title='bbox 1028 1323 1236 1373; x_wconf 84' lang='lat' dir='ltr'>tribunus,</span> <span class='ocrx_word' id='word_1_205' title='bbox 1259 1322 1359 1378; x_wconf 84' lang='lat' dir='ltr'>quia</span> <span class='ocrx_word' id='word_1_206' title='bbox 1378 1322 1509 1364; x_wconf 86' lang='lat' dir='ltr'>lectus</span> <span class='ocrx_word' id='word_1_207' title='bbox 1529 1336 1612 1362; x_wconf 90' lang='lat' dir='ltr'>non</span> <span class='ocrx_word' id='word_1_208' title='bbox 1633 1328 1719 1362; x_wconf 84' lang='lat' dir='ltr'>erat</span> 
     </span>
     <span class='ocr_line' id='line_1_31' title="bbox 309 1377 1722 1431; baseline -0.001 -11"><span class='ocrx_word' id='word_1_209' title='bbox 309 1394 350 1420; x_wconf 86' lang='grc'>111</span> <span class='ocrx_word' id='word_1_210' title='bbox 374 1388 576 1431; x_wconf 74' lang='lat' dir='ltr'>senatum,</span> <span class='ocrx_word' id='word_1_211' title='bbox 599 1379 840 1421; x_wconf 83' lang='lat' dir='ltr'>intercessit.</span> <span class='ocrx_word' id='word_1_212' title='bbox 902 1380 1064 1421; x_wconf 85' lang='lat' dir='ltr'>Eodem</span> <span class='ocrx_word' id='word_1_213' title='bbox 1094 1395 1202 1421; x_wconf 85' lang='grc'><strong>311110</strong></span> <span class='ocrx_word' id='word_1_214' title='bbox 1225 1380 1272 1421; x_wconf 86' lang='lat' dir='ltr'>C.</span> <span class='ocrx_word' id='word_1_215' title='bbox 1297 1379 1505 1421; x_wconf 87' lang='lat' dir='ltr'>Cicereius</span> <span class='ocrx_word' id='word_1_216' title='bbox 1527 1377 1687 1420; x_wconf 84' lang='lat' dir='ltr'>aedem</span> <span class='ocrx_word' id='word_1_217' title='bbox 1678 1393 1722 1419; x_wconf 89' lang='lat' dir='ltr'>m</span> 
     </span>
    </p>
   </div>
   <div class='ocr_carea' id='block_1_7' title="bbox 302 1519 1004 2801">
    <p class='ocr_par' dir='ltr' id='par_1_10' title="bbox 307 1519 995 1646">
     <span class='ocr_line' id='line_1_32' title="bbox 307 1519 995 1562; baseline 0.004 -13"><span class='ocrx_word' id='word_1_218' title='bbox 307 1528 396 1562; x_wconf 78' lang='lat' dir='ltr'>posse</span> <span class='ocrx_word' id='word_1_219' title='bbox 411 1519 450 1550; x_wconf 78' lang='lat' dir='ltr'>de</span> <span class='ocrx_word' id='word_1_220' title='bbox 472 1519 593 1550; x_wconf 87' lang='lat' dir='ltr'>decreto</span> <span class='ocrx_word' id='word_1_221' title='bbox 607 1519 690 1562; x_wconf 90' lang='lat' dir='ltr'>quod</span> <span class='ocrx_word' id='word_1_222' title='bbox 715 1520 805 1551; x_wconf 87' lang='lat' dir='ltr'>modo</span> <span class='ocrx_word' id='word_1_223' title='bbox 828 1520 926 1551; x_wconf 82' lang='lat' dir='ltr'>latum</span> <span class='ocrx_word' id='word_1_224' title='bbox 948 1531 995 1552; x_wconf 86' lang='grc'>65-</span> 
     </span>
     <span class='ocr_line' id='line_1_33' title="bbox 309 1562 995 1605; baseline 0.003 -13"><span class='ocrx_word' id='word_1_225' title='bbox 309 1568 365 1597; x_wconf 86' lang='lat' dir='ltr'>set,</span> <span class='ocrx_word' id='word_1_226' title='bbox 384 1562 438 1593; x_wconf 88' lang='lat' dir='ltr'>sed</span> <span class='ocrx_word' id='word_1_227' title='bbox 461 1563 499 1593; x_wconf 86' lang='lat' dir='ltr'>de</span> <span class='ocrx_word' id='word_1_228' title='bbox 525 1572 609 1594; x_wconf 85' lang='lat' dir='ltr'>more</span> <span class='ocrx_word' id='word_1_229' title='bbox 627 1573 693 1604; x_wconf 82' lang='lat' dir='ltr'>Jam</span> <span class='ocrx_word' id='word_1_230' title='bbox 721 1573 775 1605; x_wconf 86' lang='lat' dir='ltr'>per</span> <span class='ocrx_word' id='word_1_231' title='bbox 801 1564 995 1605; x_wconf 84' lang='lat' dir='ltr'>aliquantum</span> 
     </span>
     <span class='ocr_line' id='line_1_34' title="bbox 309 1605 596 1646; baseline -0.004 -9"><span class='ocrx_word' id='word_1_232' title='bbox 309 1605 453 1646; x_wconf 76' lang='lat' dir='ltr'>temporis</span> <span class='ocrx_word' id='word_1_233' title='bbox 468 1611 596 1636; x_wconf 74' lang='lat' dir='ltr'>servato.</span> 
     </span>
    </p>

    <p class='ocr_par' dir='ltr' id='par_1_11' title="bbox 310 1648 996 1764">
     <span class='ocr_line' id='line_1_35' title="bbox 352 1648 994 1690; baseline 0 -12"><span class='ocrx_word' id='word_1_234' title='bbox 352 1649 394 1679; x_wconf 83' lang='lat'>65</span> <span class='ocrx_word' id='word_1_235' title='bbox 431 1648 601 1678; x_wconf 67' lang='lat' dir='ltr'>Sestcrtizim</span> <span class='ocrx_word' id='word_1_236' title='bbox 660 1649 785 1689; x_wconf 68' lang='lat' dir='ltr'>triginta</span> <span class='ocrx_word' id='word_1_237' title='bbox 850 1649 994 1690; x_wconf 80' lang='lat' dir='ltr'>millium]</span> 
     </span>
     <span class='ocr_line' id='line_1_36' title="bbox 310 1690 996 1732; baseline 0.003 -12"><span class='ocrx_word' id='word_1_238' title='bbox 310 1691 490 1721; x_wconf 83' lang='lat' dir='ltr'>Marcarum</span> <span class='ocrx_word' id='word_1_239' title='bbox 513 1690 630 1732; x_wconf 82' lang='lat' dir='ltr'>argenti</span> <span class='ocrx_word' id='word_1_240' title='bbox 654 1691 834 1722; x_wconf 75' lang='lat' dir='ltr'>nostratium</span> <span class='ocrx_word' id='word_1_241' title='bbox 858 1693 928 1722; x_wconf 89' lang='grc'><strong>117.</strong></span> <span class='ocrx_word' id='word_1_242' title='bbox 949 1702 996 1722; x_wconf 81' lang='grc'>56-</span> 
     </span>
     <span class='ocr_line' id='line_1_37' title="bbox 311 1734 551 1764; baseline 0.004 -1"><span class='ocrx_word' id='word_1_243' title='bbox 311 1734 503 1764; x_wconf 76' lang='lat' dir='ltr'>munciarum</span> <span class='ocrx_word' id='word_1_244' title='bbox 519 1734 551 1764; x_wconf 85' lang='lat'>3.</span> 
     </span>
    </p>

    <p class='ocr_par' dir='ltr' id='par_1_12' title="bbox 302 1776 1004 2801">
     <span class='ocr_line' id='line_1_38' title="bbox 354 1776 996 1818; baseline 0.002 -12"><span class='ocrx_word' id='word_1_245' title='bbox 354 1777 395 1806; x_wconf 81' lang='lat'>66</span> <span class='ocrx_word' id='word_1_246' title='bbox 421 1776 561 1806; x_wconf 78' lang='lat' dir='ltr'>Censendi</span> <span class='ocrx_word' id='word_1_247' title='bbox 579 1779 636 1816; x_wconf 78' lang='lat' dir='ltr'>jus</span> <span class='ocrx_word' id='word_1_248' title='bbox 651 1776 775 1818; x_wconf 72' lang='lat' dir='ltr'>factum</span> <span class='ocrx_word' id='word_1_249' title='bbox 798 1777 854 1818; x_wconf 72' lang='lat' dir='ltr'>esi]</span> <span class='ocrx_word' id='word_1_250' title='bbox 889 1776 996 1808; x_wconf 83' lang='lat' dir='ltr'>Credi-</span> 
     </span>
     <span class='ocr_line' id='line_1_39' title="bbox 312 1818 997 1860; baseline 0 -10"><span class='ocrx_word' id='word_1_251' title='bbox 312 1829 380 1850; x_wconf 86' lang='lat' dir='ltr'>mus</span> <span class='ocrx_word' id='word_1_252' title='bbox 407 1818 458 1849; x_wconf 87' lang='lat' dir='ltr'>hic</span> <span class='ocrx_word' id='word_1_253' title='bbox 484 1819 601 1860; x_wconf 84' lang='lat' dir='ltr'>aliquid</span> <span class='ocrx_word' id='word_1_254' title='bbox 631 1819 791 1855; x_wconf 82' lang='lat' dir='ltr'>excidisse,</span> <span class='ocrx_word' id='word_1_255' title='bbox 815 1825 846 1850; x_wconf 87' lang='lat' dir='ltr'>et</span> <span class='ocrx_word' id='word_1_256' title='bbox 875 1830 997 1850; x_wconf 87' lang='lat' dir='ltr'>sensum</span> 
     </span>
     <span class='ocr_line' id='line_1_40' title="bbox 311 1861 997 1904; baseline 0 -11"><span class='ocrx_word' id='word_1_257' title='bbox 311 1862 363 1893; x_wconf 89' lang='lat' dir='ltr'>vix</span> <span class='ocrx_word' id='word_1_258' title='bbox 390 1861 479 1893; x_wconf 76' lang='lat' dir='ltr'>aliter</span> <span class='ocrx_word' id='word_1_259' title='bbox 500 1868 640 1894; x_wconf 78' lang='lat' dir='ltr'>constare</span> <span class='ocrx_word' id='word_1_260' title='bbox 661 1872 760 1904; x_wconf 84' lang='lat' dir='ltr'>posse,</span> <span class='ocrx_word' id='word_1_261' title='bbox 787 1872 880 1903; x_wconf 83' lang='lat' dir='ltr'>quam</span> <span class='ocrx_word' id='word_1_262' title='bbox 907 1862 931 1893; x_wconf 87' lang='lat' dir='ltr'>si</span> <span class='ocrx_word' id='word_1_263' title='bbox 953 1864 997 1893; x_wconf 89' lang='grc'>16-</span> 
     </span>
     <span class='ocr_line' id='line_1_41' title="bbox 313 1906 999 1945; baseline 0 -10"><span class='ocrx_word' id='word_1_264' title='bbox 313 1914 432 1945; x_wconf 82' lang='lat' dir='ltr'>gamus,</span> <span class='ocrx_word' id='word_1_265' title='bbox 470 1906 502 1935; x_wconf 84' lang='lat' dir='ltr'>in</span> <span class='ocrx_word' id='word_1_266' title='bbox 543 1907 675 1935; x_wconf 78' lang='lat' dir='ltr'>tribubus</span> <span class='ocrx_word' id='word_1_267' title='bbox 716 1906 833 1935; x_wconf 73' lang='lat' dir='ltr'>rusticis</span> <span class='ocrx_word' id='word_1_268' title='bbox 867 1907 999 1936; x_wconf 73' lang='lat' dir='ltr'>censendi</span> 
     </span>
     <span class='ocr_line' id='line_1_42' title="bbox 302 1947 999 1988; baseline 0.003 -11"><span class='ocrx_word' id='word_1_269' title='bbox 302 1950 359 1986; x_wconf 78' lang='lat' dir='ltr'>jus</span> <span class='ocrx_word' id='word_1_270' title='bbox 381 1947 503 1988; x_wconf 75' lang='lat' dir='ltr'>jizctum</span> <span class='ocrx_word' id='word_1_271' title='bbox 528 1954 577 1978; x_wconf 70' lang='lat' dir='ltr'>est.</span> <span class='ocrx_word' id='word_1_272' title='bbox 624 1948 709 1978; x_wconf 81' lang='lat' dir='ltr'>Nam</span> <span class='ocrx_word' id='word_1_273' title='bbox 738 1948 773 1977; x_wconf 95' lang='lat' dir='ltr'>L.</span> <span class='ocrx_word' id='word_1_274' title='bbox 793 1948 932 1983; x_wconf 85' lang='lat' dir='ltr'>AEmilio,</span> <span class='ocrx_word' id='word_1_275' title='bbox 962 1949 999 1979; x_wconf 84' lang='lat' dir='ltr'>C.</span> 
     </span>
     <span class='ocr_line' id='line_1_43' title="bbox 315 1989 1000 2031; baseline 0.001 -10"><span class='ocrx_word' id='word_1_276' title='bbox 315 1989 468 2021; x_wconf 76' lang='lat' dir='ltr'>Flaminio</span> <span class='ocrx_word' id='word_1_277' title='bbox 511 1990 698 2026; x_wconf 81' lang='lat' dir='ltr'>censoribus,</span> <span class='ocrx_word' id='word_1_278' title='bbox 744 2000 805 2021; x_wconf 84' lang='lat' dir='ltr'>non</span> <span class='ocrx_word' id='word_1_279' title='bbox 849 1992 1000 2031; x_wconf 79' lang='lat' dir='ltr'>agebatur</span> 
     </span>
     <span class='ocr_line' id='line_1_44' title="bbox 314 2032 999 2069; baseline 0.001 -6"><span class='ocrx_word' id='word_1_280' title='bbox 314 2038 417 2064; x_wconf 86' lang='lat' dir='ltr'>utrum</span> <span class='ocrx_word' id='word_1_281' title='bbox 451 2038 648 2064; x_wconf 85' lang='lat' dir='ltr'>censerentur</span> <span class='ocrx_word' id='word_1_282' title='bbox 679 2032 825 2069; x_wconf 87' lang='lat' dir='ltr'>libertini,</span> <span class='ocrx_word' id='word_1_283' title='bbox 856 2034 910 2065; x_wconf 87' lang='lat' dir='ltr'>sed</span> <span class='ocrx_word' id='word_1_284' title='bbox 946 2034 999 2064; x_wconf 93' lang='lat' dir='ltr'>ubi</span> 
     </span>
     <span class='ocr_line' id='line_1_45' title="bbox 314 2076 1000 2108; baseline 0.001 -2"><span class='ocrx_word' id='word_1_285' title='bbox 314 2081 520 2107; x_wconf 85' lang='lat' dir='ltr'>censerentur.</span> <span class='ocrx_word' id='word_1_286' title='bbox 565 2077 652 2106; x_wconf 85' lang='lat' dir='ltr'>Bene</span> <span class='ocrx_word' id='word_1_287' title='bbox 674 2082 778 2107; x_wconf 80' lang='lat' dir='ltr'>autem</span> <span class='ocrx_word' id='word_1_288' title='bbox 797 2076 826 2107; x_wconf 77' lang='lat' dir='ltr'>vii</span> <span class='ocrx_word' id='word_1_289' title='bbox 849 2077 880 2107; x_wconf 89' lang='lat' dir='ltr'>in</span> <span class='ocrx_word' id='word_1_290' title='bbox 903 2077 1000 2108; x_wconf 86' lang='lat' dir='ltr'>tribus</span> 
     </span>
     <span class='ocr_line' id='line_1_46' title="bbox 316 2118 999 2161; baseline 0.003 -12"><span class='ocrx_word' id='word_1_291' title='bbox 316 2119 445 2150; x_wconf 81' lang='lat' dir='ltr'>rusticas</span> <span class='ocrx_word' id='word_1_292' title='bbox 471 2118 686 2154; x_wconf 72' lang='lat' dir='ltr'>admittuntur,</span> <span class='ocrx_word' id='word_1_293' title='bbox 714 2119 766 2160; x_wconf 87' lang='lat' dir='ltr'>qui</span> <span class='ocrx_word' id='word_1_294' title='bbox 793 2120 910 2161; x_wconf 73' lang='lat' dir='ltr'>praedia</span> <span class='ocrx_word' id='word_1_295' title='bbox 934 2131 999 2151; x_wconf 87' lang='lat' dir='ltr'>rus—</span> 
     </span>
     <span class='ocr_line' id='line_1_47' title="bbox 316 2161 1000 2194; baseline 0.004 -3"><span class='ocrx_word' id='word_1_296' title='bbox 316 2162 379 2193; x_wconf 85' lang='lat' dir='ltr'>tica</span> <span class='ocrx_word' id='word_1_297' title='bbox 403 2161 563 2193; x_wconf 80' lang='lat' dir='ltr'>haberent.</span> <span class='ocrx_word' id='word_1_298' title='bbox 608 2163 715 2193; x_wconf 87' lang='lat' dir='ltr'>Potest</span> <span class='ocrx_word' id='word_1_299' title='bbox 736 2162 839 2193; x_wconf 84' lang='lat' dir='ltr'>venire</span> <span class='ocrx_word' id='word_1_300' title='bbox 861 2162 893 2193; x_wconf 89' lang='lat' dir='ltr'>in</span> <span class='ocrx_word' id='word_1_301' title='bbox 914 2173 1000 2194; x_wconf 85' lang='lat' dir='ltr'>men-</span> 
     </span>
     <span class='ocr_line' id='line_1_48' title="bbox 317 2205 1003 2240; baseline 0.004 -6"><span class='ocrx_word' id='word_1_302' title='bbox 317 2209 392 2240; x_wconf 87' lang='lat' dir='ltr'>tem,</span> <span class='ocrx_word' id='word_1_303' title='bbox 417 2215 479 2235; x_wconf 91' lang='lat' dir='ltr'>non</span> <span class='ocrx_word' id='word_1_304' title='bbox 502 2205 743 2236; x_wconf 80' lang='lat' dir='ltr'>contemnendas</span> <span class='ocrx_word' id='word_1_305' title='bbox 767 2205 858 2237; x_wconf 84' lang='lat' dir='ltr'>fuisse</span> <span class='ocrx_word' id='word_1_306' title='bbox 881 2205 1003 2238; x_wconf 74' lang='lat' dir='ltr'>divitias</span> 
     </span>
     <span class='ocr_line' id='line_1_49' title="bbox 319 2247 1003 2289; baseline 0.003 -12"><span class='ocrx_word' id='word_1_307' title='bbox 319 2247 380 2277; x_wconf 83' lang='lat' dir='ltr'>illis</span> <span class='ocrx_word' id='word_1_308' title='bbox 424 2248 612 2289; x_wconf 84' lang='lat' dir='ltr'>temporibus</span> <span class='ocrx_word' id='word_1_309' title='bbox 661 2247 833 2279; x_wconf 83' lang='lat' dir='ltr'>sestertium</span> <span class='ocrx_word' id='word_1_310' title='bbox 876 2248 933 2289; x_wconf 77' lang='lat' dir='ltr'>trig</span> <span class='ocrx_word' id='word_1_311' title='bbox 918 2250 1003 2280; x_wconf 82' lang='lat' dir='ltr'>ointa</span> 
     </span>
     <span class='ocr_line' id='line_1_50' title="bbox 320 2289 1004 2333; baseline 0.007 -15"><span class='ocrx_word' id='word_1_312' title='bbox 320 2289 438 2319; x_wconf 77' lang='lat' dir='ltr'>millia</span> <span class='ocrx_word' id='word_1_313' title='bbox 432 2300 463 2319; x_wconf 81' lang='lat' dir='ltr'>in</span> <span class='ocrx_word' id='word_1_314' title='bbox 475 2290 597 2331; x_wconf 79' lang='lat' dir='ltr'>praediis</span> <span class='ocrx_word' id='word_1_315' title='bbox 620 2289 751 2327; x_wconf 84' lang='lat' dir='ltr'>rusticis,</span> <span class='ocrx_word' id='word_1_316' title='bbox 767 2301 862 2331; x_wconf 85' lang='lat' dir='ltr'>quum</span> <span class='ocrx_word' id='word_1_317' title='bbox 885 2291 1004 2333; x_wconf 83' lang='lat' dir='ltr'>aliquot</span> 
     </span>
     <span class='ocr_line' id='line_1_51' title="bbox 321 2314 1002 2375; baseline 0.007 -14"><span class='ocrx_word' id='word_1_318' title='bbox 321 2332 409 2362; x_wconf 80' lang='lat' dir='ltr'>annis</span> <span class='ocrx_word' id='word_1_319' title='bbox 437 2338 505 2373; x_wconf 80' lang='lat' dir='ltr'>post</span> <span class='ocrx_word' id='word_1_320' title='bbox 533 2334 591 2364; x_wconf 89' lang='lat' dir='ltr'>Cn.</span> <span class='ocrx_word' id='word_1_321' title='bbox 616 2314 768 2375; x_wconf 84' lang='lat' dir='ltr'>Scipionis</span> <span class='ocrx_word' id='word_1_322' title='bbox 802 2333 874 2365; x_wconf 81' lang='lat' dir='ltr'>filiae</span> <span class='ocrx_word' id='word_1_323' title='bbox 902 2334 957 2365; x_wconf 90' lang='lat' dir='ltr'>dos</span> <span class='ocrx_word' id='word_1_324' title='bbox 986 2346 1002 2366; x_wconf 87' lang='grc'>6</span> 
     </span>
     <span class='ocr_line' id='line_1_52' title="bbox 320 2375 1003 2415; baseline 0.007 -12"><span class='ocrx_word' id='word_1_325' title='bbox 320 2375 446 2415; x_wconf 87' lang='lat' dir='ltr'>publico</span> <span class='ocrx_word' id='word_1_326' title='bbox 487 2376 653 2407; x_wconf 81' lang='lat' dir='ltr'>constituta</span> <span class='ocrx_word' id='word_1_327' title='bbox 696 2376 744 2411; x_wconf 86' lang='lat' dir='ltr'>sit,</span> <span class='ocrx_word' id='word_1_328' title='bbox 783 2381 860 2407; x_wconf 85' lang='lat' dir='ltr'>teste</span> <span class='ocrx_word' id='word_1_329' title='bbox 897 2377 1003 2408; x_wconf 77' lang='lat' dir='ltr'>V.aler</span> 
     </span>
     <span class='ocr_line' id='line_1_53' title="bbox 321 2417 1002 2459; baseline 0.006 -13"><span class='ocrx_word' id='word_1_330' title='bbox 321 2417 412 2447; x_wconf 80' lang='lat' dir='ltr'>Max,</span> <span class='ocrx_word' id='word_1_331' title='bbox 428 2417 448 2446; x_wconf 89' lang='lat' dir='ltr'>l.</span> <span class='ocrx_word' id='word_1_332' title='bbox 464 2419 524 2448; x_wconf 79' lang='lat' dir='ltr'>IV.</span> <span class='ocrx_word' id='word_1_333' title='bbox 540 2429 568 2448; x_wconf 87' lang='grc'>6.</span> <span class='ocrx_word' id='word_1_334' title='bbox 586 2420 615 2448; x_wconf 94' lang='lat'>4.</span> <span class='ocrx_word' id='word_1_335' title='bbox 640 2419 775 2459; x_wconf 71' lang='lat' dir='ltr'>quadrag</span> <span class='ocrx_word' id='word_1_336' title='bbox 773 2418 846 2450; x_wconf 84' lang='lat' dir='ltr'>inta</span> <span class='ocrx_word' id='word_1_337' title='bbox 871 2419 1002 2450; x_wconf 89' lang='lat' dir='ltr'>millium</span> 
     </span>
     <span class='ocr_line' id='line_1_54' title="bbox 322 2458 1003 2497; baseline 0.007 -9"><span class='ocrx_word' id='word_1_338' title='bbox 322 2458 390 2488; x_wconf 75' lang='lat' dir='ltr'>:eris</span> <span class='ocrx_word' id='word_1_339' title='bbox 417 2460 528 2497; x_wconf 65' lang='lat' dir='ltr'>graw&#39;s,</span> <span class='ocrx_word' id='word_1_340' title='bbox 555 2460 586 2490; x_wconf 91' lang='lat' dir='ltr'>id</span> <span class='ocrx_word' id='word_1_341' title='bbox 621 2465 676 2496; x_wconf 81' lang='lat' dir='ltr'>est,</span> <span class='ocrx_word' id='word_1_342' title='bbox 705 2462 839 2492; x_wconf 86' lang='lat' dir='ltr'>sedecim</span> <span class='ocrx_word' id='word_1_343' title='bbox 872 2462 1003 2493; x_wconf 87' lang='lat' dir='ltr'>millium</span> 
     </span>
     <span class='ocr_line' id='line_1_55' title="bbox 322 2501 1004 2545; baseline 0.006 -14"><span class='ocrx_word' id='word_1_344' title='bbox 322 2501 504 2532; x_wconf 72' lang='lat' dir='ltr'>sestertium.</span> <span class='ocrx_word' id='word_1_345' title='bbox 548 2502 609 2532; x_wconf 85' lang='lat' dir='ltr'>Sed</span> <span class='ocrx_word' id='word_1_346' title='bbox 635 2501 724 2534; x_wconf 83' lang='lat' dir='ltr'>facile</span> <span class='ocrx_word' id='word_1_347' title='bbox 751 2504 1004 2545; x_wconf 81' lang='lat' dir='ltr'>respondebimus</span> 
     </span>
     <span class='ocr_line' id='line_1_56' title="bbox 322 2543 1002 2585; baseline 0.007 -12"><span class='ocrx_word' id='word_1_348' title='bbox 322 2543 403 2574; x_wconf 80' lang='grc'><strong>113116</strong></span> <span class='ocrx_word' id='word_1_349' title='bbox 430 2544 529 2585; x_wconf 82' lang='lat' dir='ltr'>ipsam</span> <span class='ocrx_word' id='word_1_350' title='bbox 552 2545 644 2575; x_wconf 87' lang='lat' dir='ltr'>fuisse</span> <span class='ocrx_word' id='word_1_351' title='bbox 670 2555 830 2576; x_wconf 73' lang='lat' dir='ltr'>censorum</span> <span class='ocrx_word' id='word_1_352' title='bbox 858 2554 1002 2584; x_wconf 79' lang='lat' dir='ltr'>mentem,</span> 
     </span>
     <span class='ocr_line' id='line_1_57' title="bbox 322 2587 1004 2621; baseline 0.008 -5"><span class='ocrx_word' id='word_1_353' title='bbox 322 2592 356 2616; x_wconf 89' lang='lat' dir='ltr'>ut</span> <span class='ocrx_word' id='word_1_354' title='bbox 382 2587 414 2617; x_wconf 89' lang='lat' dir='ltr'>in</span> <span class='ocrx_word' id='word_1_355' title='bbox 442 2587 539 2618; x_wconf 74' lang='lat' dir='ltr'>tribus</span> <span class='ocrx_word' id='word_1_356' title='bbox 563 2587 692 2618; x_wconf 72' lang='lat' dir='ltr'>rusticas</span> <span class='ocrx_word' id='word_1_357' title='bbox 714 2599 774 2618; x_wconf 88' lang='lat' dir='ltr'>non</span> <span class='ocrx_word' id='word_1_358' title='bbox 805 2588 1004 2621; x_wconf 77' lang='lat' dir='ltr'>admitteren-</span> 
     </span>
     <span class='ocr_line' id='line_1_58' title="bbox 323 2628 1004 2672; baseline 0.006 -13"><span class='ocrx_word' id='word_1_359' title='bbox 323 2635 381 2664; x_wconf 87' lang='lat' dir='ltr'>tur,</span> <span class='ocrx_word' id='word_1_360' title='bbox 398 2630 456 2660; x_wconf 88' lang='lat' dir='ltr'>nisi</span> <span class='ocrx_word' id='word_1_361' title='bbox 477 2628 619 2660; x_wconf 83' lang='lat' dir='ltr'>ditissimi</span> <span class='ocrx_word' id='word_1_362' title='bbox 641 2630 756 2672; x_wconf 82' lang='lat' dir='ltr'>quique</span> <span class='ocrx_word' id='word_1_363' title='bbox 778 2641 816 2662; x_wconf 83' lang='lat' dir='ltr'>ex</span> <span class='ocrx_word' id='word_1_364' title='bbox 841 2631 1004 2665; x_wconf 88' lang='lat' dir='ltr'>libertinis.</span> 
     </span>
     <span class='ocr_line' id='line_1_59' title="bbox 323 2672 1003 2713; baseline 0.007 -11"><span class='ocrx_word' id='word_1_365' title='bbox 323 2673 418 2702; x_wconf 89' lang='lat' dir='ltr'>Porro</span> <span class='ocrx_word' id='word_1_366' title='bbox 443 2672 594 2713; x_wconf 81' lang='lat' dir='ltr'>quidquid</span> <span class='ocrx_word' id='word_1_367' title='bbox 621 2672 670 2703; x_wconf 86' lang='lat' dir='ltr'>hic</span> <span class='ocrx_word' id='word_1_368' title='bbox 697 2673 863 2709; x_wconf 82' lang='lat' dir='ltr'>afferimus,</span> <span class='ocrx_word' id='word_1_369' title='bbox 887 2675 918 2705; x_wconf 86' lang='lat' dir='ltr'>id</span> <span class='ocrx_word' id='word_1_370' title='bbox 942 2685 1003 2707; x_wconf 89' lang='lat' dir='ltr'>non</span> 
     </span>
     <span class='ocr_line' id='line_1_60' title="bbox 322 2715 1000 2761; baseline 0.006 -17"><span class='ocrx_word' id='word_1_371' title='bbox 322 2725 376 2761; x_wconf 84' lang='lat' dir='ltr'>pro</span> <span class='ocrx_word' id='word_1_372' title='bbox 400 2720 483 2746; x_wconf 87' lang='lat' dir='ltr'>certo</span> <span class='ocrx_word' id='word_1_373' title='bbox 507 2715 657 2747; x_wconf 81' lang='lat' dir='ltr'>affirmare</span> <span class='ocrx_word' id='word_1_374' title='bbox 680 2715 712 2746; x_wconf 87' lang='lat' dir='ltr'>in</span> <span class='ocrx_word' id='word_1_375' title='bbox 738 2717 841 2748; x_wconf 86' lang='lat' dir='ltr'>animo</span> <span class='ocrx_word' id='word_1_376' title='bbox 861 2722 920 2755; x_wconf 84' lang='lat' dir='ltr'>est,</span> <span class='ocrx_word' id='word_1_377' title='bbox 936 2719 1000 2754; x_wconf 89' lang='lat' dir='ltr'>sed,</span> 
     </span>
     <span class='ocr_line' id='line_1_61' title="bbox 322 2756 1002 2801; baseline 0.007 -15"><span class='ocrx_word' id='word_1_378' title='bbox 322 2756 354 2786; x_wconf 88' lang='lat' dir='ltr'>in</span> <span class='ocrx_word' id='word_1_379' title='bbox 389 2758 481 2787; x_wconf 90' lang='lat' dir='ltr'>rebus</span> <span class='ocrx_word' id='word_1_380' title='bbox 517 2758 719 2799; x_wconf 74' lang='lat' dir='ltr'>perobscuris,</span> <span class='ocrx_word' id='word_1_381' title='bbox 755 2764 905 2801; x_wconf 76' lang='lat' dir='ltr'>tanquam</span> <span class='ocrx_word' id='word_1_382' title='bbox 942 2771 1002 2791; x_wconf 88' lang='lat' dir='ltr'>non</span> 
     </span>
    </p>
   </div>
   <div class='ocr_carea' id='block_1_8' title="bbox 321 2800 1001 2883">
    <p class='ocr_par' dir='ltr' id='par_1_13' title="bbox 321 2800 1001 2883">
     <span class='ocr_line' id='line_1_62' title="bbox 321 2800 1001 2845; baseline 0.009 -17"><span class='ocrx_word' id='word_1_383' title='bbox 321 2800 446 2830; x_wconf 88' lang='lat' dir='ltr'>omnino</span> <span class='ocrx_word' id='word_1_384' title='bbox 471 2800 673 2842; x_wconf 81' lang='lat' dir='ltr'>improbabile</span> <span class='ocrx_word' id='word_1_385' title='bbox 694 2802 801 2834; x_wconf 84' lang='lat' dir='ltr'>lectori</span> <span class='ocrx_word' id='word_1_386' title='bbox 825 2803 1001 2845; x_wconf 80' lang='lat' dir='ltr'>expenden</span> 
     </span>
     <span class='ocr_line' id='line_1_63' title="bbox 322 2840 595 2883; baseline 0.011 -11"><span class='ocrx_word' id='word_1_387' title='bbox 322 2840 395 2873; x_wconf 85' lang='lat' dir='ltr'>dum</span> <span class='ocrx_word' id='word_1_388' title='bbox 410 2843 595 2883; x_wconf 78' lang='lat' dir='ltr'>permittere.</span> 
     </span>
    </p>
   </div>
   <div class='ocr_carea' id='block_1_9' title="bbox 1039 1518 1729 2846">
    <p class='ocr_par' dir='ltr' id='par_1_14' title="bbox 1039 1518 1723 1766">
     <span class='ocr_line' id='line_1_64' title="bbox 1082 1518 1721 1562; baseline -0.006 -10"><span class='ocrx_word' id='word_1_389' title='bbox 1082 1521 1122 1552; x_wconf 89' lang='grc'>67</span> <span class='ocrx_word' id='word_1_390' title='bbox 1147 1521 1256 1552; x_wconf 75' lang='lat' dir='ltr'>Senatu</span> <span class='ocrx_word' id='word_1_391' title='bbox 1270 1522 1353 1551; x_wconf 78' lang='lat' dir='ltr'>emoti</span> <span class='ocrx_word' id='word_1_392' title='bbox 1374 1521 1459 1562; x_wconf 77' lang='lat' dir='ltr'>sunt]</span> <span class='ocrx_word' id='word_1_393' title='bbox 1483 1518 1590 1560; x_wconf 79' lang='lat' dir='ltr'>Magis</span> <span class='ocrx_word' id='word_1_394' title='bbox 1615 1518 1721 1560; x_wconf 87' lang='lat' dir='ltr'>place-</span> 
     </span>
     <span class='ocr_line' id='line_1_65' title="bbox 1040 1560 1723 1595; baseline -0.006 -1"><span class='ocrx_word' id='word_1_395' title='bbox 1040 1570 1086 1594; x_wconf 87' lang='lat' dir='ltr'>ret</span> <span class='ocrx_word' id='word_1_396' title='bbox 1113 1571 1215 1594; x_wconf 75' lang='lat' dir='ltr'>semztu</span> <span class='ocrx_word' id='word_1_397' title='bbox 1243 1565 1312 1594; x_wconf 79' lang='lat' dir='ltr'>moti</span> <span class='ocrx_word' id='word_1_398' title='bbox 1336 1570 1420 1594; x_wconf 71' lang='lat' dir='ltr'>suut.</span> <span class='ocrx_word' id='word_1_399' title='bbox 1458 1563 1509 1595; x_wconf 86' lang='lat' dir='ltr'>Sic</span> <span class='ocrx_word' id='word_1_400' title='bbox 1535 1561 1617 1593; x_wconf 81' lang='lat' dir='ltr'>enim</span> <span class='ocrx_word' id='word_1_401' title='bbox 1644 1560 1723 1591; x_wconf 81' lang='lat' dir='ltr'>solet</span> 
     </span>
     <span class='ocr_line' id='line_1_66' title="bbox 1040 1605 1722 1647; baseline -0.005 -10"><span class='ocrx_word' id='word_1_402' title='bbox 1040 1607 1123 1647; x_wconf 87' lang='lat' dir='ltr'>loqui</span> <span class='ocrx_word' id='word_1_403' title='bbox 1149 1607 1264 1638; x_wconf 86' lang='lat' dir='ltr'>Livius.</span> <span class='ocrx_word' id='word_1_404' title='bbox 1309 1606 1454 1637; x_wconf 87' lang='lat' dir='ltr'>Ceterum</span> <span class='ocrx_word' id='word_1_405' title='bbox 1479 1606 1546 1637; x_wconf 84' lang='lat' dir='ltr'>haec</span> <span class='ocrx_word' id='word_1_406' title='bbox 1566 1605 1633 1646; x_wconf 78' lang='lat' dir='ltr'>jam</span> <span class='ocrx_word' id='word_1_407' title='bbox 1657 1614 1722 1635; x_wconf 88' lang='lat' dir='ltr'>me-</span> 
     </span>
     <span class='ocr_line' id='line_1_67' title="bbox 1039 1647 1723 1689; baseline -0.004 -10"><span class='ocrx_word' id='word_1_408' title='bbox 1039 1654 1211 1681; x_wconf 81' lang='lat' dir='ltr'>moraverat</span> <span class='ocrx_word' id='word_1_409' title='bbox 1234 1649 1350 1685; x_wconf 84' lang='lat' dir='ltr'>Livius,</span> <span class='ocrx_word' id='word_1_410' title='bbox 1371 1650 1392 1680; x_wconf 93' lang='lat' dir='ltr'>l.</span> <span class='ocrx_word' id='word_1_411' title='bbox 1408 1649 1536 1680; x_wconf 85' lang='lat' dir='ltr'><strong>XLIII.</strong></span> <span class='ocrx_word' id='word_1_412' title='bbox 1558 1658 1647 1689; x_wconf 87' lang='lat' dir='ltr'>capp.</span> <span class='ocrx_word' id='word_1_413' title='bbox 1672 1647 1723 1677; x_wconf 88' lang='grc'>15.</span> 
     </span>
     <span class='ocr_line' id='line_1_68' title="bbox 1041 1689 1721 1733; baseline -0.003 -12"><span class='ocrx_word' id='word_1_414' title='bbox 1041 1698 1072 1722; x_wconf 83' lang='lat' dir='ltr'>et</span> <span class='ocrx_word' id='word_1_415' title='bbox 1095 1693 1144 1722; x_wconf 88' lang='lat'>16.</span> <span class='ocrx_word' id='word_1_416' title='bbox 1188 1693 1251 1723; x_wconf 87' lang='lat' dir='ltr'>Sed</span> <span class='ocrx_word' id='word_1_417' title='bbox 1277 1693 1327 1723; x_wconf 86' lang='lat' dir='ltr'>hic</span> <span class='ocrx_word' id='word_1_418' title='bbox 1354 1692 1475 1733; x_wconf 84' lang='lat' dir='ltr'>supplet</span> <span class='ocrx_word' id='word_1_419' title='bbox 1498 1701 1534 1723; x_wconf 80' lang='lat' dir='ltr'>ea</span> <span class='ocrx_word' id='word_1_420' title='bbox 1562 1701 1632 1732; x_wconf 87' lang='lat' dir='ltr'>quae</span> <span class='ocrx_word' id='word_1_421' title='bbox 1657 1689 1721 1720; x_wconf 86' lang='lat' dir='ltr'>illic</span> 
     </span>
     <span class='ocr_line' id='line_1_69' title="bbox 1039 1741 1195 1766; baseline -0.006 0"><span class='ocrx_word' id='word_1_422' title='bbox 1039 1741 1195 1766; x_wconf 66' lang='lat' dir='ltr'>omiserat.</span> 
     </span>
    </p>

    <p class='ocr_par' dir='ltr' id='par_1_15' title="bbox 1040 1777 1722 1862">
     <span class='ocr_line' id='line_1_70' title="bbox 1083 1777 1722 1819; baseline -0.002 -12"><span class='ocrx_word' id='word_1_423' title='bbox 1083 1778 1123 1808; x_wconf 86' lang='grc'>68</span> <span class='ocrx_word' id='word_1_424' title='bbox 1150 1778 1240 1807; x_wconf 77' lang='lat' dir='ltr'>Tribu</span> <span class='ocrx_word' id='word_1_425' title='bbox 1267 1777 1383 1818; x_wconf 77' lang='lat' dir='ltr'>remoti]</span> <span class='ocrx_word' id='word_1_426' title='bbox 1422 1777 1562 1808; x_wconf 77' lang='lat' dir='ltr'>Solemnis</span> <span class='ocrx_word' id='word_1_427' title='bbox 1595 1782 1626 1807; x_wconf 82' lang='lat' dir='ltr'>et</span> <span class='ocrx_word' id='word_1_428' title='bbox 1653 1786 1722 1819; x_wconf 85' lang='lat' dir='ltr'>pro-</span> 
     </span>
     <span class='ocr_line' id='line_1_71' title="bbox 1040 1820 1496 1862; baseline 0.002 -12"><span class='ocrx_word' id='word_1_429' title='bbox 1040 1820 1107 1862; x_wconf 85' lang='lat' dir='ltr'>pria</span> <span class='ocrx_word' id='word_1_430' title='bbox 1121 1821 1235 1851; x_wconf 87' lang='lat' dir='ltr'>locutio</span> <span class='ocrx_word' id='word_1_431' title='bbox 1251 1826 1308 1856; x_wconf 75' lang='lat' dir='ltr'>est,</span> <span class='ocrx_word' id='word_1_432' title='bbox 1324 1823 1403 1851; x_wconf 80' lang='lat' dir='ltr'>tribu</span> <span class='ocrx_word' id='word_1_433' title='bbox 1418 1823 1496 1852; x_wconf 75' lang='lat' dir='ltr'>moti.</span> 
     </span>
    </p>

    <p class='ocr_par' dir='ltr' id='par_1_16' title="bbox 1039 1862 1729 2846">
     <span class='ocr_line' id='line_1_72' title="bbox 1084 1862 1722 1905; baseline -0.002 -12"><span class='ocrx_word' id='word_1_434' title='bbox 1084 1864 1125 1894; x_wconf 88' lang='grc'>69</span> <span class='ocrx_word' id='word_1_435' title='bbox 1150 1864 1230 1894; x_wconf 73' lang='lat' dir='ltr'>Anni</span> <span class='ocrx_word' id='word_1_436' title='bbox 1264 1870 1292 1893; x_wconf 81' lang='lat' dir='ltr'>et</span> <span class='ocrx_word' id='word_1_437' title='bbox 1327 1865 1471 1905; x_wconf 66' lang='lat' dir='ltr'>bimam-is]</span> <span class='ocrx_word' id='word_1_438' title='bbox 1530 1863 1600 1894; x_wconf 88' lang='lat' dir='ltr'>Hoc</span> <span class='ocrx_word' id='word_1_439' title='bbox 1634 1862 1722 1893; x_wconf 87' lang='lat' dir='ltr'>nobis</span> 
     </span>
     <span class='ocr_line' id='line_1_73' title="bbox 1042 1905 1722 1948; baseline -0.001 -12"><span class='ocrx_word' id='word_1_440' title='bbox 1042 1906 1132 1936; x_wconf 84' lang='lat' dir='ltr'>valde</span> <span class='ocrx_word' id='word_1_441' title='bbox 1156 1912 1332 1948; x_wconf 88' lang='lat' dir='ltr'>suspectum</span> <span class='ocrx_word' id='word_1_442' title='bbox 1347 1913 1403 1939; x_wconf 86' lang='lat' dir='ltr'>est.</span> <span class='ocrx_word' id='word_1_443' title='bbox 1447 1906 1549 1937; x_wconf 89' lang='lat' dir='ltr'>Primo</span> <span class='ocrx_word' id='word_1_444' title='bbox 1568 1905 1649 1937; x_wconf 85' lang='lat' dir='ltr'>enim</span> <span class='ocrx_word' id='word_1_445' title='bbox 1664 1906 1722 1936; x_wconf 87' lang='lat' dir='ltr'>du·</span> 
     </span>
     <span class='ocr_line' id='line_1_74' title="bbox 1041 1948 1721 1991; baseline 0.001 -13"><span class='ocrx_word' id='word_1_446' title='bbox 1041 1948 1175 1979; x_wconf 83' lang='lat' dir='ltr'>bitamus</span> <span class='ocrx_word' id='word_1_447' title='bbox 1199 1960 1238 1979; x_wconf 87' lang='grc'>311</span> <span class='ocrx_word' id='word_1_448' title='bbox 1261 1951 1390 1981; x_wconf 78' lang='lat' dir='ltr'>bimeusis</span> <span class='ocrx_word' id='word_1_449' title='bbox 1404 1959 1462 1980; x_wconf 83' lang='lat' dir='ltr'>vox</span> <span class='ocrx_word' id='word_1_450' title='bbox 1484 1950 1581 1991; x_wconf 84' lang='lat' dir='ltr'>proba</span> <span class='ocrx_word' id='word_1_451' title='bbox 1602 1949 1651 1983; x_wconf 73' lang='lat' dir='ltr'>sit,</span> <span class='ocrx_word' id='word_1_452' title='bbox 1668 1959 1721 1979; x_wconf 84' lang='grc'><strong>611-</strong></span> 
     </span>
     <span class='ocr_line' id='line_1_75' title="bbox 1039 1992 1722 2035; baseline -0.001 -13"><span class='ocrx_word' id='word_1_453' title='bbox 1039 1992 1090 2033; x_wconf 90' lang='lat' dir='ltr'>jus</span> <span class='ocrx_word' id='word_1_454' title='bbox 1104 1993 1223 2022; x_wconf 88' lang='lat' dir='ltr'>nullum</span> <span class='ocrx_word' id='word_1_455' title='bbox 1240 1992 1324 2023; x_wconf 83' lang='lat' dir='ltr'>aliud</span> <span class='ocrx_word' id='word_1_456' title='bbox 1347 1993 1522 2035; x_wconf 87' lang='lat' dir='ltr'>exemplum</span> <span class='ocrx_word' id='word_1_457' title='bbox 1544 1992 1722 2034; x_wconf 81' lang='lat' dir='ltr'>reperimus.</span> 
     </span>
     <span class='ocr_line' id='line_1_76' title="bbox 1043 2035 1721 2077; baseline -0.001 -12"><span class='ocrx_word' id='word_1_458' title='bbox 1043 2035 1168 2065; x_wconf 88' lang='lat' dir='ltr'>Deinde</span> <span class='ocrx_word' id='word_1_459' title='bbox 1184 2035 1261 2066; x_wconf 88' lang='lat' dir='ltr'>illud</span> <span class='ocrx_word' id='word_1_460' title='bbox 1285 2035 1417 2077; x_wconf 86' lang='lat' dir='ltr'>spatium</span> <span class='ocrx_word' id='word_1_461' title='bbox 1443 2035 1516 2066; x_wconf 84' lang='lat' dir='ltr'>anni</span> <span class='ocrx_word' id='word_1_462' title='bbox 1538 2041 1570 2066; x_wconf 88' lang='lat' dir='ltr'>et</span> <span class='ocrx_word' id='word_1_463' title='bbox 1591 2035 1721 2065; x_wconf 83' lang='lat' dir='ltr'>duorum</span> 
     </span>
     <span class='ocr_line' id='line_1_77' title="bbox 1042 2078 1723 2119; baseline 0 -11"><span class='ocrx_word' id='word_1_464' title='bbox 1042 2079 1191 2108; x_wconf 88' lang='lat' dir='ltr'>mensium</span> <span class='ocrx_word' id='word_1_465' title='bbox 1229 2088 1285 2109; x_wconf 88' lang='lat' dir='ltr'>nec</span> <span class='ocrx_word' id='word_1_466' title='bbox 1315 2089 1386 2109; x_wconf 86' lang='lat' dir='ltr'>cum</span> <span class='ocrx_word' id='word_1_467' title='bbox 1418 2078 1553 2119; x_wconf 82' lang='lat' dir='ltr'>legitimo</span> <span class='ocrx_word' id='word_1_468' title='bbox 1587 2087 1723 2108; x_wconf 87' lang='lat' dir='ltr'>censurae</span> 
     </span>
     <span class='ocr_line' id='line_1_78' title="bbox 1043 2119 1724 2163; baseline 0 -12"><span class='ocrx_word' id='word_1_469' title='bbox 1043 2121 1142 2162; x_wconf 82' lang='lat' dir='ltr'>spatio</span> <span class='ocrx_word' id='word_1_470' title='bbox 1165 2121 1315 2163; x_wconf 83' lang='lat' dir='ltr'>congruit,</span> <span class='ocrx_word' id='word_1_471' title='bbox 1338 2131 1395 2152; x_wconf 89' lang='lat' dir='ltr'>nec</span> <span class='ocrx_word' id='word_1_472' title='bbox 1420 2121 1560 2152; x_wconf 85' lang='lat' dir='ltr'>videmus</span> <span class='ocrx_word' id='word_1_473' title='bbox 1587 2119 1627 2151; x_wconf 80' lang='lat' dir='ltr'>ad</span> <span class='ocrx_word' id='word_1_474' title='bbox 1650 2120 1724 2161; x_wconf 89' lang='lat' dir='ltr'>quid</span> 
     </span>
     <span class='ocr_line' id='line_1_79' title="bbox 1043 2163 1727 2206; baseline 0.003 -13"><span class='ocrx_word' id='word_1_475' title='bbox 1043 2163 1145 2194; x_wconf 86' lang='lat' dir='ltr'>referri</span> <span class='ocrx_word' id='word_1_476' title='bbox 1176 2164 1282 2206; x_wconf 84' lang='lat' dir='ltr'>possit.</span> <span class='ocrx_word' id='word_1_477' title='bbox 1327 2164 1489 2195; x_wconf 87' lang='lat' dir='ltr'>Credimus</span> <span class='ocrx_word' id='word_1_478' title='bbox 1517 2163 1638 2194; x_wconf 89' lang='lat' dir='ltr'>Livium</span> <span class='ocrx_word' id='word_1_479' title='bbox 1672 2164 1727 2195; x_wconf 83' lang='lat' dir='ltr'>de-</span> 
     </span>
     <span class='ocr_line' id='line_1_80' title="bbox 1045 2206 1726 2255; baseline 0.001 -19"><span class='ocrx_word' id='word_1_480' title='bbox 1045 2206 1125 2237; x_wconf 85' lang='lat' dir='ltr'>disse</span> <span class='ocrx_word' id='word_1_481' title='bbox 1146 2209 1218 2237; x_wconf 74' lang='lat' dir='ltr'>anni</span> <span class='ocrx_word' id='word_1_482' title='bbox 1240 2214 1267 2238; x_wconf 83' lang='lat' dir='ltr'>et</span> <span class='ocrx_word' id='word_1_483' title='bbox 1285 2207 1336 2238; x_wconf 76' lang='lat'>11.</span> <span class='ocrx_word' id='word_1_484' title='bbox 1350 2209 1507 2238; x_wconf 78' lang='lat' dir='ltr'>mensium:</span> <span class='ocrx_word' id='word_1_485' title='bbox 1529 2208 1611 2255; x_wconf 81' lang='lat' dir='ltr'>quod</span> <span class='ocrx_word' id='word_1_486' title='bbox 1631 2216 1726 2247; x_wconf 87' lang='lat' dir='ltr'>quum</span> 
     </span>
     <span class='ocr_line' id='line_1_81' title="bbox 1046 2248 1726 2292; baseline 0.004 -13"><span class='ocrx_word' id='word_1_487' title='bbox 1046 2248 1103 2280; x_wconf 91' lang='lat' dir='ltr'>hoc</span> <span class='ocrx_word' id='word_1_488' title='bbox 1123 2250 1214 2281; x_wconf 89' lang='lat' dir='ltr'>modo</span> <span class='ocrx_word' id='word_1_489' title='bbox 1233 2250 1379 2291; x_wconf 89' lang='lat' dir='ltr'>scriptum</span> <span class='ocrx_word' id='word_1_490' title='bbox 1399 2255 1489 2285; x_wconf 87' lang='lat' dir='ltr'>esset,</span> <span class='ocrx_word' id='word_1_491' title='bbox 1505 2250 1603 2292; x_wconf 89' lang='lat' dir='ltr'>primo</span> <span class='ocrx_word' id='word_1_492' title='bbox 1625 2250 1726 2282; x_wconf 82' lang='lat' dir='ltr'>littera</span> 
     </span>
     <span class='ocr_line' id='line_1_82' title="bbox 1049 2291 1726 2326; baseline 0.006 -5"><span class='ocrx_word' id='word_1_493' title='bbox 1049 2291 1118 2322; x_wconf 82' lang='lat' dir='ltr'>Vm</span> <span class='ocrx_word' id='word_1_494' title='bbox 1134 2292 1161 2322; x_wconf 91' lang='grc' dir='ltr'><em>Β</em></span> <span class='ocrx_word' id='word_1_495' title='bbox 1176 2294 1214 2323; x_wconf 92' lang='lat' dir='ltr'>ob</span> <span class='ocrx_word' id='word_1_496' title='bbox 1237 2292 1417 2323; x_wconf 80' lang='lat' dir='ltr'>affinitatem</span> <span class='ocrx_word' id='word_1_497' title='bbox 1439 2293 1505 2324; x_wconf 88' lang='lat' dir='ltr'>soni</span> <span class='ocrx_word' id='word_1_498' title='bbox 1527 2299 1646 2325; x_wconf 80' lang='lat' dir='ltr'>mutata</span> <span class='ocrx_word' id='word_1_499' title='bbox 1660 2301 1726 2326; x_wconf 83' lang='lat' dir='ltr'>est:</span> 
     </span>
     <span class='ocr_line' id='line_1_83' title="bbox 1045 2335 1729 2378; baseline 0.007 -14"><span class='ocrx_word' id='word_1_500' title='bbox 1045 2335 1127 2365; x_wconf 88' lang='lat' dir='ltr'>unde</span> <span class='ocrx_word' id='word_1_501' title='bbox 1156 2335 1266 2375; x_wconf 86' lang='lat' dir='ltr'>aliquis</span> <span class='ocrx_word' id='word_1_502' title='bbox 1295 2335 1436 2366; x_wconf 86' lang='lat' dir='ltr'>librarius</span> <span class='ocrx_word' id='word_1_503' title='bbox 1463 2347 1559 2377; x_wconf 89' lang='lat' dir='ltr'>quum</span> <span class='ocrx_word' id='word_1_504' title='bbox 1581 2336 1729 2378; x_wconf 83' lang='lat' dir='ltr'>reperiret</span> 
     </span>
     <span class='ocr_line' id='line_1_84' title="bbox 1046 2378 1727 2414; baseline 0.006 -7"><span class='ocrx_word' id='word_1_505' title='bbox 1046 2379 1225 2414; x_wconf 72' lang='lat' dir='ltr'>bimensium,</span> <span class='ocrx_word' id='word_1_506' title='bbox 1265 2378 1451 2409; x_wconf 83' lang='lat' dir='ltr'>existimavit</span> <span class='ocrx_word' id='word_1_507' title='bbox 1497 2389 1529 2410; x_wconf 91' lang='lat' dir='ltr'>se</span> <span class='ocrx_word' id='word_1_508' title='bbox 1574 2380 1727 2412; x_wconf 76' lang='lat' dir='ltr'>facturum</span> 
     </span>
     <span class='ocr_line' id='line_1_85' title="bbox 1047 2421 1725 2463; baseline 0.006 -13"><span class='ocrx_word' id='word_1_509' title='bbox 1047 2430 1112 2450; x_wconf 89' lang='lat' dir='ltr'>esse</span> <span class='ocrx_word' id='word_1_510' title='bbox 1139 2431 1237 2463; x_wconf 83' lang='lat' dir='ltr'>operae</span> <span class='ocrx_word' id='word_1_511' title='bbox 1271 2421 1412 2462; x_wconf 84' lang='lat' dir='ltr'>pretium,</span> <span class='ocrx_word' id='word_1_512' title='bbox 1441 2421 1466 2452; x_wconf 88' lang='lat' dir='ltr'>si</span> <span class='ocrx_word' id='word_1_513' title='bbox 1495 2421 1657 2463; x_wconf 83' lang='lat' dir='ltr'>corrigeret</span> <span class='ocrx_word' id='word_1_514' title='bbox 1684 2425 1725 2454; x_wconf 82' lang='lat' dir='ltr'>bi-</span> 
     </span>
     <span class='ocr_line' id='line_1_86' title="bbox 1046 2463 1728 2504; baseline 0.006 -12"><span class='ocrx_word' id='word_1_515' title='bbox 1046 2465 1157 2493; x_wconf 74' lang='lat' dir='ltr'>meusz&#39;s.</span> <span class='ocrx_word' id='word_1_516' title='bbox 1201 2463 1299 2504; x_wconf 65' lang='lat' dir='ltr'>igitur</span> <span class='ocrx_word' id='word_1_517' title='bbox 1335 2474 1431 2504; x_wconf 89' lang='lat' dir='ltr'>quum</span> <span class='ocrx_word' id='word_1_518' title='bbox 1467 2475 1607 2496; x_wconf 85' lang='lat' dir='ltr'>censores</span> <span class='ocrx_word' id='word_1_519' title='bbox 1647 2464 1728 2497; x_wconf 69' lang='lat' dir='ltr'>intra</span> 
     </span>
     <span class='ocr_line' id='line_1_87' title="bbox 1048 2505 1726 2549; baseline 0.006 -14"><span class='ocrx_word' id='word_1_520' title='bbox 1048 2505 1120 2535; x_wconf 84' lang='lat' dir='ltr'>anni</span> <span class='ocrx_word' id='word_1_521' title='bbox 1135 2511 1164 2536; x_wconf 87' lang='lat' dir='ltr'>et</span> <span class='ocrx_word' id='word_1_522' title='bbox 1179 2516 1231 2536; x_wconf 82' lang='lat' dir='ltr'>sex</span> <span class='ocrx_word' id='word_1_523' title='bbox 1246 2505 1397 2537; x_wconf 84' lang='lat' dir='ltr'>mensium</span> <span class='ocrx_word' id='word_1_524' title='bbox 1416 2506 1560 2547; x_wconf 79' lang='lat' dir='ltr'>spatium,</span> <span class='ocrx_word' id='word_1_525' title='bbox 1577 2518 1638 2549; x_wconf 90' lang='lat' dir='ltr'>quo</span> <span class='ocrx_word' id='word_1_526' title='bbox 1653 2519 1726 2539; x_wconf 89' lang='lat' dir='ltr'>cen-</span> 
     </span>
     <span class='ocr_line' id='line_1_88' title="bbox 1047 2549 1724 2590; baseline 0.006 -13"><span class='ocrx_word' id='word_1_527' title='bbox 1047 2558 1118 2578; x_wconf 78' lang='lat' dir='ltr'>sura</span> <span class='ocrx_word' id='word_1_528' title='bbox 1140 2549 1312 2584; x_wconf 81' lang='lat' dir='ltr'>finiebatur,</span> <span class='ocrx_word' id='word_1_529' title='bbox 1328 2559 1389 2578; x_wconf 90' lang='lat' dir='ltr'>non</span> <span class='ocrx_word' id='word_1_530' title='bbox 1414 2550 1584 2590; x_wconf 87' lang='lat' dir='ltr'>potuissent</span> <span class='ocrx_word' id='word_1_531' title='bbox 1599 2556 1629 2581; x_wconf 86' lang='lat' dir='ltr'>et</span> <span class='ocrx_word' id='word_1_532' title='bbox 1644 2555 1724 2582; x_wconf 84' lang='lat' dir='ltr'>sarta</span> 
     </span>
     <span class='ocr_line' id='line_1_89' title="bbox 1046 2591 1726 2633; baseline 0.007 -13"><span class='ocrx_word' id='word_1_533' title='bbox 1046 2595 1127 2621; x_wconf 83' lang='lat' dir='ltr'>tecta</span> <span class='ocrx_word' id='word_1_534' title='bbox 1152 2591 1282 2631; x_wconf 79' lang='lat' dir='ltr'>exigere,</span> <span class='ocrx_word' id='word_1_535' title='bbox 1306 2596 1337 2621; x_wconf 84' lang='lat' dir='ltr'>et</span> <span class='ocrx_word' id='word_1_536' title='bbox 1362 2602 1454 2633; x_wconf 78' lang='lat' dir='ltr'>opera</span> <span class='ocrx_word' id='word_1_537' title='bbox 1480 2603 1550 2633; x_wconf 79' lang='lat' dir='ltr'>quae</span> <span class='ocrx_word' id='word_1_538' title='bbox 1572 2594 1726 2624; x_wconf 80' lang='lat' dir='ltr'>locassent</span> 
     </span>
     <span class='ocr_line' id='line_1_90' title="bbox 1046 2616 1726 2679; baseline 0.006 -16"><span class='ocrx_word' id='word_1_539' title='bbox 1046 2634 1185 2679; x_wconf 79' lang='lat' dir='ltr'>probare,</span> <span class='ocrx_word' id='word_1_540' title='bbox 1203 2616 1423 2675; x_wconf 54' lang='lat' dir='ltr'>”postulabam</span> <span class='ocrx_word' id='word_1_541' title='bbox 1453 2640 1488 2664; x_wconf 87' lang='lat' dir='ltr'>ut</span> <span class='ocrx_word' id='word_1_542' title='bbox 1522 2641 1630 2667; x_wconf 84' lang='lat' dir='ltr'>exacto</span> <span class='ocrx_word' id='word_1_543' title='bbox 1659 2647 1726 2667; x_wconf 88' lang='lat' dir='ltr'>ma—</span> 
     </span>
     <span class='ocr_line' id='line_1_91' title="bbox 1045 2675 1727 2720; baseline 0.006 -15"><span class='ocrx_word' id='word_1_544' title='bbox 1045 2675 1174 2716; x_wconf 79' lang='lat' dir='ltr'>gistratu</span> <span class='ocrx_word' id='word_1_545' title='bbox 1196 2686 1408 2717; x_wconf 77' lang='lat' dir='ltr'>prorogaretur</span> <span class='ocrx_word' id='word_1_546' title='bbox 1433 2677 1490 2708; x_wconf 90' lang='lat' dir='ltr'>sibi</span> <span class='ocrx_word' id='word_1_547' title='bbox 1513 2683 1644 2720; x_wconf 88' lang='lat' dir='ltr'>tempus,</span> <span class='ocrx_word' id='word_1_548' title='bbox 1666 2689 1727 2709; x_wconf 85' lang='lat' dir='ltr'>non</span> 
     </span>
     <span class='ocr_line' id='line_1_92' title="bbox 1046 2720 1727 2759; baseline 0.006 -11"><span class='ocrx_word' id='word_1_549' title='bbox 1046 2728 1107 2759; x_wconf 89' lang='lat' dir='ltr'>quo</span> <span class='ocrx_word' id='word_1_550' title='bbox 1132 2723 1229 2749; x_wconf 82' lang='lat' dir='ltr'>totam</span> <span class='ocrx_word' id='word_1_551' title='bbox 1252 2730 1388 2750; x_wconf 86' lang='lat' dir='ltr'>censurae</span> <span class='ocrx_word' id='word_1_552' title='bbox 1410 2720 1473 2750; x_wconf 86' lang='lat' dir='ltr'>vim</span> <span class='ocrx_word' id='word_1_553' title='bbox 1498 2725 1648 2757; x_wconf 84' lang='lat' dir='ltr'>tenerent,</span> <span class='ocrx_word' id='word_1_554' title='bbox 1672 2720 1727 2752; x_wconf 89' lang='lat' dir='ltr'>sed</span> 
     </span>
     <span class='ocr_line' id='line_1_93' title="bbox 1047 2762 1727 2806; baseline 0.009 -16"><span class='ocrx_word' id='word_1_555' title='bbox 1047 2771 1116 2791; x_wconf 85' lang='lat' dir='ltr'>curn</span> <span class='ocrx_word' id='word_1_556' title='bbox 1140 2767 1290 2802; x_wconf 83' lang='lat' dir='ltr'>potestate</span> <span class='ocrx_word' id='word_1_557' title='bbox 1313 2768 1417 2793; x_wconf 83' lang='lat' dir='ltr'>essent</span> <span class='ocrx_word' id='word_1_558' title='bbox 1439 2762 1479 2794; x_wconf 80' lang='lat' dir='ltr'>ad</span> <span class='ocrx_word' id='word_1_559' title='bbox 1502 2763 1569 2795; x_wconf 85' lang='lat' dir='ltr'>haee</span> <span class='ocrx_word' id='word_1_560' title='bbox 1584 2775 1654 2806; x_wconf 76' lang='lat' dir='ltr'>quae</span> <span class='ocrx_word' id='word_1_561' title='bbox 1676 2774 1727 2795; x_wconf 88' lang='lat' dir='ltr'>su-</span> 
     </span>
     <span class='ocr_line' id='line_1_94' title="bbox 1045 2803 1397 2846; baseline 0.006 -12"><span class='ocrx_word' id='word_1_562' title='bbox 1045 2809 1188 2845; x_wconf 78' lang='lat' dir='ltr'>pererant</span> <span class='ocrx_word' id='word_1_563' title='bbox 1203 2803 1397 2846; x_wconf 83' lang='lat' dir='ltr'>perficienda.</span> 
     </span>
    </p>
   </div>
   <div class='ocr_carea' id='block_1_10' title="bbox 1817 150 1826 673">
    <p class='ocr_par' dir='ltr' id='par_1_17' title="bbox 1817 150 1826 673">
     <span class='ocr_line' id='line_1_95' title="bbox 1817 150 1826 673; baseline 0 0"><span class='ocrx_word' id='word_1_564' title='bbox 1817 150 1826 673; x_wconf 95' lang='lat' dir='ltr'> </span> 
     </span>
    </p>
   </div>
   <div class='ocr_carea' id='block_1_11' title="bbox 1819 150 1825 673">
    <p class='ocr_par' dir='ltr' id='par_1_18' title="bbox 1819 150 1825 673">
     <span class='ocr_line' id='line_1_96' title="bbox 1819 150 1825 673; baseline 0 0"><span class='ocrx_word' id='word_1_565' title='bbox 1819 150 1825 673; x_wconf 95' lang='lat' dir='ltr'> </span> 
     </span>
    </p>
   </div>
   <div class='ocr_carea' id='block_1_12' title="bbox 1818 150 1826 844">
    <p class='ocr_par' dir='ltr' id='par_1_19' title="bbox 1818 150 1826 844">
     <span class='ocr_line' id='line_1_97' title="bbox 1818 150 1826 844; baseline 0 0"><span class='ocrx_word' id='word_1_566' title='bbox 1818 150 1826 844; x_wconf 95' lang='lat' dir='ltr'> </span> 
     </span>
    </p>
   </div>
  </div>
 </body>
</html>
