1831 3194
509 97 624 136 LIB.
657 95 783 134 XLll.
826 96 960 134 CAP.
991 97 1067 134 111.
1451 100 1499 139 37

71 212 113 246 et
135 204 357 255 silentium,
380 205 499 246 nimis
519 214 592 247 aut
626 206 875 255 modestum,
897 214 970 246 aut
992 205 1201 255 timidum,
1227 205 1499 246 Praenestino·
1515 216 1555 247 U.
1570 215 1606 248 C.
1623 215 1696 245 579.

72 276 164 302 rum
192 262 279 318 jus,
301 262 413 303 velut
446 263 622 318 probato
643 263 846 319 exemplo,
868 262 1180 317 magistratibus
1211 261 1309 303 fecit
1340 262 1501 317 gravio-
1514 259 1552 289 Α·
1567 258 1605 290 C·
1620 259 1690 289 ¹73·

71 333 165 359 rum
188 319 228 359 in
251 319 336 360 dies
358 319 451 360 talis
471 320 633 373 generis
654 320 932 376 imperiorum.

131 377 192 416 II.
228 375 435 432 Principio
467 377 594 433 hujus
615 377 710 417 anni
745 377 885 432 legati,
908 376 980 432 qui
1008 376 1049 417 in
1073 375 1273 417 AEtoliam
1297 384 1338 417 et
1361 376 1622 419 Mace-Legati
1638 392 1679 429 ex-

70 432 235 473 doniam
252 432 361 473 missi
379 443 509 483 erant,
528 434 838 484 remmciarunt,
852 434 931 475 sibi
946 435 1209 474 conveniendi
1224 434 1330 487 regis
1344 434 1498 481 Persei,
1514 425 1547 497 ³⁸5
1555 425 1703 498 afl'ftd‘fFQ

69 504 184 543 quum
201 491 280 530 aliz·
294 490 427 531 abesse
441 506 539 539 enm,
557 492 636 531 alii
651 505 800 544 (egram
817 492 1033 545 esse‚sals0
1049 497 1269 544 utrumque,
1279 491 1497 544 fingerent,
1513 478 1678 542 fed‘ugssf‘*

62 553 303 600 potestatem
324 561 403 587 non
418 549 597 602 factam.
657 550 799 589 Facile
824 555 954 589 tamen
986 548 1226 601 adparuisse
1245 548 1338 598 sibi,
1359 547 1499 587 bellum

63 605 231 657 parari,
267 619 336 645 nec
369 606 480 645 ultra
511 607 569 646 ad
599 621 716 646 arma
750 607 811 646 ire
842 607 1077 646 dilaturum.
1136 606 1236 646 Item
1270 606 1312 645 in
1335 605 1500 644 AEtolia

67 662 299 702 seditionem
315 663 486 716 gliscere
507 665 550 704 in
571 665 669 712 dies,
691 678 817 717 neque
835 664 1126 704 discordiarum
1144 664 1352 715 principes
1366 669 1502 702 auclo-

70 719 196 759 ritate
213 733 286 760 sua
307 722 481 761 coerceri
493 722 686 774 potuisse.
747 723 886 770 Quum
919 720 1075 761 bellum
1112 719 1431 761 Macedonicum
1460 719 1500 760 in

69 776 375 839 exspectatione
426 786 546 829 esset,
588 778 832 834 priusquam
882 777 928 818 id
978 777 1270 840 susciperetur,
1312 775 1503 832 prodigia
1515 784 1661 832 Profligia

69 833 242 889 expiari,
277 833 537 890 ²pacemque
574 836 714 876 Deum
754 835 839 891 peti
877 834 1200 890 precationibus,
1242 849 1339 889 quae
1375 833 1500 874 editae
1514 834 1650 870 expxata.

70 905 121 930 ex
152 890 350 931 fatalibus
375 891 490 933 libris
521 900 670 941 essent,
703 892 873 948 placuit.
948 891 1127 932 Lanuvii
1160 891 1298 931 classis
1337 906 1501 945 magnae

70 946 224 1002 species
246 947 287 988 in
309 948 413 989 coelo
433 949 533 989 visae
554 949 826 995 dicebantur3
860 957 901 990 et
924 948 1112 989 Priverni
1135 948 1228 988 lana
1254 948 1372 1003 pulla
1392 956 1504 991 terra

70 1012 213 1045 enata:
260 1012 300 1045 et
334 1005 375 1045 in
411 1005 573 1046 Veienti
605 1005 747 1061 ⁵apud
783 1006 1029 1046 Rementem
1063 1004 1320 1060 lapidatum;
1379 1006 1502 1046 Pom-

69 1060 233 1116 ptinum
265 1077 385 1102 omne
415 1063 531 1104 velut
548 1062 731 1103 nubibus
758 1061 1011 1103 locustarum
1034 1070 1276 1116 coopertum
1298 1077 1410 1108 esse,
1459 1061 1499 1102 in

72 1117 234 1158 Gallico
273 1134 388 1174 agro,
432 1135 517 1174 qua
555 1119 823 1160 induceretur
857 1126 1056 1168 aratrum,
1094 1118 1172 1158 sub
1207 1117 1502 1159 exsistentibus

69 1174 202 1229 glebis
232 1174 363 1230 pisces
398 1176 619 1217 emersisse.
697 1176 763 1216 Ob
796 1175 887 1216 haec
918 1174 1110 1231 prodigia
1142 1175 1235 1215 libri
1262 1174 1408 1216 fatales
1442 1175 1503 1216 in-

70 1231 214 1286 specti,
237 1232 482 1288 editumque
502 1233 555 1274 ab
583 1232 827 1274 decemviris
857 1240 933 1282 est,
956 1240 996 1273 et
1017 1232 1171 1288 quibus
1202 1232 1308 1281 Diis,
1331 1232 1504 1287 quibus-

70 1304 153 1343 que
173 1288 318 1330 hostiis
340 1290 653 1340 sacrificaretur,
676 1298 717 1331 et
739 1298 787 1331 ut
821 1289 1069 1346 supplicatio
1101 1289 1303 1345 prodigiis
1334 1289 1503 1344 expian-

70 1345 135 1386 dis
154 1346 271 1387 fieret
288 1363 295 1387 :
340 1347 483 1397 altera,
506 1362 603 1403 quae
623 1346 760 1402 priore
780 1362 888 1388 anno
909 1345 1160 1388 valetudinis
1192 1345 1337 1402 populi
1359 1361 1503 1386 caussa

71 1410 169 1444 vota
203 1411 323 1453 esset,
352 1419 400 1444 ea
434 1403 496 1445 uti
531 1404 730 1459 feriaeque
763 1412 909 1445 essent.
942 1403 1084 1459 itaque
1116 1403 1391 1444 sacrificatum
1425 1411 1501 1452 est,

70 1467 120 1500 ut
141 1460 362 1501 decemviri
385 1461 586 1516 scriptum
607 1461 841 1501 ediderunt.

131 1517 221 1557 III.
269 1517 432 1557 Eodem
467 1533 575 1558 anno
609 1517 738 1558 aedis⁰
777 1516 958 1557 Junonis
995 1516 1179 1558 Laciniae
1215 1516 1389 1557 detecta.
1453 1516 1502 1566 Q.

74 1572 252 1613 Fulvius
286 1573 460 1615 Flaccus
492 1590 635 1615 censor
667 1574 801 1614 aedem
831 1575 1033 1614 Fortunae
1055 1572 1291 1629 Equestris,
1312 1588 1439 1628 quam
1460 1573 1502 1614 in
1518 1582 1615 1612 AEdes
1632 1582 1703 1612 For-

73 1629 279 1685 Hispania
318 1639 475 1686 praetor
514 1631 625 1672 bello
663 1630 912 1672 Celtiberico
951 1639 1137 1680 voverat,
1173 1630 1351 1671 faciebat
1391 1629 1600 1670 enisotunae
1617 1626 1658 1684 Es

73 1686 227 1737 studio,
263 1703 315 1728 ne
346 1687 480 1728 ullum
518 1688 666 1729 Rom-ce
704 1687 882 1743 amplius
917 1695 991 1728 aut
1030 1687 1362 1743 magnificentius
1402 1695 1504 1727 tem-
1517 1673 1660 1709 questus.

71 1743 189 1800 plum
217 1752 334 1785 esset.
396 1746 605 1800 Magnum
637 1753 927 1786 ornamentum
960 1759 1002 1784 se
1034 1744 1190 1800 templo
1222 1751 1338 1784 ratus
1369 1743 1504 1799 adjec-

72 1809 231 1851 turum,
265 1800 297 1842 si
331 1802 487 1857 tegulae
519 1816 762 1843 marmoreae
795 1808 944 1850 essent,
978 1802 1191 1857 profectus
1222 1800 1264 1841 in
1298 1801 1502 1850 Bruttios,
1517 1811 1644 1852 Tegulae

71 1858 206 1899 aedem
238 1859 267 1898 J
271 1859 419 1900 unonis
452 1859 636 1900 Laciniae
657 1859 711 1900 ad
731 1866 892 1915 partem
914 1857 1128 1898 dimidiam
1149 1857 1320 1912 detegit.
1343 1856 1387 1898 id
1408 1857 1505 1899 satis
1518 1863 1695 1926 marnglorelae

71 1915 160 1957 fore
180 1923 297 1956 ratus
328 1916 381 1956 ad
414 1916 657 1971 tegendum,
679 1916 793 1972 quod
826 1915 1115 1959 aedificaretur.
1177 1915 1315 1955 Naves
1347 1923 1505 1970 paratae
1518 1907 1606 1971 {25³3
1622 1906 1718 1969 {ag

72 1972 259 2021 fuerunt,
281 1987 378 2028 quae
413 1973 605 2015 tollerent
637 1981 764 2029 atque
792 1979 1066 2036 asportarent,
1089 1971 1336 2013 auctoritate
1369 1987 1507 2012 censo·
1519 1983 1579 2014 niae
1596 1983 1718 2013 detrac-

72 2028 135 2070 ria
174 2029 292 2070 sociis
330 2029 539 2072 deterritis
578 2030 623 2072 id
663 2029 922 2084 sacrilegium
962 2029 1194 2084 prohibere.
1275 2029 1503 2084 Postquam
1519 2032 1571 2058 tae.

71 2101 214 2127 censor
234 2086 371 2137 rediit,
393 2087 564 2143 tegulae,
586 2086 787 2143 expositae
809 2087 861 2127 de
888 2086 1078 2135 navibus,
1101 2086 1154 2126 ad
1177 2085 1380 2141 templum
1411 2101 1505 2141 por-

72 2143 286 2184 tabantur.
310 2159 581 2200 quamquam,
614 2143 727 2184 unde
759 2151 909 2193 essent,
932 2142 1146 2193 silebatur,
1167 2157 1250 2183 non
1283 2151 1421 2183 tamen
1443 2158 1502 2183 ce.

72 2199 149 2240 lari
168 2200 320 2255 potuit.
382 2201 593 2242 Fremitus
624 2200 755 2256 igitur
774 2200 816 2241 in
838 2199 953 2240 curia
972 2208 1090 2241 ortus
1121 2207 1206 2240 est:
1240 2214 1291 2240 ex
1313 2199 1506 2240 omnibus

73 2256 264 2312 partibus
294 2257 602 2313 postulabatur,
624 2266 673 2298 ut
706 2257 894 2298 consules
926 2271 1016 2297 earn
1049 2271 1136 2296 rem
1158 2256 1211 2296 ad
1233 2263 1421 2297 senatum
1443 2272 1506 2297 re-

72 2313 240 2354 ferrent.
302 2315 364 2356 Ut
397 2330 496 2356 vero
527 2314 747 2355 arcessitus
779 2314 821 2354 in
853 2313 1010 2354 curiam
1044 2328 1187 2353 censor
1221 2312 1349 2362 venit,
1371 2313 1505 2354 multo

71 2368 261 2411 infestius
282 2370 435 2427 singuli
468 2370 733 2426 universique
764 2378 1013 2427 praesentem
1046 2370 1247 2410 lacerare:
1300 2370 1505 2423 Templum

75 2429 397 2481 augustissimum
416 2429 596 2482 regionis
616 2427 712 2482 ejus,
734 2430 840 2481 quod
859 2442 938 2468 non
959 2427 1159 2482 Pyrrhus,
1182 2441 1262 2466 non
1282 2427 1508 2467 Hannibal

75 2484 298 2536 violassent,
337 2486 483 2527 violare
517 2499 665 2539 parum
704 2486 896 2534 habuisse,
938 2485 1014 2525 nisi
1053 2483 1260 2525 detexisset
1289 2484 1418 2537 saede,
1460 2498 1509 2524 ac

626 2578 641 2595 ‘-
657 2576 727 2605 ades
744 2575 842 2606 Gron.
859 2574 950 2606 Crev.

122 2646 142 2676 2
174 2647 335 2689 Pacemque
360 2647 446 2678 deam
471 2650 530 2687 peti
551 2650 774 2687 precationibus,
820 2658 894 2678 num
931 2647 1093 2678 utendum.
1152 2646 1201 2677 Ita
1226 2647 1424 2686 εαπξῆειιιίιηι
1455 2650 1506 2679 est,

80 2700 142 2729 quae
169 2691 268 2730 editae]
300 2691 378 2721 Haec
407 2691 499 2722 lectio
528 2701 605 2722 sana
634 2697 690 2728 est,
718 2701 776 2722 nec
819 2691 920 2732 inquit
950 2690 1056 2721 Livius
1079 2689 1170 2725 infra,
1192 2695 1223 2719 ut
1246 2689 1398 2720 decemviri
1417 2688 1508 2726 scrip-

81 2731 190 2761 debuit
224 2733 383 2764 sollicitari
421 2744 440 2765 a
478 2734 643 2765 Gronovio.
703 2734 776 2764 Non
821 2735 1061 2763 tumeclidernnt.

83 2774 174 2805 modo
203 2775 285 2805 enim
316 2776 449 2807 edebant
478 2788 515 2808 ex
541 2777 628 2807 libris
649 2776 773 2807 decem·
861 2778 880 2807 3
905 2778 991 2816 Apud
1019 2774 1200 2814 Rementem]
1230 2773 1353 2803 Nomen
1376 2771 1435 2802 loci
1461 2771 1508 2802 in-

82 2817 151 2853 viri,
179 2817 289 2857 quibus
323 2819 381 2850 diis
409 2820 646 2862 supplicandum
683 2825 774 2855 esset,
820 2820 996 2860 cognitum:
1029 2829 1082 2860 pro
1109 2827 1169 2857 quo
1198 2815 1371 2856 suspicatur
1392 2815 1507 2846 Cluve—

82 2859 136 2890 sed
166 2866 196 2891 et
225 2871 286 2901 quo
314 2861 384 2898 ritu,
409 2874 471 2903 qua
500 2863 596 2894 forma
624 2862 775 2903 precatio·
821 2863 883 2893 rius
899 2862 959 2902 legi
975 2872 1062 2903 posse
1079 2860 1255 2890 Cremeram

862 2906 937 2945 1)ss
