1831 3194
470 139 589 176 LIB.
623 138 744 176 XLV.
792 141 922 177 CAP.
956 142 1060 179 XLI.

1398 156 1470 188 2213

53 246 142 287 culo
160 246 271 289 vobis
291 261 394 288 nunc
423 249 648 301 triumphus
671 262 788 298 meus,
813 264 916 291 nunc
933 252 1095 306 funera
1125 254 1338 297 liberorum
1369 272 1470 299 meo·
1487 270 1659 303 U.C.585.

51 317 138 344 rum
155 304 355 357 ficerz‘nt;
397 311 531 346 tamen
561 307 720 358 paucis,
747 320 891 360 qua’so,
923 311 1072 351 sinatis
1101 325 1163 351 me
1192 326 1276 352 cum
1304 314 1471 367 publica
1484 313 1573 345 A.C.
1592 316 1658 345 ¹⁶7-

33 360 249 414 felicitate
287 376 523 415 comparare
556 377 614 412 e0,
649 377 726 416 quo
765 364 898 414 debeo,
932 367 1068 408 animo
1104 370 1311 421 privatam
1346 386 1471 414 meam

31 417 267 471 fhrtunam.
325 419 540 474 Profectus
561 434 609 460 ex
629 420 776 470 Italia,
797 423 958 464 classem
980 439 1004 464 a
1027 425 1254 467 Brundisio
1272 430 1354 469 sole
1380 437 1469 471 orto

46 476 150 516 solvi
161 499 176 523 ,·
210 490 317 517 nona
349 477 434 517 clici
463 477 564 517 Ιιονα
599 491 683 518 cum
711 479 888 520 omnibus
922 482 1017 522 meis
1052 484 1220 525 navibus
1253 486 1468 541 Corcyram

47 535 174 574 tenui.
237 534 337 574 Inde
357 535 497 588 quinto
523 535 589 575 clz'e
613 535 786 588 Delphis
805 535 994 592 Apollini
1015 553 1097 591 pro
1117 555 1189 590 me,
1211 545 1469 587 erercitibus-

48 603 135 643 que,
158 597 197 631 et
216 590 405 632 classibus
425 590 583 633 ⁵lustra
607 593 849 646 sacrificavi.
910 595 950 635 Α
975 596 1147 649 Delphis
1177 601 1316 653 quinto
1337 602 1403 642 die
1425 604 1469 644 in

47 653 184 688 castra
206 650 397 701 perveni:
429 649 499 689 ubi
518 651 694 690 exercitu
721 658 893 704 accepto,
916 656 1081 694 mutatis
1110 657 1358 709 quibusdam,
1381 674 1470 713 quae

45 717 194 758 magna
219 706 494 758 inpedimenta
524 708 705 748 victoria:
734 715 865 758 erant,
882 724 1132 765 progressus,
1154 716 1251 767 quia
1272 716 1468 772 inexpug-

46 762 207 803 nabilia
227 770 363 804 castra
383 764 551 804 hostium
574 771 704 814 erant,
729 779 854 820 neque
872 769 963 821 cogi
983 782 1175 823 pugnare
1194 779 1361 824 poterat
1380 789 1466 824 rex,

45 818 155 860 inter
176 821 380 873 praesidia
401 821 483 874 ejus
509 820 681 862 6saltum
712 824 768 862 ad
790 825 959 865 Petram
990 828 1112 875 evasi,
1136 834 1186 878 el,
1209 831 1266 870 acl
1286 845 1468 885 pugnam

43 889 137 930 rege
156 882 304 925 coacto,
327 878 416 918 acie
439 878 538 919 vici:
571 878 860 921 Macedoniam
882 883 927 921 in
947 889 1187 935 potestatem
1212 889 1360 940 populi
1379 889 1467 929 Ro-

44 934 159 973 mani
183 934 337 988 redegi,
359 941 410 984 et,
433 936 540 988 quod
556 935 697 976 bellum
717 936 819 990 7per
838 940 1149 992 quadriennium
1179 953 1352 996 quatuor
1372 953 1468 987 ante

41 1004 102 1031 me
121 992 297 1032 consules
318 992 380 1031 ita
404 998 626 1045 gesserunt,
650 999 692 1033 ut
718 1008 871 1048 semper
889 999 1103 1038 successori
1129 1002 1339 1043 traderent
1364 1018 1465 1057 gra-

39 1047 139 1096 vius,
172 1048 219 1088 id
250 1062 323 1102 ego
352 1050 578 1102 quindecim
609 1051 747 1091 diebus
771 1053 943 1106 perfeci.
1003 1054 1193 1097 Aliarum
1230 1060 1375 1100 deinde
1407 1075 1466 1101 se-

40 1106 262 1146 cundarum
292 1119 424 1146 rerum
445 1107 551 1147 velut
572 1115 792 1160 proventus
816 1116 980 1152 secutus.
1012 1113 1196 1154 civitates
1217 1129 1348 1157 omnes
1370 1117 1466 1158 Ma-

41 1163 221 1203 cedoniae
239 1177 280 1203 se
299 1163 542 1204 dediderunt
554 1186 570 1211 ,·
597 1179 706 1218 gaza
742 1168 859 1220 regia
890 1169 934 1208 in
964 1175 1199 1220 potestatem
1230 1174 1339 1214 venit
1346 1196 1361 1220 ;
1395 1189 1468 1215 rex

42 1220 141 1272 ipse,
174 1220 429 1262 tradentibus
454 1235 586 1275 prope
618 1223 718 1275 ipsis
755 1223 867 1274 Diis,
906 1226 950 1266 in
984 1229 1131 1280 templo
1165 1229 1467 1273 Samothracum

41 1290 127 1318 cum
146 1277 286 1318 liberis
305 1284 363 1318 est
381 1285 535 1331 captus.
596 1279 713 1321 Mihi
742 1295 894 1336 quoque
919 1284 1001 1336 ipsi
1027 1286 1155 1325 nimia
1172 1286 1266 1339 jam
1283 1289 1467 1341 fortuna

39 1348 128 1375 mea
148 1335 293 1385 videri,
315 1349 437 1390 eoque
455 1343 636 1389 suspecta
663 1353 756 1379 esse.
818 1339 959 1381 Ilffaris
978 1343 1166 1394 pericula
1187 1345 1328 1385 timere
1347 1348 1464 1401 coepi,

41 1392 88 1432 in
107 1397 229 1433 tanta
249 1394 428 1446 pecunia
458 1393 575 1448 regia
596 1395 640 1435 in
660 1396 832 1436 Italiam
862 1396 1124 1451 trajicienda,
1153 1406 1191 1440 et
1219 1403 1370 1442 victore
1397 1419 1465 1444 ex-

38 1449 168 1490 ercitu
186 1451 520 1504 transportando.
579 1452 799 1506 Postquam
821 1456 957 1494 omnia
977 1457 1146 1495 secundo
1167 1459 1329 1498 navium
1349 1474 1467 1502 cursu

38 1506 84 1546 in
112 1507 286 1548 Italiam
308 1515 594 1560 pervenerunt,
616 1522 742 1562 neque
771 1517 875 1559 erat,
907 1513 1014 1564 quod
1041 1513 1152 1553 ultra
1174 1528 1385 1567 precarer,
1413 1519 1464 1558 il-

38 1563 112 1603 lud
125 1564 280 1617 optavi,
302 1570 360 1612 ut,
383 1578 500 1618 quum
521 1579 570 1605 ex
589 1579 734 1606 summo
761 1573 870 1607 retro
899 1569 1006 1609 volvi
1018 1569 1199 1623 fortuna
1230 1582 1462 1625 consuesset,

36 1621 298 1661 mutationem
319 1620 401 1675 ejus
430 1622 566 1663 domus
592 1636 679 1663 mea
701 1625 851 1676 potius,
873 1639 992 1678 quam
1021 1627 1259 1679 respublica,
1283 1633 1464 1674 sentiret.

37 1677 187 1731 Itaque
212 1676 473 1733 ⁸defunctam
503 1693 584 1720 esse
595 1679 814 1734 fortunam
842 1681 1047 1734 publicam
1078 1698 1164 1724 mea
1195 1692 1277 1726 tam
1295 1688 1467 1742 *insigni

37 1735 276 1776 calamitate
307 1749 454 1788 spero;
487 1738 594 1790 quod
622 1738 847 1791 triumphus
877 1753 994 1788 meus,
1023 1742 1129 1781 velut
1157 1744 1214 1782 od
1245 1744 1465 1787 ludibrium

37 1805 196 1833 casuum
227 1792 501 1843 humanorum,
534 1793 683 1836 duobus
696 1795 921 1848 funeribus
954 1797 1169 1839 liberorum
1200 1815 1371 1842 meorum
1407 1811 1465 1844 est

38 1849 316 1903 interpositus.
375 1850 448 1899 Et,
470 1864 587 1904 quum
613 1866 686 1906 ego
712 1859 751 1893 et
771 1854 943 1895 Perseus
971 1868 1075 1895 nunc
1105 1856 1261 1898 nobilia
1293 1861 1465 1902 maoeime

36 1906 158 1948 sortis
186 1908 416 1948 mortalium
445 1909 627 1962 exempla
649 1916 881 1963 spectemur,
905 1912 987 1961 ille,
1010 1914 1082 1966 qui
1110 1920 1205 1954 ante
1224 1929 1264 1955 se
1284 1918 1465 1969 captivos

37 1964 223 2016 captivus
241 1965 329 2017 ipse
347 1965 441 2005 duci
458 1965 605 2007 liberos
623 1968 744 2016 vidit,
759 1968 971 2009 incolumes
985 1976 1119 2010 tamen
1134 1985 1199 2012 eos
1214 1971 1352 2013 habet:
1375 1988 1461 2029 ego,

37 2021 111 2074 qui
128 2021 179 2061 de
201 2021 275 2062 illo
299 2022 562 2076 triumphavi,
585 2023 637 2064 ab
661 2025 832 2066 alterius
843 2026 1001 2079 funere
1019 2028 1110 2079 filii
1136 2027 1279 2069 ⁹curru
1308 2030 1351 2069 in
1375 2032 1461 2059 *ἦε*

82 2174 103 2204 5
126 2173 238 2205 Lustra
260 2176 437 2217 sacrificavi]
472 2176 615 2208 Annotat
641 2179 728 2219 Sigo-

40 2214 111 2246 nius
131 2226 286 2258 nusquam
306 2217 369 2260 legi
392 2218 476 2260 apud
498 2219 660 2261 scriptores
674 2232 728 2252 an-

38 2257 143 2300 tiquos
159 2260 255 2290 lustra
276 2261 453 2303 sacrificare.
497 2263 653 2294 Praeterea
668 2274 729 2295 non

39 2301 176 2343 potuisse
210 2303 376 2336 AEmiliurn
417 2304 548 2337 lustrare
592 2306 727 2348 Delphis

40 2343 221 2382 exercitum,
251 2356 346 2388 quem
382 2347 519 2379 nondum
553 2357 726 2391 acceperat.

39 2386 154 2428 Itaque
180 2387 275 2430 legit:
294 2401 349 2429 pro
374 2401 429 2427 me,
451 2393 675 2433 exercitibusque
700 2400 727 2424 et

38 2430 175 2461 classibus
189 2433 289 2463 vestris
301 2434 473 2474 sacrificavi.

80 2472 102 2502 6
123 2472 240 2504 Saltum
264 2476 304 2506 ad
329 2476 466 2518 Petram]
504 2478 605 2508 Locus
635 2489 724 2509 voca-

40 2517 90 2544 tur
120 2515 276 2556 Pythium,
300 2527 393 2561 supra
419 2519 443 2550 1.
467 2520 591 2551 XLIV.
617 2530 646 2553 e.
672 2522 726 2553 35.

41 2555 128 2588 Plut.
150 2558 184 2589 in
199 2559 342 2598 AEmilio,
356 2560 411 2592 ubi
433 2562 547 2594 saltum
570 2563 653 2594 hunc
674 2574 724 2595 su-

39 2603 182 2639 peratum
201 2607 316 2639 narrat,
332 2609 498 2646 utrumque
519 2616 632 2637 nomen
653 2617 726 2638 con-

33 2639 150 2682 jungit,
164 2643 216 2678 τῆν
225 2644 389 2689 (stagnum)
403 2647 487 2692 παρὰ
502 2647 538 2680 τὸ
551 2649 661 2682 Πύθιον
673 2650 726 2682 καὶ

39 2683 93 2718 τὴν
111 2684 240 2729 Πέτςκν.

82 2726 102 2757 7
126 2727 187 2758 Per
207 2731 432 2770 quadriennium
453 2740 579 2774 quatuor
598 2743 667 2768 ante
681 2748 726 2768 me

39 2770 182 2811 consules]
220 2771 339 2803 Mirum
364 2774 461 2806 videri
487 2777 591 2813 debet,
617 2784 648 2810 et
672 2790 723 2811 su-

39 2821 97 2853 pra
111 2822 140 2843 e.
151 2814 204 2845 39.
226 2819 258 2845 et
279 2814 458 2861 hichrursus
482 2830 644 2861 perperam
666 2832 723 2853 nu-

40 2855 151 2886 merari
174 2866 271 2888 annos
297 2859 409 2898 quibus
432 2861 550 2893 bellum
577 2864 724 2896 adversus

42 2896 157 2931 Persea.
178 2904 299 2941 gestum
321 2906 377 2931 est.
424 2903 554 2936 Constat
573 2905 665 2942 enim,
690 2913 724 2938 ut

774 2180 856 2220 quod
880 2181 1025 2218 maxime,
1041 2193 1079 2213 ex
1103 2184 1349 2224 praecedentibus
1363 2185 1460 2222 libris,

773 2227 835 2253 tres
868 2228 988 2254 tantum
1022 2225 1162 2256 consules
1194 2233 1266 2258 ante
1294 2227 1459 2258 ,Emilium

775 2265 921 2296 Paullum
957 2277 1011 2308 per
1048 2268 1212 2299 triennium
1250 2270 1307 2301 hoc
1343 2271 1459 2301 bellum

771 2307 1013 2346 administrasse,
1064 2321 1175 2352 nempe
1228 2313 1266 2343 P.
1302 2312 1457 2343 Licinium

772 2351 929 2387 Crassum,
974 2353 1017 2385 A.
1045 2353 1213 2385 Hostilium
1259 2355 1456 2391 Mancinum,

772 2394 813 2430 Q.
829 2395 985 2426 Marcium
1013 2396 1203 2439 Philippum.
1248 2397 1380 2430 Credere
1405 2398 1456 2429 vix

769 2437 918 2469 audemus
946 2438 1029 2470 hunc
1057 2450 1187 2471 errorem
1214 2450 1281 2470 esse
1311 2451 1330 2471 a
1357 2441 1456 2472 Livio.

770 2480 953 2527 Incusemus
981 2481 1074 2523 igitur
1103 2483 1286 2524 corruptoris
1314 2484 1454 2525 pervica-

768 2532 860 2554 clam.

811 2566 1050 2609 8*Defunctam
1084 2579 1138 2598 esse
1163 2568 1323 2609 fortunam
1355 2570 1454 2607 publi-

769 2609 850 2650 cam]
889 2610 1032 2641 Liberam
1064 2616 1096 2641 et
1130 2611 1300 2642 immunem
1338 2610 1452 2642 factam

769 2661 836 2682 esse
851 2650 1005 2684 fortunam
1027 2653 1187 2695 publicam
1202 2655 1240 2685 ab
1256 2655 1338 2684 omni
1355 2654 1450 2683 malo-

770 2704 837 2724 rum
861 2701 945 2727 metu
960 2706 995 2726 ac
1018 2696 1165 2738 periculo,
1182 2707 1236 2738 per
1251 2706 1352 2727 meam
1368 2696 1451 2725 cala-

770 2737 930 2777 mitatem;
966 2739 999 2769 in
1034 2749 1136 2769 meam
1173 2739 1291 2769 scilicet
1326 2737 1451 2767 domum

768 2791 854 2811 verso
869 2781 1021 2822 quidquid
1044 2781 1240 2816 calamitatis,
1257 2780 1290 2809 in
1306 2790 1450 2827 compen-

767 2823 918 2854 sationem
951 2824 1043 2854 nimis
1076 2824 1217 2854 laetarum
1248 2832 1360 2858 rerum,
1394 2833 1450 2852 im-

767 2865 900 2908 pendere
917 2865 1113 2907 Reipublicae
1127 2870 1257 2906 poterat.

810 2909 831 2939 9
856 2908 957 2938 Curru
981 2910 1012 2938 in
1042 2908 1227 2946 Capitolium,
1252 2918 1284 2937 er
1311 2908 1451 2946 Capitolio

839 2957 908 2990 ΡΞ
