1826 3149
354 71 403 109 46
883 78 1025 115 TlTl
1078 81 1248 119 LlVlI

313 221 321 228 ,
354 180 504 236 inquit,
526 183 678 224 incertis
692 184 857 238 jactata
880 189 1109 238 rmnoribus,
1132 198 1167 231 et
1199 192 1372 244 cupidius
1404 193 1567 243 eredita,
1589 196 1680 249 quia
1701 212 1761 237 re*

311 262 321 271 ·
352 251 400 278 ra
420 253 500 278 esse
521 241 570 280 de
590 241 745 282 inimico
765 244 928 284 crimina
954 246 1146 298 volebam,
1167 248 1306 301 adfero
1327 250 1382 290 acl
1410 265 1488 299 v08,
1511 252 1657 293 Patres
1677 268 1764 294 con-

351 295 487 347 scripti
498 312 515 344 ;
544 300 613 337 sed
634 307 831 353 comperta
859 308 895 340 et
925 303 1148 356 explorata,
1169 305 1279 346 haud
1303 321 1410 348 secus
1438 322 1556 362 quam
1575 310 1610 349 si
1627 325 1763 362 specu-

353 351 459 392 lator
488 354 629 395 missus
658 370 684 395 a
713 357 819 397 vobis
843 357 1017 412 subjecta
1047 362 1168 402 oculis
1195 362 1393 415 referrem.
1455 366 1604 419 Neque,
1633 367 1766 408 relicto

349 423 472 463 regno
493 425 589 459 meo,
607 414 711 466 quod
731 415 905 466 amplum
925 423 962 455 et
984 419 1189 471 egregium
1209 435 1278 460 vos
1284 420 1458 472 fecistis,
1476 437 1586 464 mare
1608 430 1765 465 tantum

349 464 603 519 traiecissem,
626 474 672 508 ut
699 483 805 511 vana
832 474 887 512 ad
915 487 985 513 vos
1006 476 1221 526 adferendo
1236 477 1367 528 fidem
1397 480 1633 535 abrogarem
1652 482 1763 522 mihi.

351 524 566 564 Cernebam
588 526 847 568 nobilissimas
866 530 974 570 Asiae
998 538 1034 572 et
1057 533 1223 574 Groeciae
1253 535 1442 585 civitates,
1464 537 1503 577 in
1524 538 1608 578 dies
1637 539 1764 594 magis

348 580 593 622 denudantes
615 581 774 634 judicia
803 599 888 635 sua,
912 602 1014 638 mox,
1037 590 1073 628 si
1098 592 1403 643 permitteretur,
1426 608 1469 633 eo
1494 609 1761 647 processuras,

346 638 449 676 uncle
468 645 662 689 receptum
683 643 738 681 ad
765 644 1031 694 poenitendum
1050 661 1126 687 non
1156 647 1352 691 haberent.
1421 652 1639 692 Cernebam.
1658 654 1762 694 Per-

345 706 426 741 sea,
452 708 522 734 non
545 697 804 739 continentem
824 714 866 739 se
886 701 1132 744 Macedoniae
1150 719 1287 760 regno,
1310 707 1396 748 alia
1426 709 1549 749 armis
1569 724 1762 763 occupan-

346 756 435 797 tem,
472 751 566 800 alia,
595 767 680 806 quoe
707 757 745 796 vi
773 758 905 811 subigi
933 773 1009 800 non
1036 769 1210 812 possunt,
1230 762 1377 814 favore
1409 778 1457 806 ac
1491 767 1760 808 benevolentia

344 807 669 858 complectentem.
736 814 938 863 Videbam,
966 831 1084 870 quam.
1113 819 1230 871 inpar
1260 829 1358 862 esset
1387 836 1483 874 sors,
1505 822 1538 846 ‘¹4
1549 839 1667 878 quum
1693 826 1760 866 ille

342 864 450 902 vobis
475 865 616 906 bellum
630 878 665 917 ¹¹¹,
691 883 758 910 vos
786 872 826 910 ei
847 885 1023 914 securam
1047 889 1189 926 pacem
1214 880 1486 929 praestarctis;
1519 895 1758 937 quamquam

342 920 439 960 mihi
471 922 625 976 quidem
658 939 735 966 non
764 941 925 979 parare,
957 932 1027 971 sed
1056 946 1199 986 gerere
1228 948 1329 986 pene
1362 936 1502 976 bellum
1539 939 1757 980 videbatur.

340 975 623 1031 ‘¹⁵Abrupolim,
644 983 792 1024 socium
811 992 925 1040 atque
944 989 1113 1031 amicum
1132 997 1316 1041 vestrum,
1338 1006 1462 1048 regno
1483 996 1645 1047 expulit.
1679 1000 1758 1038 Ar-

341 1040 516 1075 tetarum
540 1037 735 1091 Illyrium,
758 1043 851 1095 quia
880 1044 1026 1097 scripta
1050 1047 1101 1087 ab
1127 1061 1170 1088 eo
1200 1051 1386 1102 quaedam
1418 1051 1527 1091 vobis
1555 1055 1757 1106 comperit,

339 1092 484 1132 socium
516 1093 609 1134 item
644 1103 763 1150 atque
798 1100 970 1142 amicum
1006 1110 1189 1152 vestrum,
1221 1104 1430 1157 interfecit.
1490 1108 1523 1132 ‘¹⁶
1535 1111 1757 1152 Eversum¹¹

339 1154 379 1188 et
401 1149 648 1193 Callicritum
687 1155 904 1206 Thebanos,
933 1160 1125 1212 principes
1158 1163 1341 1213 civitatis,
1369 1165 1461 1218 quia
1496 1167 1650 1209 liberius
1681 1171 1754 1210 ad—

336 1219 467 1247 versus
497 1222 583 1248 eum
613 1210 654 1250 in
685 1213 847 1254 concilio
866 1215 1093 1258 Boeotorum
1126 1219 1242 1260 locuti
1263 1219 1447 1272 ficerunt,
1477 1224 1755 1281 delaturosque

336 1263 393 1303 ad
420 1278 497 1313 vos,
521 1279 610 1318 quae
630 1276 857 1322 agerentur,
875 1272 1048 1325 professi
1075 1284 1199 1326 erant,
1223 1279 1414 1320 tollendos
1439 1283 1604 1323 curavit.
1646 1287 1752 1325 'Au-

335 1319 481 1360 xilium
502 1323 719 1376 Byzantiis
748 1328 938 1370 aclversus
955 1330 1091 1382 foedus
1117 1334 1217 1385 tulit,
1239 1334 1273 1362 ‘³⁷
1284 1336 1461 1389 Dolopiae
1482 1339 1584 1380 bella
1604 1341 1752 1393 intulit,

341 1375 585 1419 Uzessalz‘am
608 1388 647 1420 et
667 1383 864 1425 Doridem
886 1401 971 1427 cum
994 1391 1164 1431 exercitu
1181 1394 1367 1444 pervasit,
1391 1401 1433 1434 ut
1452 1395 1493 1435 in.
1513 1397 1612 1437 bello
1631 1399 1753 1439 intes-

333 1433 413 1473 tino
434 1435 638 1477 deterioris
660 1442 792 1490 partis
811 1443 961 1483 auxilio
990 1447 1189 1488 meliorem
1210 1450 1431 1505 adfligeret.
1494 1453 1686 1506 Confitdit
1716 1464 1753 1497 et

332 1490 489 1532 miscuit
511 1495 644 1535 omnia
664 1496 704 1536 in
732 1498 942 1541 Thessalia
965 1503 1272 1559 Perrhaebiaque
1292 1522 1359 1560 spe
1379 1523 1568 1552 novarum
1592 1514 1752 1555 tabula—

330 1561 430 1597 rum,
462 1555 505 1589 ut
540 1565 660 1591 manu
694 1553 913 1597 debitorum
946 1560 1118 1602 obnoxia
1150 1563 1226 1602 sibi
1258 1566 1470 1616 optimates
1502 1570 1749 1622 obprimeret.

331 1604 437 1645 Haec
455 1620 574 1659 quum
604 1610 709 1649 vobis
731 1612 1013 1665 quiescentibus
1033 1625 1069 1658 et
1088 1621 1330 1671 patientibus
1352 1622 1512 1674 fecerit,
1535 1633 1573 1666 et
1594 1642 1748 1670 conces-

329 1674 417 1702 sam
445 1664 518 1703 sibi
551 1665 748 1708 Groecz'am
782 1684 864 1710 esse
893 1686 920 1712 a
952 1674 1057 1715 vobis
1085 1676 1248 1725 videat,·
1277 1693 1346 1730 pro
1380 1689 1484 1723 certo
1519 1684 1646 1733 habet,
1678 1701 1746 1727 ne-

329 1718 474 1759 minem
516 1722 602 1771 sibi,
643 1731 852 1779 antequam
896 1729 937 1769 in
974 1731 1140 1773 Italiam
1187 1733 1397 1788 trajecerit,
1439 1748 1641 1782 armatum
1678 1745 1745 1785 ob-

328 1789 540 1818 cursurum.
613 1780 706 1821 Hoc
746 1798 865 1837 quam
903 1788 1011 1828 vobis
1051 1796 1175 1831 tutum
1216 1800 1287 1832 aut
1328 1794 1526 1838 honestum
1572 1799 1640 1850 sit,
1680 1816 1747 1843 vos

325 1832 527 1874 videritis.-
559 1850 633 1891 ego
654 1846 757 1880 certe
786 1842 882 1883 mihi
912 1850 1024 1897 turpe
1043 1861 1125 1887 esse
1144 1849 1255 1899 dumi,
1277 1852 1384 1902 prius
1406 1855 1558 1896 Persea
1579 1858 1635 1897 ad
1665 1859 1745 1898 bel·

326 1888 405 1929 lum
426 1889 683 1944 inferendum,
702 1911 821 1950 quam
843 1915 905 1940 me
923 1903 1067 1943 socium
1088 1906 1144 1944 ad
1157 1908 1463 1961 praedicendum,
1480 1918 1522 1952 ut
1541 1917 1744 1969 caveretis,

323 1947 455 1987 venire
480 1949 519 1988 in
541 1950 716 1995 Italiam.
777 1956 948 1999 Functus
978 1963 1195 2003 necessario
1223 1965 1316 2005 mihi
1346 1966 1484 2022 officio,
1508 1977 1543 2010 et
1574 1975 1742 2025 quodam

323 2005 438 2043 modo
461 2004 624 2047 liberata
650 2016 769 2064 atque
788 2024 1004 2059 emonerata
1019 2018 1110 2069 fide
1129 2034 1228 2070 mea,
1251 2023 1348 2076 quid
1367 2026 1476 2067 ultra
1491 2026 1634 2078 facere
1649 2045 1742 2083 pos-

322 2073 422 2111 sum,
444 2076 562 2115 quam
594 2066 653 2105 uti
675 2068 786 2109 Deos
805 2070 996 2128 Deasque
1015 2090 1167 2128 precer,
1189 2084 1235 2118 ut
1253 2094 1322 2121 vos
1341 2088 1378 2122 et
1404 2090 1541 2125 vestroe
1560 2087 1742 2139 reipubli-

321 2131 397 2212 Joe,
414 2125 453 2205 eg
472 2121 583 2161 nobis
602 2123 719 2164 sociis
749 2132 867 2181 atque
896 2132 1044 2183 amicis,
1066 2135 1134 2188 qui
1153 2149 1202 2176 em
1230 2138 1339 2178 vobis
1365 2142 1585 2193 pendemus,
1607 2159 1740 2186 consu-

338 2180 437 2214 atis.

594 2239 619 2257 “¹
635 2237 707 2270 add.
723 2239 871 2284 [pararet]
889 2244 980 2278 Crev.

364 2301 405 2330 44
430 2302 528 2336 Quum
557 2306 608 2335 ille
636 2308 709 2337 vobis
738 2311 843 2342 bellum
869 2317 1004 2357 pararet]

322 2343 462 2375 Verbum
480 2354 601 2384 pararet
623 2349 736 2391 adjecit
754 2353 910 2387 Gronovio
933 2369 1006 2389 auc-

319 2390 383 2417 tore
419 2387 569 2421 Clericus.
621 2392 691 2423 Nec
730 2395 896 2435 dubitabit,
931 2402 1007 2442 quin

321 2428 429 2459 Livius
443 2430 487 2461 ita
501 2433 667 2475 scripserit,
684 2437 737 2476 qui
754 2448 791 2469 ea
813 2440 922 2482 legerit
937 2455 1006 2485 quae

319 2478 508 2512 sequuntur:
533 2487 698 2516 quanquam
719 2481 790 2511 mihi
811 2485 925 2522 quidem
947 2498 1004 2518 non.

316 2524 434 2551 parare,
449 2518 498 2547 sed
514 2528 616 2559 gerere
634 2531 707 2559 pene
722 2524 826 2554 bellum
842 2528 1004 2562 videbatur.

319 2556 376 2587 Est
411 2558 493 2589 enim
529 2563 688 2599 correctio,
717 2570 867 2608 tanquam
903 2572 1005 2603 minus

317 2609 412 2639 quam
435 2611 483 2632 res
498 2608 544 2633 est
559 2603 698 2638 dixisset.
708 2611 728 2637 25³
744 2609 889 2651 Oportuit
911 2613 1004 2655 igitur

315 2641 412 2673 etiam
428 2654 498 2675 eum
513 2645 627 2678 dixisse
642 2650 725 2689 quod
740 2652 872 2694 corrigit.

357 2686 399 2715 45
421 2687 591 2728 Abrupolim
623 2693 745 2733 socium]
783 2696 861 2732 Quae
892 2697 941 2728 hic
970 2706 1001 2730 et

316 2725 395 2757 infra
411 2739 437 2759 c.
456 2731 509 2762 40.
531 2730 706 2765 indicantur
728 2736 767 2767 de
782 2738 946 2781 Abrupoli,
963 2743 1001 2773 de

318 2768 471 2814 Artetam,
495 2773 533 2804 de
557 2776 688 2813 Everca,
706 2783 737 2808 et
760 2780 932 2819 Callicrito,
954 2784 1000 2815 su-

317 2821 378 2841 sius
401 2823 622 2851 memoraverat
646 2821 749 2862 procul
779 2822 871 2857 dubio
895 2826 1000 2859 Livius

1195 2254 1211 2270 ¹¹
1228 2250 1368 2283 Evercam
1383 2254 1462 2285 Ead.

1051 2317 1082 2348 in
1109 2318 1146 2350 iis
1168 2331 1239 2361 quae
1270 2322 1450 2354 exciderunt
1476 2325 1514 2356 de
1543 2326 1621 2358 libro
1647 2329 1734 2361 XLI.

1051 2361 1113 2392 Illo
1148 2363 1231 2394 enim
1266 2365 1343 2396 libro
1379 2365 1469 2398 initia
1498 2369 1734 2404 continebantur

1050 2404 1124 2436 belli
1148 2406 1359 2444 Macedonici,
1375 2415 1410 2440 ut
1432 2416 1553 2442 constat
1575 2423 1612 2443 ex
1635 2416 1732 2457 epito-

1050 2457 1109 2477 me.
1141 2449 1325 2491 Abrupolim
1341 2452 1523 2493 Sapensium
1540 2465 1642 2496 regem
1659 2459 1733 2499 (Sa-

1047 2490 1138 2531 paica
1153 2492 1295 2524 Thraciae
1311 2493 1394 2534 regio
1415 2495 1478 2536 est)
1495 2497 1598 2534 fuisse,
1614 2509 1631 2529 e
1648 2501 1729 2532 Pau—

1046 2532 1144 2564 saniae
1170 2541 1311 2577 corrupto
1339 2537 1414 2568 licet
1442 2545 1527 2571 textu
1551 2540 1676 2579 eruitur,
1700 2544 1731 2575 in

1046 2574 1207 2614 Achaicis,
1224 2578 1287 2609 sive
1303 2579 1380 2610 libro
1399 2581 1478 2614 VII.

1090 2619 1132 2649 46
1155 2620 1312 2663 Evercam]
1350 2623 1401 2654 Ita
1430 2623 1594 2665 legendum
1626 2636 1729 2661 censet

1046 2660 1146 2693 Henr.
1182 2663 1337 2702 Valesius,
1372 2675 1433 2697 non
1464 2668 1620 2699 Euersam.-
1656 2673 1731 2714 quia

1043 2702 1122 2734 illud
1158 2705 1304 2738 Graecum
1342 2718 1452 2739 nomen
1487 2717 1544 2747 est,
1574 2712 1631 2744 hoc
1669 2725 1730 2745 non

1045 2744 1130 2777 item.

1087 2789 1128 2819 47
1153 2790 1280 2832 Dolopiae
1305 2794 1377 2824 bella
1399 2797 1518 2837 intulit]
1553 2798 1634 2840 Lege
1658 2809 1730 2830 cum

1046 2831 1202 2865 Gronovio
1218 2836 1332 2868 bellum.
