1826 3149
105 200 149 232 U.
163 200 199 231 C.
214 201 287 233 585.

109 243 148 274 A.
163 246 198 275 C.
218 244 287 275 167.

111 879 243 910 Rhodiis
259 889 312 909 an-

110 933 182 964 ceps
196 932 242 953 re-

111 976 256 1007 sponsum

111 1008 230 1039 datum.

113 1392 231 1423 Rhodii
243 1402 291 1422 so-

109 1435 251 1466 cietatem
267 1445 286 1465 a

112 1478 204 1509 Rom.
218 1488 271 1520 pe-

111 1526 192 1554 tunt.

320 87 393 129 194-
845 82 879 122 Τ
893 83 909 121 Ι
922 83 955 121 Τ
967 83 986 120 Ι
1028 84 1062 122 L
1077 84 1092 124 1
1107 84 1139 121 V
1155 85 1169 122 1
1188 84 1204 122 Ι

319 191 471 233 Hostes
490 193 675 235 Rhodios
702 206 798 244 esse,
823 193 998 233 Romani
1018 192 1206 247 judicare
1234 198 1423 246 possunt:
1454 197 1510 232 est
1539 198 1668 232 tamen
1696 195 1734 230 et

320 256 491 291 nostrum
508 251 667 305 aliquod
686 252 735 291 de
753 251 861 290 nobis
875 249 1089 304 judicium,
1112 250 1128 274 ⁶
1141 265 1216 304 quo
1236 263 1450 303 numquam
1459 247 1734 302 judicabimus

321 321 392 347 nos
410 315 555 349 vestros
586 309 737 348 hostes.-
769 322 838 347 nec
867 308 1088 362 quidquam
1119 307 1268 356 hostile,
1292 307 1412 347 etiam
1441 307 1476 346 si
1501 306 1631 346 omnia
1658 319 1732 358 pa-

322 364 695 417 tiemztr,saciemus.

381 421 529 462 XXV.
560 420 823 461 “Secundum
854 421 978 462 talem
1008 421 1234 462 orationem
1265 421 1444 461 universi
1474 433 1618 461 rursus
1638 430 1734 473 pro-

322 478 527 527 ciderunt,
561 493 779 533 ramosque
811 478 912 518 oleae
946 478 1152 533 supplices
1179 479 1398 534 jactantes,
1424 477 1591 519 tandem
1623 474 1733 514 exci-

323 535 415 584 tati,
437 535 551 575 curia
572 543 845 576 excesserunt.
909 536 1034 575 Tunc
1055 535 1270 576 sententiae
1295 535 1539 590 interrogari
1567 540 1730 587 coeptae.

326 590 587 632 Infestissimi
622 591 800 631 Rhodiis
832 600 962 642 erant,
985 591 1059 647 qui
1092 592 1279 632 consules
1303 599 1551 647 praetoresve
1575 596 1649 631 aut
1676 589 1733 630 le-

322 647 410 703 gati
444 655 654 702 gesserant
685 648 726 688 in
761 648 1010 689 Macedonia
1039 649 1208 689 bellum.
1283 648 1511 689 Plurimum
1544 660 1731 688 caussam

323 719 466 744 eorum
497 705 661 760 adjuvit
695 706 757 745 M.
782 705 955 746 Porcius
984 707 1118 753 Cat03
1155 705 1243 761 qui,
1275 720 1394 761 asper
1426 704 1605 760 ingenio,
1637 711 1731 744 tum

324 760 457 801 lenem
478 761 705 817 mitemque
727 770 956 803 senatorem
977 762 1074 817 egit.
1135 762 1255 803 ⁸Non
1272 762 1446 803 inseram
1464 760 1733 802 simulacrum

324 816 401 857 viri
432 818 600 874 copiosi,
624 834 721 874 quae
752 819 919 869 dixerit,
945 819 1184 860 referendo:
1229 819 1387 875 9ipsius
1416 819 1549 859 oratio
1579 817 1734 872 scripta

324 882 476 924 exstat,
500 875 720 931 Originum
749 875 897 931 quinto
927 875 1033 917 libro
1062 875 1230 916 inclusa.
1293 875 1469 916 Rhodiis
1490 888 1733 930 responsum

324 929 384 971 ita
413 931 625 973 redditum
655 940 731 983 est,
754 940 801 973 ut
831 948 906 973 nec
935 933 1074 974 hostes
1103 933 1263 982 fierent,
1292 948 1366 973 nec
1396 932 1492 972 socii
1522 945 1736 987 permane-

324 996 429 1029 rent.
489 987 784 1030 ¹⁰Philocrates
804 998 845 1030 et
866 989 1121 1046 Astymedes
1140 989 1346 1045 principes
1366 988 1582 1044 legationis
1602 994 1733 1028 erant.

326 1045 494 1085 Partem
538 1061 633 1086 cum
676 1046 912 1087 Philocrate
955 1046 1196 1087 renunciare
1241 1045 1442 1086 Rhodum
1486 1044 1735 1101 legationem

324 1100 496 1156 placuit,
528 1111 688 1157 partem
724 1118 819 1143 cum
855 1103 1088 1159 Astymede
1125 1104 1273 1144 Romae
1309 1102 1560 1152 subsistere⁸,
1593 1100 1623 1125 ¹¹
1636 1115 1734 1157 quae

323 1166 561 1213 agerentur,
593 1159 728 1209 sciret,
760 1160 1037 1215 certioresque
1068 1175 1162 1200 suos
1192 1161 1357 1201 faceret.
1422 1160 1473 1199 In
1512 1159 1735 1215 praesentia

324 1214 529 1255 deducere
559 1224 654 1256 ante
684 1223 838 1257 certam
868 1216 977 1256 diem
1008 1232 1059 1256 ex
1091 1217 1224 1272 Lycia
1247 1216 1453 1272 Cariaque
1482 1215 1734 1272 ¹2jusserunt

323 1271 552 1326 praefectos,
627 1274 731 1313 Haec
775 1273 974 1313 Rhodum
1017 1273 1226 1323 nunciata,
1262 1289 1359 1329 quae
1401 1288 1475 1328 per
1518 1288 1559 1313 se
1600 1271 1736 1314 tristia

323 1327 514 1377 fuissent,
536 1329 636 1384 quia
656 1329 823 1384 majoris
844 1329 941 1370 mali
971 1329 1132 1371 levatus
1153 1339 1240 1371 erat
1262 1331 1399 1379 timor,
1421 1345 1553 1385 quum
1575 1329 1733 1370 bellum

324 1383 573 1434 timuissent,
605 1385 646 1425 in
686 1386 889 1441 gaudium
920 1387 1160 1428 renunciata
1190 1394 1417 1428 verterunt.
1481 1387 1633 1441 Itaque
1662 1401 1734 1427 ex-

325 1441 481 1496 templo
516 1457 708 1483 coronam
749 1441 937 1498 ¹³viginti
978 1443 1153 1484 millium
1189 1458 1409 1484 aureorum
1440 1442 1733 1484 decreverunt:

325 1495 652 1549 ¹⁴Theodotum,
683 1500 930 1555 praefectum
962 1499 1114 1550 classis,
1145 1501 1186 1541 in
1217 1516 1306 1541 eam
1337 1500 1584 1555 legationem
1614 1500 1734 1540 mise-

324 1562 436 1595 runt.
499 1556 744 1597 Societatem
766 1557 819 1597 ab
840 1556 1041 1597 Romanis
1071 1556 1130 1598 ita
1154 1557 1347 1598 volebant
1377 1556 1478 1613 peti,
1500 1564 1548 1597 ut
1569 1556 1733 1597 nullum

324 1609 377 1651 de
407 1626 454 1651 ea
483 1627 526 1651 re
567 1612 715 1654 scitum
756 1611 787 1636 ¹⁵
800 1613 945 1668 populi
986 1614 1116 1663 fieret,
1157 1623 1231 1656 aut
1272 1613 1400 1656 literis
1438 1612 1732 1654 mandaretur:

324 1665 357 1722 Ψ
368 1667 497 1722 quod,
538 1667 614 1709 nisi
655 1669 938 1725 impetrarent,
969 1670 1101 1726 major
1135 1670 1310 1727 repulsis
1348 1669 1576 1726 ignominia
1613 1677 1732 1711 esset.

893 1768 906 1785 ³
920 1764 977 1796 ins.
995 1764 1060 1806 [ut]
1078 1765 1168 1797 Crev-

376 1868 397 1898 6
434 1868 497 1902 Quo
521 1880 671 1910 nunquam
687 1873 903 1914 judicabimus]
942 1873 1006 1904 Ne-

324 1910 436 1941 scimus
456 1911 536 1942 unde
558 1912 711 1944 invectum
733 1915 823 1946 fuerit
844 1916 921 1946 illud
943 1928 1007 1957 quo.

325 1953 453 1984 Veteres
489 1954 563 1984 editi
598 1955 713 1987 habent
740 1960 825 1998 quod,
855 1959 1008 2000 quomodo

323 1995 398 2036 legit
410 2001 440 2025 et
454 1996 517 2038 ipse
534 1998 716 2035 Gronovius,
734 2006 768 2031 ut
787 2012 824 2032 ex
848 2002 913 2042 ejus
935 2008 1007 2033 nota

324 2044 462 2079 apparet.
518 2040 654 2082 Reponit
676 2043 728 2074 ille
753 2046 824 2084 qui.-
861 2037 952 2087 atque
977 2046 1007 2076 id

324 2081 434 2111 melius
448 2081 578 2113 videtur.
804 2106 806 2109 -

368 2124 385 2153 7
411 2124 575 2156 Secundum
603 2129 687 2158 talem
715 2130 887 2171 orationem]
926 2131 1005 2161 Lon-

325 2174 362 2206 ge
376 2166 526 2198 diversam
546 2169 653 2200 habuit
674 2172 841 2203 orationem
864 2174 1006 2215 Astyme-

325 2209 389 2255 des,
403 2220 496 2249 quam
512 2210 643 2244 edidisse
667 2225 738 2245 eum
761 2215 792 2244 in
814 2216 926 2256 vulgus
946 2222 1007 2247 tra-

325 2250 371 2281 drt
393 2251 550 2294 Polybius,
566 2255 659 2296 legat.
674 2258 725 2287 93.
741 2258 793 2298 qui
814 2263 845 2288 et
867 2259 924 2289 hoe
938 2270 1007 2300 gra—

326 2293 446 2325 vissime
490 2298 693 2338 reprehendit,
744 2301 826 2341 quod
866 2301 1008 2333 Rhodius

324 2341 423 2366 orator
451 2337 495 2382 ita
517 2350 587 2370 suos
609 2342 738 2373 liberare
766 2344 858 2385 culpa
883 2354 1007 2375 conare-

323 2383 382 2413 tur,
398 2384 431 2409 ut
447 2380 572 2412 Graecos
585 2390 700 2414 ceteros
716 2391 881 2417 accusaret.

366 2422 384 2451 8
409 2422 510 2469 “fNon
538 2426 675 2467 inseram]
701 2428 774 2458 Non
796 2429 928 2459 inseram
950 2429 1007 2460 hoc

322 2463 389 2494 loco
415 2465 581 2505 imaginem
611 2469 826 2501 adumbratam
861 2471 1006 2512 eloquen-

322 2505 374 2535 tiae
400 2506 536 2542 Catonis,
563 2511 723 2542 scribendo
745 2514 913 2544 orationem
938 2520 1006 2545 tan-

322 2559 417 2590 quam
432 2550 471 2580 ab
486 2550 539 2581 illo
555 2551 702 2584 habitam.

365 2592 384 2621 9
422 2592 516 2631 Ipsius
542 2598 633 2626 oratio
654 2598 760 2636 scripta
788 2600 893 2640 exstat]
930 2601 1007 2641 Ejus

323 2633 469 2665 orationis
485 2636 583 2668 multa
604 2639 707 2680 capita
728 2639 828 2675 refert,
847 2647 877 2671 et
900 2642 1006 2673 defen-

323 2675 369 2705 dit
397 2677 542 2709 adversus
576 2681 718 2712 Tironem
755 2682 793 2713 A.
825 2684 947 2715 Gellius
984 2686 1005 2715 l.

324 2719 354 2748 V
357 2720 403 2750 II.
419 2730 445 2751 c.
460 2721 491 2750 3.

368 2763 406 2792 10
435 2764 617 2795 Philocrates
644 2772 672 2796 et
702 2768 867 2803 Astumedes
894 2772 1005 2808 princi-

320 2813 368 2842 pes
393 2805 558 2852 legationis]
591 2803 763 2850 Duplicem⁵
780 2811 966 2852 legationem
990 2823 1008 2843 a

323 2845 455 2878 Rhodiis
483 2849 606 2881 missam
638 2862 703 2883 esse
737 2853 825 2885 docet
862 2855 1009 2896 Polybius

1050 1873 1124 1904 ibid.
1148 1884 1277 1914 quarum
1293 1874 1417 1905 alterius
1438 1873 1639 1909 Philocrates,
1656 1873 1734 1905 alte·

1050 1916 1112 1947 rius
1126 1917 1311 1958 Astymedes
1324 1917 1464 1959 princeps
1478 1922 1553 1948 erat.

1095 1960 1130 1989 11
1165 1960 1205 1989 Ut
1229 1971 1290 2000 (μα’
1316 1966 1475 2001 agerentur
1495 1960 1595 2001 sciret]
1634 1959 1733 1990 Parti-

1049 2001 1152 2032 culam
1173 2009 1205 2032 ut
1228 2002 1348 2033 addidit
1370 2002 1516 2034 Clericus.
1562 2002 1736 2034 Gronovius

1052 2044 1150 2085 legit:
1183 2047 1232 2086 qui
1258 2057 1323 2086 quoe
1350 2052 1508 2088 agerentur
1529 2047 1646 2081 scirent,
1673 2056 1734 2075 cer-

1052 2089 1189 2128 tioresque
1217 2100 1279 2119 suos
1303 2088 1452 2130 facerent.
1507 2088 1596 2130 Elige
1633 2092 1735 2119 utrum

1051 2131 1150 2161 malis.

1096 2175 1135 2204 12
1149 2174 1347 2215 *Jnssm-mzt]
1373 2175 1480 2205 Patres
1495 2173 1643 2205 Romani.

1095 2217 1134 2247 13
1175 2217 1288 2258 Viginti
1311 2218 1437 2247 millium
1464 2217 1634 2258 aureorum]
1672 2217 1733 2247 Po-

1052 2258 1153 2299 lybius
1175 2259 1269 2290 habet
1289 2259 1502 2290 tantummodo
1527 2261 1633 2290 decem.
1677 2258 1734 2290 Vi-

1051 2301 1127 2342 ginti
1163 2302 1260 2333 millia
1302 2312 1463 2334 aureorum
1505 2302 1735 2344 aequiparantur

1051 2344 1185 2385 pondere
1200 2344 1310 2375 marcis
1327 2345 1512 2376 nostratibus
1534 2345 1606 2376 625.
1643 2344 1734 2385 Ejus-

1052 2386 1123 2417 dem
1145 2387 1233 2429 pretii
1255 2393 1286 2418 et
1307 2387 1450 2429 ponderis
1471 2397 1614 2418 coronam
1643 2388 1734 2418 obtu-

1050 2429 1121 2460 lisse
1158 2430 1251 2471 legati
1295 2430 1472 2472 Pamphylii
1514 2435 1734 2465 memorantur,

1050 2482 1143 2514 supra
1157 2473 1176 2502 l.
1194 2473 1313 2504 XLIV.
1327 2483 1354 2504 e.
1372 2474 1420 2503 14.

1107 2515 1144 2544 14
1178 2515 1365 2556 Theodotum]
1411 2515 1604 2546 'l'heaetetum
1647 2519 1737 2547 vocat

1050 2557 1209 2598 Polybius.

1093 2601 1132 2630 15
1158 2600 1280 2642 Populi]

1094 2643 1134 2672 16
1159 2643 1253 2678 Quod,
1276 2644 1332 2672 wisi
1355 2644 1558 2684 impetrarent]
1591 2643 1686 2680 Quia,
1710 2642 1735 2674 si

1050 2694 1110 2714 non
1133 2684 1342 2727 impetrarent,
1364 2692 1528 2727 postquam
1550 2686 1681 2727 populus
1703 2690 1735 2716 et

1049 2727 1191 2758 universa
1204 2728 1311 2758 civitas
1326 2728 1357 2758 id
1372 2727 1592 2770 postulandum
1612 2728 1732 2758 decres-

1049 2775 1104 2803 set,
1136 2770 1232 2811 major
1262 2770 1430 2811 ignominia
1464 2771 1567 2802 futura
1593 2776 1658 2802 erat
1684 2781 1733 2801 re-

1050 2812 1156 2854 pulsis,
1186 2824 1279 2854 quam
1309 2813 1335 2844 si
1367 2814 1531 2855 praefectus
1563 2813 1671 2844 classis
1700 2813 1735 2844 id

1051 2856 1140 2896 quasi
1155 2866 1208 2888 suo
1224 2856 1346 2888 nomine
1363 2862 1466 2899 petere
1485 2856 1646 2888 videretur.

1304 2599 1432 2632 Rhodii.
