1831 3194
333 378 453 431 EPI
461 378 683 432 TOME
735 379 951 432 LIBRI
1003 379 1212 433 XLVI.

61 630 122 683 E
131 644 385 687 UMENES
402 660 483 687 rem
503 646 675 687 Romam
696 647 826 687 venit.-
858 647 941 700 qui,
964 647 1061 701 quia
1083 647 1351 688 Macedonico
1380 646 1482 689 bello

61 702 229 742 medium
258 709 411 756 egerat,
433 718 483 744 ne
511 710 584 745 aut
612 704 737 745 hostis
757 703 971 758 judicatus
1000 705 1216 755 videretur,
1241 706 1278 746 si
1306 706 1483 746 exclusus

60 765 171 808 esset,
194 766 267 801 aut
294 761 490 802 liberatus
518 762 701 811 crimine,
722 762 759 802 si
788 763 1071 803 admitteretur
1082 785 1098 809 ;
1132 763 1176 803 in
1201 776 1399 803 commune
1417 764 1484 803 lex

57 814 147 856 lata
168 824 237 866 est,
261 831 310 859 ne
329 820 395 859 cui
413 820 503 874 regi
522 820 691 860 Romam
715 820 851 860 venire
869 820 1020 860 liceret.
1083 821 1281 862 Claudius
1300 820 1484 861 Marcel-

58 872 120 913 lus
150 876 287 916 consul
306 877 477 930 Alpinos
501 876 660 926 Gallos,
686 877 730 918 C.
751 876 953 930 Sulpicius
977 877 1122 918 Gallus
1150 879 1286 918 consul
1311 877 1485 932 Ligures

59 931 226 986 subegit.
289 933 440 988 Legati
480 935 643 975 Prusioe
681 935 789 988 regis
827 936 1033 988 conquesti
1070 941 1163 975 sunt
1202 936 1251 975 cle
1290 935 1483 985 Eumene,

59 991 280 1042 quodfines
300 1005 387 1032 suos
401 993 692 1045 popularetur.-
724 993 1004 1046 dixeruntque,
1027 1005 1110 1032 eum
1130 993 1381 1046 conspirasse
1399 1006 1483 1032 cum

61 1045 263 1088 Antiocho
292 1055 433 1089 contra
464 1050 655 1102 populum
687 1049 925 1089 Romanum.
987 1049 1166 1090 Societas
1194 1063 1279 1090 cum
1307 1048 1485 1089 Rhodiis

59 1102 366 1156 deprecantibus
380 1105 531 1160 juncta
552 1112 624 1148 est.
682 1107 874 1147 Lustrum
899 1121 925 1146 a
945 1106 1172 1147 censoribus
1191 1107 1392 1146 conditum
1414 1112 1484 1146 est.

64 1161 192 1203 Censa
212 1169 303 1204 sunt
323 1164 468 1204 civium
489 1166 629 1217 capita
649 1169 827 1204 trecenta
845 1164 997 1218 viginti
1015 1169 1161 1217 septem
1181 1164 1314 1204 millia
1336 1163 1487 1217 viginti

60 1219 152 1260 duo.
212 1221 412 1274 Princeps
429 1227 591 1262 senatus
616 1222 739 1262 lectus
761 1221 826 1262 M.
849 1221 1046 1262 AEmilius
1067 1221 1264 1275 Lepidus.
1322 1219 1485 1262 ¹Ptole-

60 1284 180 1318 ma’us
195 1277 378 1333 AEgypti
396 1293 480 1328 rex,
494 1280 638 1332 pulsus
651 1293 776 1333 regno
795 1293 821 1318 a
842 1279 996 1320 minore
997 1278 1161 1333 fratre,
1183 1278 1313 1320 missis
1329 1279 1387 1318 ad
1399 1292 1486 1319 eum

60 1334 220 1388 legatis,
253 1337 460 1377 restitutus
489 1342 558 1377 est.
618 1336 847 1378 Ariarathe
884 1337 1158 1390 Cappadociae
1190 1351 1285 1390 rege
1315 1341 1485 1385 mortuo,

50 1391 167 1444 filius
188 1391 270 1446 ejus
290 1393 539 1435 Ariarathes
559 1408 722 1448 regnum
738 1394 908 1448 accepit,
930 1400 969 1434 et
988 1394 1213 1434 amicitiam
1234 1407 1317 1434 cum
1330 1394 1487 1446 populo

61 1449 248 1490 Romano
262 1465 339 1504 per
359 1452 516 1505 legatos
537 1452 760 1492 renovavit.
820 1452 904 1492 Res
918 1457 1121 1503 praeterea
1142 1451 1333 1491 adversus
1352 1451 1486 1504 Ligu-

60 1520 138 1556 res,
155 1513 194 1548 et
213 1508 366 1557 Corsos,
389 1514 428 1548 et
449 1508 676 1555 Lusitanos,
692 1509 809 1548 vario
825 1514 966 1548 eventu
981 1514 1129 1562 gestas,
1144 1506 1185 1548 et¹
1198 1514 1324 1548 motus
1338 1508 1484 1561 Syria’,

63 1570 217 1605 mortuo
259 1564 477 1614 Antiocho,
515 1567 586 1620 qui
605 1566 750 1618 filium
791 1565 1031 1605 Antiochum
1063 1578 1235 1618 puerum
1273 1565 1486 1605 admodum

62 1622 297 1675 reliquerat,
329 1623 519 1663 continet.
578 1623 707 1662 Hunc
737 1622 976 1662 Antiochum
1005 1635 1176 1674 puerum
1209 1620 1323 1662 ²cum
1353 1622 1486 1676 Lysia

61 1684 194 1719 tutore
214 1679 458 1728 Demetrius,
481 1680 636 1720 Seleuci
644 1679 775 1734 filius,
792 1679 865 1733 qui
883 1679 1026 1720 Roma>
1045 1678 1153 1719 obses
1156 1679 1324 1733 suerat,
1339 1677 1485 1729 ³clam,

61 1736 159 1789 quia
189 1750 269 1777 non
298 1737 579 1778 dimittebatur
607 1751 634 1776 a
656 1737 867 1786 Romanis,
891 1737 1095 1777 interemit
1108 1757 1122 1782 ;
1156 1742 1196 1776 et
1216 1736 1366 1789 ipsein
1395 1750 1486 1790 reg-

60 1806 152 1833 num
173 1799 365 1847 receptus.
427 1794 478 1834 L.
497 1794 672 1835 AEmilio
696 1794 859 1843 Paullo,
877 1794 948 1848 qui
962 1794 1117 1834 Persen
1133 1794 1299 1842 vicerat,
1317 1799 1487 1845 mortuo,

61 1854 180 1891 tanta
201 1850 284 1905 ejus
302 1851 550 1893 abstinentia
554 1852 665 1906 fuit,
688 1858 747 1902 ut,
767 1864 885 1907 quum
905 1865 954 1892 ex
978 1849 1192 1904 Hispania
1212 1856 1253 1891 et
1272 1864 1322 1891 ea·
1341 1849 1486 1891 Mace-

62 1908 188 1948 donia
210 1909 409 1950 inmensas
428 1922 520 1962 opes
543 1910 758 1958 retulisset,
778 1909 849 1950 via:
876 1923 926 1949 ea·
954 1909 1142 1949 auctione
1169 1906 1254 1962 ejus
1281 1908 1486 1948 redactum

61 1965 129 2013 sit,
150 1966 256 2006 unde
275 1968 396 2007 uxori
414 1965 497 2020 ejus
516 1967 587 2008 dos
605 1968 837 2008 solveretur.
890 1966 1127 2019 Pomptina·
1140 1966 1315 2018 paludes
1333 1979 1359 2005 a
1383 1966 1486 2008 Cor—

62 2023 171 2062 nelio
193 2023 368 2078 Cethego
387 2025 556 2075 consule,
574 2025 640 2065 cui
654 2039 702 2065 ea
714 2024 933 2078 provincia
952 2029 1153 2073 evenerat,
1170 2024 1344 2073 siccatae,
1367 2037 1486 2078 ager-

66 2093 141 2134 que
159 2094 209 2121 ea:
229 2081 282 2121 iis
285 2081 444 2136 factus.

651 2212 894 2267 XLVII.

75 2327 77 2329 ’
124 2319 200 2360 Cn.
230 2319 446 2360 Tremellio
465 2318 627 2360 tribuno
651 2319 784 2372 plebis
811 2320 936 2359 multa
959 2319 1068 2359 dicta
1091 2325 1161 2367 est,
1185 2319 1291 2372 quod
1313 2333 1398 2359 cum
1419 2318 1485 2359 M.

65 2374 241 2417 AEmilio
252 2377 415 2430 Lepido
420 2377 616 2431 pontifice
631 2377 805 2417 maximo
821 2376 1014 2431 injuriose
1027 2377 1308 2417 contenderat.-
1330 2375 1487 2417 *sacro-

78 2516 84 2519 >
111 2496 127 2525 l
166 2496 338 2526 Ptolemaeus
381 2507 432 2527 rex
474 2496 610 2538 AEgypti,
650 2497 754 2535 pulsus
797 2501 869 2527 runt
884 2495 1026 2527 editores.
1071 2494 1134 2525 Sed
1156 2493 1212 2525 illa
1227 2495 1317 2527 facile
1339 2495 1487 2537 intelligi-

68 2548 157 2579 regno
177 2551 197 2568 a
215 2541 325 2569 minore
336 2537 457 2581 fratre]
482 2540 532 2570 Sic
555 2544 614 2570 tres
633 2539 753 2571 Grono-
797 2544 865 2570 tur:
889 2548 1048 2581 quumque
1065 2548 1122 2568 nec
1143 2539 1227 2580 apud
1241 2538 1414 2575 Andream,
1429 2548 1488 2568 nec

70 2580 112 2611 vii
127 2582 221 2612 MSS.
243 2586 275 2612 et
295 2582 487 2624 Campanus.
531 2583 637 2623 Vulgo
653 2584 754 2613 Ptole·
799 2581 883 2624 apud
921 2582 1130 2623 Campanum,
1166 2591 1224 2612 nec
1256 2581 1289 2612 in
1326 2581 1412 2612 libris
1447 2581 1487 2612 ab

69 2633 158 2654 maeus
184 2625 391 2665 AEgyptiorum
418 2637 480 2662 rex,
507 2638 525 2655 a
550 2627 659 2656 minore
679 2626 753 2667 fra-
798 2624 936 2656 Heaxnio
962 2624 1110 2666 inspectis
1135 2629 1247 2661 exstet,
1266 2623 1400 2655 delenda
1422 2622 1488 2653 visa

70 2673 114 2696 tre
128 2678 143 2697 e
155 2677 244 2708 regno
264 2669 375 2706 pulsus.
420 2668 481 2700 Sed
497 2669 531 2700 τδ
546 2669 756 2711 AEgyptz'orum
799 2673 857 2699 est.

68 2708 161 2739 nimis
189 2709 362 2750 emphatice
390 2710 508 2742 dictum
536 2710 668 2747 videtur,
699 2721 757 2742 nec
843 2711 863 2742 3
889 2710 984 2745 Clam,
999 2711 1068 2750 quia
1089 2721 1148 2741 non
1170 2710 1371 2740 dimittebatur
1392 2719 1411 2737 a
1426 2707 1486 2737 Ro.

69 2751 145 2782 satis
159 2761 197 2782 ex
219 2762 302 2782 more
321 2752 410 2784 solito
431 2753 588 2796 loquendi.
633 2754 757 2786 Vocula
799 2753 909 2794 manis]
933 2753 1027 2784 Adde
1042 2752 1092 2784 hic
1108 2754 1231 2792 elapsus.

68 2806 85 2825 e
101 2795 194 2837 plane
210 2794 374 2826 redundat.
843 2797 864 2827 4
900 2796 1111 2836 Sam-oramque
1162 2795 1388 2835 magistratuum
1433 2794 1490 2831 jus

112 2839 133 2867 2
158 2837 233 2866 Cum
256 2837 347 2877 Lysia
368 2840 480 2881 tutore]
511 2839 647 2872 Addidit
670 2839 757 2881 Sigo-
800 2841 944 2880 potentius
968 2839 1054 2880 snit]
1113 2837 1268 2867 Observat
1305 2834 1490 2869 Gronovius,
1540 2831 1544 2844 ¹

70 2879 140 2912 nius
164 2888 270 2912 vocem
292 2880 363 2920 ejus,
382 2891 475 2922 quam
502 2882 614 2915 deinde
634 2892 758 2924 recepe·
801 2892 955 2926 nusquam
994 2880 1207 2923 pontificatum
1240 2877 1301 2910 dici
1335 2879 1491 2920 magistra-
