1805 3174
560 67 1019 117 PRAEFATlo
1366 69 1516 118 lxxxv

58 224 183 256 unus
209 213 357 272 atque
380 207 512 256 idern
538 207 682 255 locus
705 207 780 255 his
816 208 1152 256 subobscurus
1183 206 1440 266 videbitur,
1465 217 1514 257 et

54 301 156 333 non
191 286 449 349 indignum
487 285 682 334 vindice
723 286 903 334 babere
939 286 1146 341 nodum,
1186 284 1282 332 illis
1324 287 1514 348 perspi-

54 380 195 423 cuus,
222 372 270 412 et
293 365 343 412 in
366 381 465 428 quo
500 364 798 412 illustrando
837 380 1040 427 operam
1066 379 1251 427 ponere
1277 379 1512 424 superva-

55 458 266 490 caneum
291 443 369 491 sit.
442 442 578 497 Quin
602 450 651 490 et
670 442 804 490 idem
829 459 961 505 saepe
987 442 1143 489 lector
1161 440 1368 488 diversis
1388 446 1511 486 tem-

53 520 273 584 poribus,
301 527 448 584 prout
482 520 577 567 hac
601 520 676 567 vel
702 519 790 566 illa
826 518 1125 581 cogitatione
1161 523 1511 581 praeoccupata

53 614 192 644 mens
210 598 274 645 ad
285 613 386 644 rem
399 596 764 660 inspiciendam
784 595 1069 649 accesserit,
1087 602 1248 657 prout,
1263 594 1380 641 dum
1397 610 1506 641 eam

50 674 266 738 inspicit,
288 674 339 722 in
364 674 492 722 hanc
517 675 718 722 illamve
743 680 935 737 partem
958 672 1228 733 conjecerit
1250 672 1440 733 oculos,
1458 672 1508 720 in

48 751 224 800 iisdem
244 753 401 800 verbis
422 753 576 801 modo
598 752 796 801 haerebit
816 768 1019 815 anceps,
1042 751 1196 798 modo
1217 749 1384 798 facilia
1403 767 1508 799 om-

49 830 132 878 nia
156 837 205 878 et
240 831 473 895 expedita
509 830 736 894 reperiet.
808 829 978 893 Igitur,
1003 845 1065 876 ne
1101 828 1303 875 omnino
1340 834 1508 876 tamen

47 908 221 957 incerti
251 908 617 965 fluctuaremus,
644 925 702 956 eo
729 907 1093 956 decurrendum
1132 905 1235 961 fuit,
1263 913 1314 953 ut
1340 906 1509 953 omnia

48 993 99 1034 et
122 987 229 1035 sola
252 987 368 1035 loca
396 986 532 1034 brevi
555 984 957 1049 interpretatione
992 983 1371 1046 explicaremus,
1396 1000 1506 1047 quae

46 1072 132 1112 aut
168 1064 311 1111 nobis
351 1063 470 1126 ipsis
519 1062 703 1126 aliquid
754 1061 993 1112 molestiae
1032 1060 1374 1114 exhibuerant,
1419 1067 1505 1108 aut

46 1142 348 1190 doctissimis
375 1141 472 1189 illis
499 1141 628 1196 viris,
654 1139 834 1203 quibus
859 1155 950 1186 nos
985 1138 1194 1185 ducibus
1222 1144 1269 1184 et
1296 1137 1506 1185 monito-

44 1219 181 1267 ribus
206 1219 282 1267 usi
308 1236 495 1279 sumus,
515 1218 814 1266 videbantur
835 1215 1064 1265 nonnihil
1092 1216 1272 1263 habere
1298 1215 1505 1263 difficul-

44 1296 275 1355 tatis‚aut
317 1297 535 1360 denique
573 1295 623 1342 in
660 1294 840 1358 quibus
881 1293 1014 1356 lapsi
1053 1293 1249 1340 fuerant
1291 1293 1503 1355 alicujus

42 1374 258 1422 nominis
293 1375 606 1438 interpretes
681 1372 798 1420 Hoc
834 1370 978 1419 nobis
1015 1370 1316 1418 tutissimum
1345 1372 1503 1419 visum

44 1460 148 1500 est:
185 1452 322 1516 quod
347 1451 418 1499 ita
457 1449 685 1514 probabit
720 1465 889 1512 aequus
925 1448 1098 1504 lector,
1126 1448 1165 1495 si
1190 1448 1502 1510 cogitaverit,

41 1531 123 1580 vix
149 1531 287 1578 aliter
313 1529 501 1593 aliquid
531 1528 648 1577 certi
675 1527 822 1575 statui
848 1527 1088 1590 potuisse,
1111 1526 1246 1590 quod
1275 1543 1502 1590 sequere-

46 1625 184 1667 mur3
234 1625 330 1656 nec
369 1614 469 1655 tam
513 1606 721 1655 consilio
762 1622 872 1661 nos,
910 1621 1062 1668 quam
1101 1603 1400 1652 necessitate
1438 1605 1500 1652 ad

45 1688 175 1735 hanc
200 1686 470 1734 ineundam
496 1685 741 1734 rationem
765 1683 1006 1746 impulsos
1032 1682 1196 1730 fuisse.

109 1764 262 1818 Quod
290 1770 486 1827 spectat
509 1762 572 1809 ad
600 1776 760 1809 rerum
787 1777 814 1806 a
841 1758 982 1806 Livio
1016 1765 1339 1806 tractatarum
1364 1758 1498 1806 illus-
1510 1771 1705 1853 iJine'slssgais

1622 1826 1630 1844 1

42 1842 322 1897 trationem,
349 1842 445 1888 hoc
478 1840 608 1888 enim
645 1838 843 1887 tertium
879 1844 954 1884 est
988 1837 1038 1884 in
1070 1853 1170 1900 quo
1195 1836 1377 1883 versari
1413 1837 1680 1887 de-iuustrare-

1508 1909 1593 1931 mus-

42 1921 156 1967 beat
180 1919 456 1983 interpretis
481 1917 737 1977 industria,
762 1933 846 1964 eas
870 1915 920 1963 in
945 1915 1163 1979 quinque
1188 1930 1369 1976 genera
1393 1913 1651 1976 dis-Quarum

41 1997 188 2047 tribui
213 2013 361 2061 posse
397 1996 660 2045 credimus.
705 2002 763 2043 1⁰.
784 1993 1036 2041 historiam
1063 1993 1237 2056 ipsam,
1262 1999 1311 2039 et
1335 1986 1691 2068 rerumgffi‘ffie·

40 2084 291 2139 gestarum
310 2075 663 2123 narrationem.
700 2081 765 2122 20.
784 2073 937 2136 leges,
958 2072 1095 2131 ritus,
1115 2070 1553 2133 magistratuumra·

35 2153 165 2215 jura,
200 2159 249 2200 et
283 2151 380 2199 alia
412 2150 716 2214 hujusmodi.
755 2155 818 2199 3⁰.
842 2149 1085 2212 pondera,
1111 2163 1381 2204 mensuras,
1418 2164 1500 2210 pe-

41 2231 256 2279 cuniam.
294 2235 360 2278 4⁰.
381 2228 750 2292 Geographica.
791 2235 855 2275 5⁰.
875 2225 1262 2288 Chronologica.
1315 2224 1398 2273 De
1423 2224 1498 2272 his

42 2307 273 2355 omnibus
297 2306 383 2370 qui
406 2307 514 2354 fuse
547 2307 800 2369 disputare
824 2304 874 2351 in
899 2303 1033 2351 notis
1060 2303 1225 2359 vellet,
1253 2302 1296 2350 ei
1332 2302 1383 2350 in
1408 2302 1497 2350 im-

41 2401 268 2433 mensum
300 2389 545 2432 cresceret
580 2383 737 2439 labor,
763 2388 812 2429 et
837 2380 1006 2428 multis
1040 2380 1261 2444 partibus
1297 2379 1494 2427 Livium

43 2468 401 2525 exsuperatura
438 2461 571 2509 mole
596 2459 852 2508 volumina
876 2459 1190 2506 conficienda
1214 2463 1397 2513 essent,
1422 2457 1494 2504 in-

41 2556 138 2604 que
165 2538 396 2587 immanis
434 2535 774 2585 commentarii
799 2542 940 2583 vasto
976 2534 1167 2597 gurgite
1204 2539 1495 2597 apparerent

38 2616 134 2664 rari
158 2623 349 2673 nantes,
374 2623 423 2664 et
446 2615 528 2663 vix
551 2632 600 2662 ln
626 2613 832 2662 summis
859 2612 1065 2677 paginiS‚
1086 2619 1325 2675 tanquam
1352 2610 1491 2656 tabu-

39 2694 116 2752 lis,
135 2694 383 2742 haerentes
406 2693 558 2757 ipsius
583 2691 837 2756 scriptoris
854 2708 1024 2739 versus
1044 2707 1055 2737 ε
1093 2688 1399 2737 laboriosum
1424 2685 1496 2732 in-

38 2771 235 2836 terpreti
263 2787 406 2834 opus,
430 2769 741 2819 fastidiosum
779 2768 968 2825 lectori,
994 2767 1129 2830 quod
1158 2764 1307 2813 nimia
1341 2763 1492 2811 inter-

787 2860 811 2887 r
835 2851 858 2886 3
