1826 3149
353 107 427 140 228
893 103 932 139 'E
946 102 1004 140 ΡΙ
1017 103 1052 140 T
1062 102 1097 139 O
1109 102 1151 139 M
1164 101 1211 138 AE

353 212 516 253 ultimas
535 211 722 265 abjectas,
737 218 781 252 ut
801 226 864 252 res
885 213 1090 252 inocculto
1113 213 1168 252 ad
1186 212 1229 251 id
1251 216 1401 262 tempus
1416 215 1654 251 servaretur.
1684 219 1757 261 pua

355 269 526 314 bescenti
553 270 726 310 libellum
746 269 967 309 traditum:
1001 269 1139 322 inquo
1169 268 1301 308 relicti
1328 267 1405 308 sibi
1433 269 1511 306 cluo
1540 266 1712 307 thesauri
1730 280 1763 306 a·

350 333 472 378 patre
498 328 734 367 dicerentur.
766 333 845 366 tum
865 327 1042 366 scientem
1062 327 1263 366 mulierem
1294 324 1490 364 subditum
1519 338 1559 364 se
1579 337 1671 372 esse,
1695 337 1759 363 ve-

355 398 444 424 ram
471 385 635 437 stirpem
664 384 877 437 ignoranti
906 383 1075 423 edidisse
1098 397 1252 436 genus:
1284 391 1406 435 alque
1435 381 1683 429 obtestatum,
1715 386 1759 419 ut

349 439 481 493 prius,
502 455 619 494 (piam
639 446 825 480 manaret
843 440 900 479 ad
919 441 1134 480 Eumenem
1155 454 1227 486 res,
1250 441 1394 480 Perseo
1414 439 1626 486 inimicum,
1650 451 1759 477 exce—

356 498 465 539 deret
483 499 535 538 iis
553 499 661 545 locis,
683 511 733 537 ne
749 497 1044 550 interficeretur.
1076 511 1120 537 eo
1138 511 1179 537 se
1199 497 1443 544 exterritum,
1460 497 1578 538 simul
1596 508 1762 548 speran-

353 560 428 595 tem
459 556 625 608 aliquod
653 568 679 594 a
710 555 920 595 Demetrio
948 555 1156 602 auxilium,
1190 555 1232 593 in
1262 554 1421 608 Syriam
1456 566 1498 592 se
1526 552 1761 593 contulisse:

353 618 474 665 atque
495 612 554 652 ibi
567 612 756 664 primum,
776 612 861 665 quis
882 619 992 661 esset,
1010 614 1151 666 palam
1173 625 1398 662 expromere
1419 624 1570 651 ausum.

1025 785 1090 836 L.

419 895 644 943 Thessalia,
675 909 791 948 quum
822 901 859 934 et
894 896 1006 935 illam
1039 895 1229 934 invadere
1263 895 1384 934 armis
1417 899 1537 946 atque
1571 905 1764 944 occupare

354 952 724 1005 Pseudophilippus
737 952 862 999 vellet,
878 966 948 1004 per
964 953 1116 1006 legatos
1128 952 1398 992 Romanorum
1416 950 1584 990 auxiliis
1599 948 1764 989 Achceo-

356 1023 442 1049 rum
463 1007 624 1061 defensa
645 1015 716 1050 est.
773 1009 946 1049 Prusias
974 1024 1047 1049 rea*
1067 1009 1289 1063 Bithynice,
1311 1006 1343 1030 4⁰
1356 1006 1598 1060 omniumque
1626 1005 1762 1045 humil-

355 1066 534 1106 limorum
568 1067 769 1114 vitiorum,
804 1080 829 1106 a
860 1066 1074 1106 Nicomede
1089 1066 1205 1119 filio,
1241 1064 1459 1118 adjuvante
1493 1064 1633 1104 Attalo
1668 1076 1764 1116 rege

354 1123 563 1176 Pergami,
585 1124 734 1163 occisus
754 1129 823 1162 est.
887 1122 1078 1163 Habebat
1103 1123 1393 1175 aliumfllium,
1416 1121 1495 1175 qui,
1509 1135 1591 1173 pro
1611 1119 1766 1173 superi-¹

355 1194 424 1220 ore
442 1180 580 1220 ordine
594 1181 783 1230 dentium,
802 1186 960 1220 enatum
981 1180 1161 1220 habuisse
1176 1194 1292 1219 tinum
1315 1194 1356 1219 os
1375 1179 1580 1219 continens
1595 1178 1764 1218 dicitur.

360 1239 487 1284 Quum
507 1238 660 1290 legatos
680 1238 737 1277 ad
749 1251 891 1290 pacem
921 1239 1027 1278 inter
1050 1237 1295 1278 Nicomedem
1328 1242 1366 1276 et
1398 1236 1587 1276 Prusiam
1606 1234 1768 1289 facien-

356 1295 447 1334 dam
463 1294 641 1334 Romani
655 1295 863 1342 misissent,
882 1301 919 1334 et
933 1309 1032 1335 unus
1047 1309 1096 1334 xe
1112 1296 1163 1335 iis
1177 1295 1308 1334 multis
1319 1293 1567 1334 cicatricibus
1579 1306 1766 1345 sparsum

355 1357 477 1403 caput
498 1351 670 1399 haberet,
694 1353 801 1391 alter
822 1353 994 1404 pedibus
1014 1365 1124 1405 aegcr
1146 1357 1256 1398 esset,
1278 1351 1423 1391 tertius
1454 1351 1615 1404 ingenio
1635 1362 1765 1390 socors

356 1407 590 1456 liaberetur5
622 1409 730 1449 dixit
763 1410 878 1457 Cato,
902 1422 987 1448 eam
1019 1409 1260 1463 legationem
1280 1422 1349 1448 nec
1377 1414 1513 1460 caput,
1534 1421 1603 1446 nec
1623 1407 1764 1459 pedes,

355 1479 426 1504 nec
444 1479 507 1505 cor
525 1465 682 1506 habere.
742 1466 792 1505 In
815 1465 946 1520 Syria,
970 1479 1058 1520 quae
1088 1480 1131 1506 eo
1150 1473 1324 1517 tempore
1344 1464 1375 1487 ‘¹¹
1388 1479 1436 1504 ex
1455 1465 1581 1516 stirpe
1602 1463 1766 1518 generis

357 1522 512 1572 Persei,
534 1523 639 1576 regis
661 1522 943 1573 Macedonum,
965 1523 1111 1563 inertia
1140 1524 1399 1576 socordiaque
1417 1521 1580 1562 similem
1612 1520 1770 1561 Prusia’

353 1593 482 1632 regem
513 1579 695 1629 habebat,
718 1579 883 1633 jacente
918 1595 962 1621 eo
991 1580 1025 1603 ‘¹2
1041 1582 1082 1621 in
1110 1595 1248 1635 ganea
1283 1586 1319 1620 et
1355 1580 1503 1627 lustris,
1536 1578 1768 1618 Amazonius

352 1636 549 1689 regnabat
560 1659 576 1683 ;
601 1651 804 1691 perquem
824 1644 862 1678 et
875 1638 997 1678 amici
1008 1652 1138 1678 omnes
1152 1639 1276 1689 regis,
1292 1643 1331 1677 et
1351 1637 1535 1676 Laodice
1552 1636 1710 1688 regina,
1727 1639 1766 1675 et

354 1693 596 1746 Antigonus,
619 1694 820 1734 Demetrii
835 1694 965 1745 filius,
989 1695 1121 1735 occisi.
1179 1695 1421 1740 Masinissa,
1453 1693 1655 1734 Numidice
1678 1705 1762 1740 rex,

355 1749 486 1803 major
501 1752 726 1804 nonaginta
742 1753 863 1792 annis
875 1753 1051 1800 decessit,
1070 1753 1126 1792 vir
1137 1752 1314 1806 insignis.
1377 1751 1487 1791 Inter
1498 1756 1628 1790 cetera
1643 1762 1765 1802 opera

343 1806 565 1860 juvenilia,
588 1822 676 1861 quae
696 1810 753 1849 ad
770 1810 949 1850 ultimum
979 1809 1120 1859 edidit,
1142 1810 1254 1857 adeo,
1277 1809 1396 1848 etiam
1417 1821 1550 1848 versus
1569 1808 1613 1847 in
1632 1820 1764 1847 senec-

356 1870 451 1915 tam,
491 1865 638 1918 viguit,
678 1872 723 1906 ut
757 1872 847 1918 post
884 1873 1033 1907 sextum
1074 1872 1111 1906 et
1140 1866 1413 1920 octogesimum
1452 1878 1601 1904 annum
1626 1863 1764 1916 filium

352 1923 552 1973 genuerit.
612 1922 726 1962 Inter
752 1929 833 1963 tres
864 1924 1005 1964 liberos
1034 1922 1130 1976 ejus,
1156 1924 1369 1964 marimum
1400 1929 1496 1961 natu
1525 1921 1764 1973 Micipsam,

358 1978 582 2026 Gulussam,
611 1979 954 2031 Mastanabalenz,
986 1982 1056 2034 qui
1085 1981 1209 2021 etiam
1244 1979 1401 2020 Graecis
1428 1979 1557 2020 literis
1583 1978 1764 2018 eruditus

355 2041 457 2083 erat,
486 2036 534 2075 P.
566 2036 701 2089 Scipio
732 2037 982 2078 AEmilianus
1004 2041 1137 2091 (quum
1166 2050 1366 2078 commune
1385 2039 1443 2077 eis
1465 2042 1584 2089 pater
1602 2048 1764 2089 regnum

354 2092 590 2145 reliquisset,
628 2100 666 2133 et
695 2094 874 2136 dividere
911 2109 975 2135 eos
1008 2095 1164 2136 arbitro
1192 2095 1381 2147 Scipione
1399 2092 1601 2147 jussisset)
1624 2096 1766 2144 partes

353 2149 666 2190 administrandi
685 2151 796 2205 regni
812 2153 960 2193 divisit.
1022 2152 1119 2193 Item
1141 2151 1173 2175 4⁵
1188 2153 1395 2192 Phamaeae
1415 2150 1646 2198 Himilconi,
1663 2162 1764 2201 prat-

397 2304 438 2334 40
486 2305 678 2345 Omniumque
715 2307 942 2338 hzmzillimm-um
995 2311 1037 2338 vi-

354 2347 476 2386 tiorum]
523 2348 564 2377 Et
600 2349 645 2379 vir
682 2351 823 2381 omnibus
857 2351 1039 2382 humillimis

357 2388 440 2419 vitiis
455 2389 613 2421 deformis.

398 2431 433 2460 4]
477 2432 523 2461 Em
557 2434 645 2472 stirpe
677 2437 791 2475 generis
828 2436 926 2465 Persei
962 2438 1037 2476 regis

356 2472 563 2514 Macedonum]
590 2475 651 2505 Hic
666 2476 767 2516 agitur
788 2477 827 2508 de
843 2478 924 2508 Bala
939 2478 1036 2508 Alex-

354 2514 462 2563 andro,
490 2526 584 2557 quem
612 2528 703 2549 nemo
731 2530 768 2550 ex
801 2520 894 2562 stirpe
931 2521 1036 2551 Persei

355 2558 449 2590 fuisse
464 2560 655 2591 memoravit.
700 2562 826 2594 Delrius
838 2563 921 2604 apud
937 2564 1037 2594 Hear-

355 2600 442 2631 nium
465 2601 541 2642 legit
563 2612 580 2632 e
603 2603 676 2634 MS.
699 2606 786 2643 stirpe
805 2608 919 2646 generis
939 2617 1039 2645 parem

357 2643 551 2674 Macedonum
595 2647 670 2686 regi,
711 2648 820 2677 inertia
861 2650 1040 2688 socordiaque

355 2688 475 2716 similem
506 2687 628 2717 Prusiae.
674 2689 752 2725 Quae
783 2690 874 2721 lectio
903 2691 1039 2732 amplec-

355 2729 452 2759 tenda
458 2729 589 2761 videtur.
634 2730 755 2772 Regem
766 2733 976 2764 Macedonum
988 2733 1038 2762 hic

357 2770 495 2812 intellige
520 2772 827 2816 Pseudophilippum,
843 2775 896 2817 qui
920 2780 984 2805 tum
1006 2774 1038 2805 in

355 2813 547 2860 Macedonia
568 2817 728 2858 regnabat,
744 2823 775 2848 et
798 2817 905 2849 incerti
928 2818 1038 2848 obscu-

357 2867 443 2896 r1que
459 2857 579 2897 generis
594 2861 659 2889 erat
678 2860 785 2890 itidem
801 2867 833 2891 ur
850 2860 1038 2891 Alexander.

1125 2310 1165 2339 42
1196 2309 1208 2338 1
1214 2320 1232 2338 n
1244 2307 1350 2349 ganeo]
1388 2307 1477 2337 Unus
1492 2317 1508 2337 e
1532 2305 1627 2336 MSS.
1644 2304 1764 2335 Grono-

1083 2351 1124 2381 vii
1148 2351 1243 2381 habet
1265 2353 1296 2380 in
1314 2361 1444 2391 granea:
1475 2349 1557 2379 unde
1580 2347 1633 2378 ille
1656 2347 1762 2387 legen—

1083 2393 1157 2423 dum
1187 2393 1342 2424 existimat
1371 2394 1404 2422 iu
1437 2403 1543 2433 ganea,
1560 2389 1642 2431 quod
1670 2390 1764 2431 plane

1080 2441 1182 2467 exstat
1197 2435 1278 2478 apud
1293 2434 1463 2466 Andream.
1510 2433 1572 2465 Sed
1594 2442 1702 2474 parum
1716 2431 1765 2462 in·

1083 2484 1186 2509 terest.

1122 2522 1162 2551 43
1209 2521 1352 2551 Phamaeoe
1396 2518 1583 2558 Himilconis]
1623 2516 1766 2558 Sigonius

1080 2563 1142 2603 legi
1153 2563 1245 2605 jussit
1267 2573 1304 2593 ex
1327 2561 1471 2603 Appiano
1493 2562 1644 2597 Phamoeoe,
1669 2569 1764 2600 quum

1081 2605 1150 2635 libri
1176 2606 1325 2636 haberent
1348 2605 1481 2634 Phaniae.
1527 2603 1589 2634 Sed
1604 2608 1636 2633 et
1658 2613 1695 2632 ex
1711 2612 1763 2632 eo—

1082 2648 1152 2678 dem
1181 2647 1326 2690 Appiano
1355 2646 1571 2689 reponendum
1594 2649 1674 2676 esset
1705 2644 1765 2674 Hi-

1083 2691 1210 2721 milconi.
1254 2691 1347 2720 Hunc
1371 2689 1453 2720 enim
1475 2689 1654 2731 praefectum
1677 2686 1764 2727 equi·

1082 2738 1164 2763 tatus
1218 2731 1521 2774 Carthaginiensium
1570 2735 1661 2762 vocat
1709 2728 1764 2759 ille

1082 2775 1209 2817 scriptor
1247 2776 1452 2813 Himilconem,
1481 2775 1645 2817 cognomine
1684 2771 1763 2802 Pho-

1084 2830 1189 2848 moeam.
1667 2830 1669 2833 ⁴
