1826 3149
342 105 418 140 224
895 97 927 134 E
941 97 997 135 ΡΙ
1013 97 1045 134 Τ
1059 95 1095 135 Ο
1109 97 1149 134 M
1162 95 1209 132 AE

332 208 545 265 processit,
567 214 605 249 et
625 212 875 260 excepturum
896 221 937 247 se
958 207 1121 247 militia?
1143 219 1281 260 genus,
1299 204 1565 258 quodcumque
1585 204 1759 256 impera-

339 275 422 309 tum
436 272 552 316 esset,
572 265 779 319 professus
807 270 876 304 est.
908 276 985 317 quo
1014 265 1192 317 exemplo
1212 276 1343 303 omnes
1362 262 1419 301 ad
1447 261 1620 303 studium
1649 261 1759 301 mili-

340 325 462 366 tandi
479 322 710 364 concitavit.
769 319 865 362 ¹³L.
888 320 1078 361 Lucullus
1096 321 1243 369 consul,
1266 320 1337 374 qui
1356 319 1423 359 M.
1443 318 1616 360 Claudio
1637 317 1762 357 Illar-

339 383 437 423 cello
455 385 705 427 successerat,
729 392 844 432 quum
863 379 1056 418 lacessere
1076 392 1207 419 omnes
1230 376 1461 420 Celtiberiae
1482 376 1630 428 populi
1649 375 1760 415 vide-

339 434 494 486 rentur,
517 437 558 480 V
552 449 714 485 accceos,
732 441 771 476 et
795 435 1031 482 Cantabros,
1049 441 1088 475 et
1108 436 1216 476 alias
1231 435 1360 475 adhuc
1381 434 1610 487 incognitas
1623 432 1759 472 natio-

339 511 409 536 nes
439 497 482 536 in
512 493 725 546 Hispania
751 492 918 546 subegit.
981 492 1045 532 Ibi
1066 493 1119 533 P.
1140 493 1352 535 Cornelius
1372 491 1600 545 Africanus
1623 489 1761 542 Scipio

340 553 608 600 AEmilimus,
642 549 694 590 L.
715 551 862 590 Paulli
872 550 1012 602 filius,
1042 549 1242 604 Africani
1271 562 1403 602 nepos,
1435 549 1505 589 sed
1532 547 1760 600 adoptivus,

335 615 637 664 provocatorem
673 607 887 647 barbarum
927 607 1112 648 tribunus
1155 607 1326 647 militum
1366 606 1538 646 occidit.-
1590 610 1630 644 et
1667 603 1761 644 1‘¹in

339 667 639 720 obpugnatione
671 665 905 706 Intercatiae
933 664 1056 714 urbis,
1083 663 1209 718 majus
1238 665 1360 704 etiam
1382 663 1610 716 periculum
1641 662 1763 701 adiit.

339 738 432 764 nam
454 737 605 764 murum
618 723 778 775 primus
797 723 1059 763 transcendit.
1119 723 1205 763 Ser.
1226 721 1430 774 Sulpicius
1453 719 1587 759 Galba
1601 724 1762 772 proetor

340 782 444 822 male
475 781 664 821 adversus
692 780 913 820 Lusitanos
935 780 1156 833 pugnavit.
1219 780 1344 827 Quum
1379 778 1508 830 legati
1536 791 1585 816 ex
1613 775 1763 831 Africa

340 853 424 879 cum
445 837 674 878 oratoribus
693 837 1117 890 Karthaginiensium,
1140 842 1178 876 et
1202 835 1377 876 Gulussa
1399 833 1759 886 Masinissoefilio,

340 897 549 944 redissent,
572 896 838 947 dicerentque,
862 899 900 934 et
929 894 1143 933 exercitum
1173 907 1213 933 se
1243 899 1281 932 et
1309 893 1470 932 classem
1498 891 1762 944 Karthagine

341 953 659 1005 deprehendisse,
682 950 714 974 ¹⁵
722 951 945 1005 perrogari
962 951 1182 991 sententias
1195 950 1368 1003 placuit.
1431 949 1587 990 Catone
1607 953 1645 987 et
1664 948 1762 988 aliis

333 1009 594 1063 principibus
607 1009 768 1050 senatui
787 1008 1057 1056 suadentibus,
1077 1014 1119 1048 ut
1140 1009 1183 1047 in
1199 1007 1387 1061 Africam
1405 1006 1610 1059 confestim
1626 1010 1761 1045 trans—

334 1073 577 1120 portaretur
606 1066 812 1114 exercitus,
845 1066 951 1118 quod
976 1067 1027 1106 P.
1048 1065 1260 1107 Cornelius
1286 1064 1437 1104 Nasica
1467 1062 1638 1111 dicebat,
1660 1075 1762 1101 non-

344 1126 434 1164 dum
453 1124 533 1164 sibi
547 1122 705 1176 justam
736 1137 913 1163 caussam
935 1122 1031 1162 belli
1050 1123 1194 1171 videri,
1217 1120 1250 1144 ¹⁶
1255 1122 1431 1174 placuit,
1453 1126 1496 1160 ut
1514 1119 1616 1160 bello
1635 1118 1761 1159 absti-

342 1187 496 1230 nerent,
532 1181 569 1221 si
602 1180 970 1233 Karthaginienses
999 1180 1160 1220 classem
1194 1179 1445 1228 exussissent,
1476 1182 1515 1218 et
1548 1178 1762 1217 exercitum

343 1240 607 1280 dimisissent.-
639 1237 701 1278 sin
723 1239 864 1285 minus,
883 1237 1065 1290 proximi
1082 1237 1257 1277 consules
1272 1237 1320 1275 de
1339 1236 1496 1276 Punico
1516 1233 1617 1274 bello
1636 1234 1764 1288 refer-

343 1302 447 1336 rent.
510 1296 636 1343 Quum
666 1296 835 1334 locatum
862 1308 887 1332 a
912 1293 1146 1334 censoribus
1163 1294 1356 1334 theatrum
1384 1298 1674 1338 exstrzaeretum
1707 1293 1760 1332 P.

344 1354 536 1394 'Cornelio
553 1352 708 1392 Nasica
725 1357 897 1399 auctore,
915 1357 1117 1404 tamquam
1139 1351 1284 1390 inutile
1299 1356 1337 1390 et
1357 1350 1578 1390 nociturum
1588 1349 1764 1402 publicis

344 1410 529 1459 moribus,
566 1424 615 1449 εχ
652 1409 991 1449 senatusconsulto
1025 1409 1260 1448 destructum
1295 1413 1364 1454 est,
1393 1407 1646 1460 populusque
1683 1407 1764 1446 ali-

345 1468 537 1520 quamdiu
556 1472 668 1506 stans
687 1467 800 1506 ludos
821 1466 1031 1518 spectavit.

1089 1465 1455 1518 Karthaginienses
1478 1477 1598 1517 ,quum
1619 1463 1764 1503 adver·-

344 1538 408 1565 sus
421 1524 565 1580 ,foedus
594 1523 735 1564 bellum
765 1523 1005 1565 Masinissa?
1034 1522 1276 1571 intulissent,
1308 1522 1406 1562 victi
1434 1521 1485 1561 ab
1514 1535 1570 1570 e0,
1597 1518 1764 1561 ¹⁷·annos

350 1667 352 1669 '
390 1665 428 1694 13
453 1663 490 1693 L.
526 1663 673 1693 Lucullus
714 1664 825 1698 consul,
869 1663 1033 1703 (Claudius

347 1706 519 1742 Marcellus,
542 1708 591 1736 cui
613 1706 800 1747 successerat]
845 1707 952 1747 Longe
975 1705 1030 1736 ali-

346 1754 392 1791 ter
406 1749 486 1779 hanc
506 1748 667 1790 periodum
689 1748 830 1780 formavit
846 1748 1031 1784 Gronovius,

346 1792 458 1833 partim
472 1802 509 1822 ex
524 1791 644 1822 duobus
658 1792 754 1821 MSS.
775 1791 887 1833 partim
902 1802 940 1822 ex
959 1801 1032 1822 con-

341 1835 475 1876 jectura.
519 1834 570 1865 Sic
598 1834 651 1865 ille
672 1834 788 1865 edidit:
824 1835 862 1865 L.
887 1835 1033 1865 Lucullus

346 1878 456 1912 consul,
477 1889 543 1908 cuni
572 1878 698 1908 Claudio
722 1877 874 1912 Marcello,
896 1879 946 1908 cui
966 1889 1032 1908 suc-

346 1927 476 1955 cesserat,
505 1932 593 1960 quunz
629 1921 761 1950 lacessere
788 1931 880 1950 omnes
910 1921 1031 1951 Celtibe-

345 1964 397 1993 ria:
418 1964 521 2002 populi
542 1965 722 1998 viderentur,
742 1963 871 1994 Vaccoeos
894 1968 953 1993 etc.
978 1964 1032 1995 sed

346 2005 414 2036 haec
437 2016 546 2047 parum
570 2016 645 2038 sane
666 2005 809 2048 placent:
835 2011 866 2036 et
888 2006 945 2037 hoc
964 2017 1031 2037 ora-

346 2048 438 2079 tionis
471 2049 656 2085 membrum,
686 2060 776 2089 quum
794 2049 943 2080 lacessere
972 2061 1031 2079 om-

346 2102 395 2122 nes
418 2092 579 2122 Celtiberia:
602 2093 704 2132 populi
730 2093 910 2127 viderentur,
934 2093 1031 2133 impe-

348 2132 416 2169 diti,
442 2138 473 2164 et
495 2135 628 2170 obscuri,
652 2139 683 2165 et
710 2134 812 2165 mutili
835 2145 942 2166 sensus
966 2144 1033 2165 csse

348 2176 480 2207 videtur.
538 2177 607 2208 Nos
657 2182 913 2219 repraesentamus
952 2183 1032 2208 vett.

348 2218 500 2250 editorum
535 2224 566 2250 et
600 2220 815 2262 plerorumque
844 2221 940 2251 MSS.
970 2221 1033 2251 lec-

348 2261 474 2298 tionem,
492 2262 549 2292 nisi
574 2263 658 2304 quod
685 2262 835 2294 admoniti
857 2273 876 2293 a
898 2263 1033 2304 Sigonio,

350 2305 385 2335 ert)
410 2308 458 2335 cui
481 2305 568 2338 xmale
597 2306 783 2336 collocatum
812 2306 843 2336 in
872 2316 972 2341 suum,
1000 2311 1036 2336 ut

350 2353 506 2387 putamus,
535 2348 673 2379 ordinem
701 2348 923 2379 revocavimus.
967 2349 1034 2379 Ha·
1073 2374 1075 2376 .

350 2390 423 2420 bent
451 2390 533 2420 enim
562 2391 680 2430 antiqui
708 2390 794 2426 editi,
824 2391 862 2421 L.
890 2391 1036 2422 Lucullus

350 2433 459 2467 consul,
488 2434 537 2462 cui
565 2434 709 2463 Claudius
735 2434 899 2463 Marcellus
926 2445 1034 2464 sncces-

348 2481 436 2509 serat,
460 2474 542 2515 quod
564 2481 611 2505 est
637 2480 743 2506 contra
771 2476 904 2507 historiae
928 2476 1034 2513 fidem,

349 2527 446 2557 quum
476 2517 630 2549 Marcello
661 2518 811 2549 Lucullus
846 2519 1034 2550 successerit.

351 2560 465 2590 Sensus
490 2560 592 2590 clarus
623 2566 670 2590 est
699 2560 852 2601 quomodo
883 2561 1031 2602 legimus:

352 2604 457 2639 Quum
475 2601 627 2633 Claudius
642 2603 813 2634 Marcellus
836 2604 960 2634 Luculli
979 2604 1033 2635 de-

351 2655 453 2676 cessor
485 2655 591 2675 omnes
620 2645 795 2676 Celtiberiae
822 2647 951 2688 populos
978 2657 1033 2688 pa-

349 2698 437 2719 casse
472 2687 637 2724 videretur,
669 2689 818 2719 Lucullus
850 2688 882 2719 in
914 2689 1034 2729 ignotas

350 2730 453 2763 adhuc
464 2731 604 2772 regiones
618 2731 800 2772 penetravit,
815 2736 857 2767 et,
871 2731 1033 2763 deficiente

349 2772 382 2804 in
412 2773 577 2805 Celtiberis
602 2773 677 2804 belli
705 2773 845 2810 materia,
872 2775 1031 2811 Vaccaeos,

351 2816 529 2848 Cantabros
536 2816 666 2858 subegit.

395 2859 433 2888 14
458 2859 494 2889 In
512 2862 725 2901 oppugnatione
740 2859 922 2901 Intercatia]
946 2859 1032 2891 vett.

1075 1661 1150 1692 editi
1189 1667 1220 1693 et
1257 1661 1396 1703 plerique
1435 1661 1539 1703 scripti
1576 1660 1693 1692 habent
1728 1661 1762 1691 in

1075 1707 1296 1747 eapngnatwne.
1341 1704 1422 1742 Quis
1456 1703 1630 1739 mutaverit,
1663 1703 1761 1734 incer-

1075 1753 1151 1778 tum.
1197 1748 1344 1779 Ceterum
1376 1748 1473 1788 quum
1500 1746 1670 1777 Intercatia
1699 1756 1760 1777 non

1076 1796 1254 1832 expugnata
1282 1789 1383 1825 fuerit,
1409 1789 1463 1821 sed
1492 1800 1547 1831 per
1570 1788 1761 1820 deditionem

1075 1833 1213 1864 venerit‘
1232 1834 1264 1864 in
1306 1833 1519 1863 Romanorum
1561 1836 1759 1873 potestatem,

1075 1876 1158 1918 (vid.
1187 1887 1216 1907 c.
1237 1877 1289 1907 23.
1318 1875 1410 1916 hujus
1436 1875 1524 1916 libri)
1554 1874 1588 1906 *τὸ
1610 1886 1761 1916 oppugna-

1075 1920 1161 1953 tione,
1185 1918 1267 1960 quod
1292 1919 1324 1949 in
1346 1917 1552 1949 Gronovianis
1574 1917 1763 1948 editionibus

1075 1961 1254 2003 reperimus,
1283 1961 1351 1993 loco
1384 1960 1571 1992 movendum
1603 1970 1670 1992 esse
1698 1971 1761 1991 non

1078 2004 1175 2036 visum
1211 2009 1268 2036 est.
1313 2005 1484 2035 Intercatioe
1519 2008 1566 2035 est
1600 2004 1641 2034 ab
1677 2002 1760 2034 felici

1076 2047 1192 2089 Sigonii
1215 2047 1403 2088 conjectura,
1419 2056 1515 2088 quum
1533 2044 1619 2088 prius
1641 2045 1760 2086 legere-

1076 2095 1126 2120 tur
1140 2098 1248 2130 captae,·
1272 2091 1304 2121 in
1319 2090 1505 2131 quibusdam
1522 2094 1625 2121 autem
1640 2088 1761 2132 scriptis

1075 2134 1252 2173 interceplce.

1122 2177 1161 2207 15
1185 2177 1344 2217 Perrogari
1375 2175 1529 2206 sententias
1555 2174 1685 2215 placuit]
1720 2174 1761 2204 Et

1078 2219 1160 2249 hunc
1189 2229 1313 2260 quoque
1339 2219 1443 2249 locum
1472 2215 1613 2258 Sigonius
1640 2216 1701 2248 levi
1727 2227 1760 2247 e·-

1079 2262 1275 2293 meudatione
1307 2260 1435 2303 adjuvit.
1479 2259 1591 2301 Scripti
1623 2265 1654 2290 et
1683 2264 1759 2290 vett.

1078 2304 1169 2335 editi:
1183 2306 1337 2345 prorogari
1350 2304 1519 2334 sententiam
1530 2303 1654 2341 placuit.

1124 2348 1163 2377 16
1185 2348 1320 2381 Placuit,
1361 2353 1396 2376 ut
1438 2346 1509 2376 bello
1551 2345 1759 2386 abstineretur]

1079 2390 1219 2431 Vulgari,
1243 2396 1277 2420 nt
1298 2390 1369 2419 bello
1390 2391 1582 2422 aestumetur,
1597 2387 1680 2428 quod
1702 2388 1760 2417 mi-

1077 2443 1136 2463 nus
1172 2433 1327 2474 proprium
1363 2437 1429 2469 est;
1471 2430 1607 2461 nondum
1645 2430 1761 2461 etenim

1079 2475 1195 2506 bellum
1215 2481 1352 2517 coeptum
1369 2479 1446 2504 erat.
1489 2472 1586 2514 Apud
1601 2473 1760 2504 Andream

1077 2523 1109 2548 et
1134 2518 1166 2548 in
1191 2529 1253 2548 uno
1278 2528 1295 2548 e
1321 2517 1414 2547 MSS.
1439 2514 1569 2546 Hearnii
1596 2520 1697 2546 exstat
1725 2513 1762 2546 τ)

1076 2561 1289 2591 abstineretur.-
1337 2559 1455 2600 aliquot
1497 2558 1602 2600 scripti
1645 2558 1763 2589 habent

1076 2605 1262 2634 abstinerent.

1122 2647 1159 2676 17
1190 2646 1287 2675 Annos
1321 2646 1440 2675 habente
1474 2645 1637 2686 nonaginta
1671 2643 1759 2685 duos]

1078 2687 1260 2729 Legendum
1293 2688 1395 2729 potius
1426 2687 1547 2718 videtur
1575 2687 1760 2717 duodenena-

1073 2732 1170 2771 gzffia,
1187 2731 1340 2770 quomodo
1362 2729 1591 2761 Freinshemius
1612 2728 1708 2760 habet
1729 2739 1759 2760 c.

1075 2775 1128 2804 32.
1151 2773 1243 2813 hujus
1265 2772 1343 2803 libri.
1387 2772 1513 2804 Etenim
1535 2772 1648 2814 Polyb.
1676 2771 1760 2813 apud

1078 2815 1238 2847 Valesium
1261 2816 1353 2847 tradit
1369 2815 1579 2850 Masinissam,
1596 2814 1760 2856 quum'de-

1077 2859 1178 2895 cessit,
1195 2869 1291 2891 annos
1314 2863 1434 2890 tantum
1458 2858 1626 2899 nonaginta
1648 2861 1756 2887 natum
