1826 3149
160 204 202 233 U.
213 202 252 233 C.
264 203 336 232 581.

160 246 201 275 A.
213 245 249 275 C.
266 246 337 276 171.

158 289 228 317 Cos.
245 287 275 316 in
292 287 337 318 hi-

158 330 254 360 berna
269 341 300 360 se

157 373 286 404 confert.

378 87 429 126 94·
577 84 715 121 ΤΙΤΙ
761 84 938 122 LIVII
984 84 1269 123 LIB.XLII.
1315 86 1449 124 CAP.
1479 86 1645 125 LXVII.

371 191 590 233 3²ducenta
620 193 788 242 talenta.
817 202 1010 235 semestre
1041 194 1309 250 stipendium,
1340 195 1544 250 equitatui
1576 204 1781 246 numerat,
1824 238 1826 245 ,

370 247 539 302 ³³quum
579 249 713 305 primo
753 265 938 290 annuum
974 251 1072 291 dare
1107 252 1399 293 constituisset.
1461 253 1633 303 Consul,
1669 261 1781 309 post-
1824 282 1826 287 η

371 320 495 360 quam
526 306 759 362 profectum
802 307 953 346 Persea
991 308 1168 357 audivit,
1199 308 1251 348 ad
1294 308 1493 349 Gonnum
1528 317 1663 350 eastra
1696 325 1781 350 mo-
1824 318 1826 343 ἰ

371 370 454 411 vet,
487 363 519 402 si
549 362 674 418 potiri
703 362 860 418 oppido
890 372 1039 418 posset.
1115 366 1229 405 Ante
1259 365 1348 421 ipsa
1391 367 1552 420 Tempe
1582 365 1624 405 in
1654 366 1783 407 fauci-
1825 394 1826 402 η

369 419 449 463 bus
489 419 630 469 situm,
675 419 934 460 Macedoniae
973 420 1156 461 claustra
1196 422 1405 463 tutissima
1445 422 1619 478 praebet,
1660 431 1701 464 et
1740 423 1783 465 in

371 475 629 515 Thessaliam
669 484 954 531 opportunum
992 477 1295 519 Macedonibus
1331 479 1563 520 decursum.
1640 480 1781 529 Quum

369 541 409 573 et
441 532 529 572 loco
558 540 598 573 et
629 532 824 587 praesidio
853 533 991 575 valido
1015 533 1390 590 ⁵⁴inexpugnabilis
1421 551 1484 576 res
1515 543 1635 586 esset,
1657 536 1783 578 absti-

369 588 420 629 tit
442 588 618 643 incepto.
681 589 731 629 In
767 589 1049 631 Perrhaebiam
1085 590 1203 631 flexis
1234 591 1467 642 itineribus,
1492 591 1672 633 Malloea
1701 593 1783 649 pri-

369 660 436 684 mo
468 645 613 700 inpetu
645 654 767 701 capta
797 661 844 686 ac
876 646 1054 703 direpta,
1079 647 1242 703 Tripoli
1264 648 1426 702 aliaque
1449 649 1691 690 Perrhaebia
1721 665 1783 691 re-

368 709 502 755 cepta,
525 701 734 743 Larissam
766 702 901 744 rediit.
930 703 1026 744 inde
1060 705 1250 745 Eumene
1282 713 1409 759 atque
1431 705 1579 747 Attalo
1612 706 1782 748 domum

369 757 559 807 remissis,
594 757 853 814 Misagenem
897 761 1187 815 Numidasque
1228 761 1269 801 in
1300 761 1473 803 hiberna
1502 762 1543 803 in
1584 763 1784 819 proximis

370 814 611 855 Thessalism
632 816 807 856 urbibus
842 816 1067 858 distribuit.
1105 826 1145 858 et
1181 826 1341 873 partem
1377 819 1583 860 exercitus
1617 819 1676 861 ita
1740 836 1783 861 er

367 878 499 911 totam
522 871 781 912 Thessaliam
802 872 958 923 divisit,
981 882 1030 915 ut
1050 882 1091 914 et
1111 874 1285 915 hiberna
1315 875 1531 916 commoda
1550 891 1691 917 omnes
1709 835 1783 918 iiaf

366 927 527 978 berent,
564 936 605 969 et
634 928 830 984 praesidio
866 929 1041 970 urbibus
1077 938 1223 971 essent.
1300 932 1348 981 Q.
1368 932 1561 973 Mucium
1597 933 1782 989 legatum

367 999 463 1024 cum
507 984 675 1026 duobus
714 985 898 1027 millibus
930 986 984 1027 ad
1029 986 1298 1028 obtinendam
1335 988 1604 1030 Ambraciam
1658 990 1780 1032 misit.

369 1041 613 1082 Graecarum
645 1042 877 1084 civitatium
911 1043 1040 1084 socios
1071 1059 1213 1084 omnes
1233 1053 1387 1100 praeter
1409 1046 1590 1087 Achaeos
1611 1046 1779 1088 dimisit.

367 1113 462 1138 cum
493 1098 700 1140 exercitus
726 1107 845 1155 parte
877 1100 1090 1155 profectus
1110 1100 1152 1140 in
1174 1101 1377 1142 Achaiam
1413 1102 1661 1153 Phthiotim‚
1686 1104 1781 1145 Pte-

367 1153 477 1195 leum
518 1154 728 1197 desertum
767 1156 871 1211 fuga
908 1156 1214 1212 oppidanorum
1254 1157 1385 1199 diruit
1425 1174 1450 1199 a
1483 1159 1781 1211 fundamentis,

367 1212 562 1252 Antrona
581 1212 796 1253 voluntate
817 1213 1039 1254 colentium
1067 1214 1233 1270 recepit.
1295 1215 1368 1256 Ad
1403 1215 1612 1257 Larissam
1633 1217 1783 1258 deinde

366 1267 595 1309 exercitum
616 1269 812 1311 admovit.
836 1270 936 1311 urbs
956 1270 1120 1311 deserta
1139 1280 1253 1319 erat;
1287 1271 1328 1312 in
1349 1287 1484 1313 arcem
1514 1273 1647 1315 omnis
1676 1274 1782 1315 mul-

366 1323 506 1365 titudo
526 1335 802 1367 concesserat:
850 1342 939 1367 eam
961 1327 1204 1383 obpugnare
1225 1328 1482 1384 adgreditur.
1545 1330 1675 1371 Primi
1696 1346 1781 1372 om-

366 1380 481 1421 nium
514 1382 781 1432 Macedones,
812 1383 973 1438 regium
1009 1384 1266 1439 praesidium,
1298 1394 1413 1427 metu
1455 1396 1726 1429 excesserant.
1757 1403 1783 1428 a

365 1437 519 1491 quibus
567 1438 699 1480 relicti
737 1439 935 1495 oppidani
975 1440 1016 1481 in
1057 1440 1309 1482 deditionem
1350 1443 1559 1498 extemplo
1593 1444 1778 1486 veniunt.

366 1494 565 1536 Dubitari
586 1495 696 1546 inde,
719 1504 862 1537 utrum
885 1497 1119 1539 Demetrias
1139 1497 1256 1554 prius
1283 1498 1564 1562 adgredienda
1583 1500 1706 1551 foret,
1727 1517 1780 1542 an

365 1550 407 1591 in
442 1551 605 1593 Boeotia
633 1551 973 1608 ³⁵adspieiendae¹¹
1017 1569 1092 1595 res.
1171 1555 1378 1605 Thebani,
1425 1557 1673 1598 vexantibus
1713 1573 1783 1599 eos

367 1608 594 1659 Coronaeis,
617 1608 658 1649 in
692 1609 897 1650 Boeotiam
928 1611 1199 1652 arcessebant.
1229 1611 1283 1652 ad
1314 1612 1463 1653 horum
1494 1628 1650 1668 preces,
1680 1614 1781 1678 quia

364 1663 546 1760 giberius
587 1664 723 1721 aptior
767 1665 895 1721 regio,
926 1682 1052 1722 quam
1097 1667 1316 1723 Magnesia
1355 1677 1459 1718 erat,
1490 1669 1531 1710 in
1575 1671 1779 1713 Boeotiam

396 1729 502 1762 uxit.

633 1818 658 1836 ¹¹¹
676 1815 825 1847 Thessaliae
842 1816 940 1848 Gron.
957 1817 1051 1848 Crev.
1179 1821 1196 1839 ¹¹
1211 1820 1405 1859 adipiscenda»
1421 1819 1509 1851 Eaed.

404 1909 445 1938 32
471 1907 606 1939 Due-enta
627 1911 754 1951 talenta]
780 1911 907 1942 Marcas
929 1912 1048 1953 argenti
1093 1912 1236 1944 avaritia.

362 1956 513 1981 nostrates
530 1952 640 1983 18750,
1142 1956 1183 1986 34
1219 1956 1456 1997 Inezpuguabilis
1490 1959 1553 2000 res]
1592 1958 1677 2001 Lege
1706 1970 1777 1991 cum

405 1994 446 2024 33
472 1994 571 2027 Quum
596 1997 689 2034 primo
713 2008 847 2026 annuum
874 1999 945 2027 dare
981 2008 1049 2026 con-
1094 1998 1251 2030 Gronovio
1264 2001 1344 2030 urbs.

360 2037 510 2076 stitnisset]
543 2038 695 2068 Semestre
719 2044 839 2069 tantum
861 2039 1050 2081 stipendium
1147 2042 1189 2072 35
1227 2043 1423 2082 Adipiscendae
1457 2042 1518 2083 res]
1554 2043 1709 2086 Displicet
1743 2047 1778 2078 σὲ

361 2079 546 2115 numeravit,
584 2080 725 2121 quamvis
760 2081 859 2123 primo
893 2081 1049 2124 pollicitus
1092 2085 1295 2123 adipiscendoe.
1347 2085 1400 2116 An
1425 2087 1634 2125 adspiciendae?
1666 2099 1775 2129 quem—

362 2127 442 2151 esset
465 2122 596 2153 solidum
611 2123 648 2154 iis
663 2123 755 2154 totius
771 2125 843 2155 armi
861 2125 1049 2167 stipendium
1094 2126 1260 2158 admodum
1284 2138 1376 2170 supra
1408 2138 1436 2159 e.
1451 2129 1506 2159 37.
1535 2129 1608 2160 Inde
1638 2130 1774 2162 Baeotiam

361 2164 550 2205 persolutum
572 2165 620 2198 iri.
667 2167 737 2197 Hac
752 2177 784 2198 re
799 2173 921 2198 notatur
944 2168 1050 2200 Persei
1094 2176 1179 2209 atque
1196 2170 1334 2201 Eubaram
1349 2173 1495 2210 adspicere
1499 2173 1590 2211 jussi.
