1805 3174
560 103 657 152 PR
671 103 735 150 AE
750 102 789 150 1³
803 103 847 150 A
862 102 939 150 Tl
957 103 1018 149 O.
1478 123 1502 152 v

70 243 345 308 Capellano
384 243 474 291 sibi
500 242 759 290 dictumin
783 242 972 290 litteras
1008 241 1202 289 retulit:
1239 245 1505 305 quemdam

69 322 332 385 Capellani
357 322 588 377 amicum,
609 321 761 368 virum
786 337 887 367 non
911 320 1210 376 illiteratum,
1231 336 1387 382 quum
1408 321 1508 383 pila

66 399 273 458 luderet,
301 398 705 447 animadvertisse
731 396 781 444 in
807 414 866 444 ea
891 397 1108 460 palmula
1131 414 1240 460 quae
1265 396 1355 443 sibi
1378 403 1507 444 essct

66 478 133 525 ad
170 493 387 533 manum,
424 477 703 538 fragmenta
739 475 1071 537 quorumdam
1108 473 1230 521 Livii
1272 473 1504 521 librorum

63 554 148 618 qui
184 554 332 602 hodie
367 569 469 601 non
502 558 727 610 exstent3
775 568 1028 615 quumque
1050 568 1151 599 rem
1177 550 1270 598 sibi
1305 551 1507 600 ulterius

62 631 412 696 inquirendam
436 637 677 695 putasset,
705 629 1003 693 comperisse
1030 646 1113 676 eas
1140 646 1251 676 esse
1275 629 1505 693 reliquias

63 710 252 773 aliquot
288 709 517 758 similium
554 709 970 763 membranarum,
1000 725 1111 771 quae
1149 724 1176 754 a
1211 707 1505 756 monialibus

62 788 241 835 domus
259 787 703 836 Fontebraldensis
722 786 1122 849 pharmacopolae
1143 785 1339 833 cuidam
1354 785 1505 833 dona-

62 871 139 922 tae,
168 866 231 914 ab
267 866 364 914 hoc
400 866 570 928 ignaro
594 864 755 929 qualis
792 864 885 911 sibi
921 865 1183 911 thesaurus
1221 863 1506 911 obvenisset

62 943 273 993 venditae
298 945 458 991 forent
483 943 703 1007 operario
728 941 946 1005 ignobili,
967 941 1052 1005 qui
1076 941 1135 989 iis
1162 941 1346 988 abusus
1372 948 1504 988 esset

61 1021 122 1068 ad
144 1021 385 1083 tegendas
404 1020 512 1067 illas
529 1019 771 1083 palmulas
789 1018 971 1082 quibus
991 1017 1091 1081 pila
1107 1017 1310 1065 luditur.
1353 1017 1503 1063 Vanis

60 1096 348 1159 hujusmodi
384 1096 491 1143 sine
516 1102 653 1144 certo
693 1102 892 1142 auctore
926 1094 1207 1142 rumoribus
1245 1096 1394 1142 sulem
1420 1096 1504 1142 ha-

59 1174 189 1231 beat,
217 1173 296 1222 cui
321 1173 564 1237 placuerit
589 1190 697 1220 sese
719 1172 851 1220 inani
875 1189 965 1235 spe
988 1172 1192 1219 lactare.

125 1250 331 1299 Partitio
367 1251 528 1314 operis
553 1250 604 1298 in
641 1251 860 1298 decades
890 1259 1054 1298 utrum
1080 1266 1109 1297 a
1132 1249 1273 1297 Livio
1310 1249 1387 1309 sit,
1413 1251 1562 1312 (lu-De
1577 1265 1695 1311 pam--

57 1326 229 1375 bitavit
254 1329 540 1384 Petrarcha‚
562 1329 644 1392 qui
671 1345 781 1375 eam
807 1329 972 1391 potius
998 1335 1156 1375 ortam
1182 1345 1289 1375 esse
1309 1335 1452 1390 putat
1471 1314 1715 1381 aiffissc‘fflssss'f

60 1406 323 1454 fastidiosa
346 1405 613 1468 legentium
648 1405 861 1468 ignavia.
933 1405 1074 1452 Idem
1115 1405 1326 1451 adstruit
1362 1405 1614 1466 Sigo-s1g0n.

57 1483 167 1530 nius
209 1500 270 1530 ex
312 1490 547 1546 perpetuo
593 1490 812 1529 veterum
860 1481 1326 1537 Grammaticorum,
1366 1464 1698 1538 Pris-Slssffiffiff‘ssd

58 1560 202 1618 ciani,
230 1559 513 1618 Diomedis,
539 1557 816 1614 Censorini,
846 1557 1058 1621 denique
1095 1556 1309 1604 auctoris
1344 1549 1576 1620 epito-Liv*

58 1654 247 1685 marum
284 1636 499 1694 silentio,
538 1637 621 1700 qui
657 1652 831 1683 omnes
868 1636 1104 1683 librorum
1139 1651 1350 1697 semper,
1377 1651 1499 1682 nun-

56 1730 207 1778 quam
228 1714 478 1762 decadum
498 1713 797 1761 mentionem
817 1712 1017 1760 faciunt.
1062 1713 1259 1759 Frustra
1279 1712 1498 1775 quidam,

55 1798 109 1839 ut
133 1791 427 1839 contrariam
455 1791 740 1854 opinionem
769 1797 1011 1849 tueantur,
1038 1790 1280 1852 objiciunt
1305 1790 1497 1838 Livium

55 1868 99 1916 ei
132 1868 295 1933 ipsum
324 1869 478 1917 videri
513 1870 889 1933 quodammodo
926 1868 1197 1930 suffragari,
1226 1869 1346 1915 dum
1383 1885 1497 1915 suas

56 1944 294 2007 vigesimo
320 1946 476 2009 primo
503 1952 553 1993 et
570 1946 818 2009 trigesimo
842 1945 1002 2009 primo
1028 1945 1162 1992 libris
1182 1945 1497 2009 praefationes

56 2022 323 2086 praemittit.
396 2023 588 2071 Etenim
622 2029 756 2070 recte
782 2023 1016 2070 observat
1039 2021 1277 2083 Dujatius
1302 2021 1497 2070 Livium
1511 2041 1619 2083 Dujat.
1635 2041 1708 2072 ibid.

55 2114 159 2147 non
184 2098 490 2146 absimilibus
510 2100 643 2146 velut
663 2098 912 2162 prooemiis
939 2105 1078 2145 extra
1102 2098 1352 2146 decadum
1376 2116 1499 2163 quo-

54 2193 150 2240 que
173 2175 416 2240 principia
451 2175 721 2223 identidem
747 2191 891 2222 usum
926 2191 1034 2222 esse
1058 2174 1122 2221 ad
1159 2177 1496 2223 renovandam

55 2252 255 2301 lectoris
290 2253 441 2314 longo
475 2252 525 2299 in
550 2269 697 2315 opere
733 2251 1073 2308 attentionem,
1102 2253 1180 2299 vel
1216 2252 1257 2300 si
1288 2254 1494 2316 quando

54 2329 286 2377 scribenti
323 2328 481 2389 major
504 2345 664 2376 rerum
691 2329 816 2376 ordo
852 2336 1154 2386 nasceretur,
1180 2337 1236 2377 ut
1270 2339 1408 2392 patet
1432 2349 1494 2379 ex

52 2405 162 2453 libri
186 2406 314 2454 sexti
337 2406 576 2473 ingressu,
605 2412 654 2452 et
678 2422 791 2469 cap.
817 2410 897 2455 29.
924 2405 1008 2454 lib.
1029 2406 1151 2454 VlI.
1221 2407 1494 2457 Contendit

54 2499 170 2546 ergo
207 2484 436 2547 Sigonius
471 2500 755 2547 germanam
792 2484 952 2547 operis
989 2484 1181 2532 Liviani
1215 2484 1492 2548 inscriptio-

53 2573 167 2607 nem
185 2560 312 2608 hanc
329 2561 509 2610 fuisse:
546 2561 608 2610 T.
631 2562 786 2610 L1v11
808 2562 1085 2611 ΡΑΤΑνΙΝι
1106 2579 1488 2611 HISTORIARUM

56 2651 124 2683 AB
150 2652 294 2685 URBE
319 2653 565 2686 CONDITA
590 2655 743 2687 LIBRI
770 2654 938 2688 CXLII.
1009 2641 1132 2694 Quae
1157 2640 1298 2687 nobis
1323 2639 1488 2702 opinio

56 2713 146 2761 etsi
179 2714 482 2777 probabilior
516 2715 724 2774 videtur,
749 2723 914 2763 tamen
949 2733 1050 2764 non
1086 2733 1279 2779 semper
1314 2716 1488 2763 abhor-

55 2789 239 2838 ruimus
265 2791 327 2839 ab
347 2792 596 2840 decadum
614 2793 965 2857 appellatione,
982 2812 1090 2857 quae
1110 2800 1160 2840 et
1179 2810 1270 2840 usu
1288 2802 1486 2856 recepta

737 2883 763 2909 Λ
785 2875 809 2909 3
