1826 3149
338 79 412 111 :212
864 71 1008 108 TIT]
1051 71 1218 108 LlVIl

130 193 172 225 U.
185 193 222 224 C.
236 193 307 224 585.
341 183 596 232 absumtum,
627 189 700 222 aut
733 181 774 221 in
804 180 921 235 fuga,
947 194 1079 235 quum
1113 178 1406 221 Samothracen
1438 187 1612 235 peteret,
1637 179 1753 222 dissi-

130 236 309 268 A.C.167.
342 247 488 295 patum
515 238 714 279 tradunt:
748 251 879 292 eoque
905 236 949 276 id
976 235 1206 277 mirabilius
1230 244 1334 286 erat,
1355 236 1470 291 quod
1499 244 1664 278 tantum
1683 252 1754 293 pe-

342 295 476 337 cuniae
511 295 620 336 intra
650 293 822 349 triginta
851 308 977 333 annos
1008 300 1102 348 post
1133 292 1290 334 bellum
1320 292 1506 349 Philippi
1540 308 1636 334 cum
1666 293 1755 335 Ro-

342 352 488 403 manis,
509 352 661 408 partim
691 366 741 390 ex
765 349 908 390 fructu
938 349 1215 400 metallorum,
1236 349 1388 406 partim
1410 365 1462 390 ex
1482 349 1756 406 vectigalibus

343 409 447 458 aliis,
469 415 755 450 coacervatum
779 406 929 447 fuerat.
990 406 1143 461 Itaque
1163 406 1389 447 admodum
1419 406 1537 462 inops
1566 407 1754 462 pecuniae

347 465 582 522 Philippus,
618 463 790 504 Perseus
825 471 969 504 contra
998 462 1219 518 praedives,
1243 463 1397 504 bellare
1428 478 1525 504 cum
1555 463 1755 504 Romanis

345 522 483 578 coepit.
543 521 665 576 ¹Ipse
696 527 905 575 postremo
939 519 1113 560 Paullus
1147 519 1188 560 in
1225 535 1349 561 curru
1382 535 1591 576 magnam,
1622 535 1756 576 quum

346 579 549 634 dignitate
570 577 648 617 alia
676 576 870 632 corporis,
893 585 983 617 tum
1009 584 1171 618 senecta
1193 576 1297 633 ipsa,
1318 577 1576 633 majestatem
1604 592 1694 633 prae
1715 593 1757 618 se

345 636 503 675 ferens:
536 642 631 690 post
661 648 830 674 currum
859 633 966 674 inter
996 633 1096 675 alios
1126 633 1320 675 inlustres
1349 634 1459 674 viros
1482 633 1556 674 filii
1583 634 1682 684 duo,
1706 635 1755 685 Q.

348 691 564 732 Maximus
595 690 664 732 ²et
700 689 746 730 P.
772 690 931 746 Scipio:
974 690 1123 731 deinde
1155 690 1316 746 equites
1350 690 1581 742 turmatim,
1616 699 1658 732 et
1692 706 1759 732 co-

346 748 487 789 hortes
513 747 703 803 peditum
733 747 817 788 suis
837 762 1018 803 quaeque
1044 746 1271 789 ordinibus.
1332 747 1471 788 Pediti
1501 747 1543 788 in
1574 747 1759 804 singulos

345 804 456 845 ³dati
484 804 658 855 centeni,
681 804 838 859 duplex
871 804 1115 853 centurioni,
1137 804 1290 860 triplex
1320 804 1462 860 equiti.
1494 812 1657 846 tantum
1689 820 1760 860 pe-

346 862 424 903 diti
455 861 655 902 daturum
686 861 814 901 fuisse
848 860 1038 910 credunt,
1064 870 1106 902 et
1136 876 1213 916 pro
1248 868 1339 901 rata
1369 860 1473 911 aliis,
1502 860 1536 901 si
1567 869 1640 902 aut
1674 876 1757 902 non

345 918 542 974 refragati
563 918 709 958 honori
730 918 821 973 ejus
844 917 1033 966 fuissent,
1055 925 1129 958 aut
1158 917 1350 972 benigne,
1371 917 1449 957 hac
1477 917 1569 973 ipsa
1598 933 1760 959 summa

344 975 554 1025 nunciata,
576 975 885 1015 adclamassent.
949 974 1030 1015 Sed
1058 989 1142 1014 non
1165 973 1340 1015 Perseus
1369 981 1534 1015 tantum
1563 990 1638 1031 per
1667 975 1758 1016 illos

345 1031 433 1073 dies
453 1031 750 1072 documentum
781 1031 1060 1072 humanorum
1087 1045 1259 1072 casuum
1287 1030 1385 1080 fuit,
1406 1030 1449 1071 in
1478 1031 1633 1073 catenis
1662 1039 1759 1073 ante

346 1103 515 1129 currum
536 1088 703 1129 victoris
724 1087 841 1128 ducis
861 1103 936 1144 per
956 1089 1102 1128 urbem
1122 1087 1306 1128 hostium
1327 1087 1480 1128 ductus
1497 1104 1508 1136 ;
1542 1088 1614 1129 sed
1633 1088 1759 1130 etiam

346 1145 480 1186 victor
511 1144 699 1194 Paullus,
730 1159 832 1184 auro
864 1159 1136 1200 purpuraque
1168 1144 1346 1199 fulgens.
1406 1145 1516 1185 Nam
1546 1144 1712 1187 duobus
1736 1162 1759 1188 e

348 1201 456 1252 filiis,
498 1216 616 1256 quos,
657 1200 823 1242 duobus
864 1200 971 1241 datis
1017 1201 1059 1240 in
1099 1200 1378 1256 adoptionem,
1422 1201 1528 1242 solos
1565 1201 1757 1255 nominis,

349 1273 573 1307 sacrorum,
598 1257 852 1312 familiaeque
882 1256 1067 1297 h'aeredes
1097 1257 1325 1298 retinuerat
1355 1257 1482 1307 domi,
1511 1258 1659 1310 minor,
1680 1259 1762 1300 fer-

349 1329 414 1355 me
435 1314 654 1355 duodecim
675 1329 802 1354 annos
823 1322 960 1363 natus,
984 1313 1170 1369 quinque
1191 1313 1338 1355 diebus
1361 1322 1457 1355 ante
1482 1314 1759 1371 triumphum,

348 1372 493 1427 major,
516 1370 833 1426 quatuordecim
863 1385 1080 1420 annorum,
1102 1369 1244 1411 triduo
1273 1379 1367 1426 post
1399 1370 1660 1426 triumphum
1690 1372 1761 1414 de-

347 1428 492 1468 cessit:
525 1442 630 1482 quos
664 1434 935 1482 praetextatos
966 1441 1092 1468 curru
1123 1426 1217 1467 vehi
1249 1442 1344 1468 cum
1376 1435 1509 1483 patre,
1539 1428 1616 1469 sibi
1651 1428 1762 1485 ipsos

349 1484 499 1537 similes
529 1483 870 1540 praedcstinantes
901 1483 1149 1539 triumphos,
1170 1492 1425 1539 oportuerat.
1486 1484 1637 1527 Paucis
1665 1493 1761 1542 post

349 1541 510 1590 diebus,
536 1541 636 1582 data
669 1556 694 1580 a
724 1542 787 1580 M.
810 1539 997 1581 Antonio
1028 1540 1198 1581 tribuno
1230 1540 1363 1596 plebis
1394 1540 1601 1592 concione,
1627 1557 1760 1598 quum

349 1597 401 1638 de
423 1597 506 1639 suis
526 1597 651 1638 rebus
671 1597 798 1652 gestis
827 1611 939 1636 more
969 1605 1200 1638 ceterorum
1229 1597 1527 1653 imperatorum
1548 1598 1763 1640 disseruis-

350 1662 425 1703 set,
447 1653 723 1695 memorabilis
743 1654 833 1708 ejus
853 1652 986 1693 oratio
1006 1660 1047 1694 et
1067 1653 1195 1708 digna
1216 1653 1406 1694 Romano
1425 1654 1611 1711 principe
1630 1655 1725 1697 fuit.

134 532 263 564 Paullus
278 532 308 563 in

131 586 230 607 curru.

136 1158 265 1189 Paullus

135 1201 212 1248 duos
227 1201 303 1248 tilios

136 1249 259 1276 amittlt.

139 1719 319 1752 Oratioffi-
408 1711 536 1750 XLI.
572 1708 822 1763 Quamquam
857 1716 893 1749 et
924 1723 1041 1762 qaam
1060 1709 1235 1761 feliciter
1266 1711 1542 1763 rempublicam
1571 1712 1762 1752 adminis-

136 1763 263 1848 {ffifflgd
276 1774 329 1806 ΡΟ·
353 1767 549 1815 moverim,
586 1766 654 1806 4et
681 1767 785 1821 quod
819 1767 899 1806 duo
921 1766 1101 1817 ficlmina
1128 1768 1283 1807 domum
1315 1781 1443 1808 meam
1473 1782 1545 1820 per
1575 1768 1644 1809 hos
1677 1769 1762 1810 dies

346 1823 596 1877 perculerint,
618 1837 698 1864 non
723 1824 910 1878 ignorare
938 1837 1019 1873 vos,
1047 1823 1235 1873 Quirites,
1257 1824 1438 1874 arbitror,
1465 1839 1580 1879 quum
1609 1832 1763 1878 specta-

396 1977 409 2006 1
437 1976 500 2015 Ipse,
534 1982 671 2015 postremo
703 1975 846 2017 Paullus]
892 1976 1032 2007 Fortasse

351 2018 419 2060 quis
446 2018 607 2049 crediderit
638 2029 694 2049 nos
725 2018 819 2049 nimia
847 2018 1032 2050 emendandi

351 2060 504 2103 prurigine
528 2061 677 2092 laborare.
722 2061 782 2091 Sed
806 2063 912 2091 'tamen
935 2061 1033 2092 credi-

350 2115 418 2134 mus
439 2104 487 2134 hic
509 2103 645 2134 ordinem
667 2103 848 2134 narrationis
864 2114 883 2134 a
904 2103 1034 2135 librariis

350 2152 525 2187 corruptum
560 2157 637 2177 esse.
690 2146 832 2177 Secundo
866 2146 948 2177 enim
983 2147 1033 2178 die

351 2190 530 2220 translatum
553 2189 651 2220 fuerat
674 2199 782 2219 aurum
808 2196 839 2220 et
862 2195 1033 2230 argentum,

350 2232 452 2262 Tertio
476 2232 606 2262 Perseus
629 2237 660 2262 et
680 2231 794 2274 captivi
817 2237 888 2263 ante
911 2242 1032 2262 currum

350 2274 471 2306 victoris
500 2274 584 2304 ducti
617 2280 698 2304 sunt.
744 2275 842 2315 Igitur
871 2274 1033 2305 verisimile

350 2327 411 2347 non
433 2323 490 2351 est,
515 2317 636 2347 Livium
658 2322 727 2358 post
748 2317 937 2347 mentionem
958 2318 1033 2348 Per-

351 2359 394 2389 sei
423 2359 548 2394 saetam,
576 2364 742 2400 antequam
772 2359 810 2390 de
840 2359 952 2390 Paullo
981 2360 1034 2401 qui

351 2401 486 2442 proxime
511 2402 696 2442 sequebatur
722 2401 848 2437 diceret,
877 2402 1034 2443 reliquisse

351 2444 588 2484 descriptionem
624 2444 793 2475 incedentis
831 2455 963 2486 pompae,
1001 2451 1035 2475 ut

351 2487 390 2517 de
427 2496 547 2517 summa
583 2486 647 2516 auri
685 2487 865 2527 argentique
907 2488 1032 2528 captivi,

351 2528 435 2570 quod
457 2528 553 2570 pridie
569 2529 751 2559 translatum
775 2530 883 2564 fuerat,
901 2531 939 2560 de
955 2530 1031 2560 divi-

352 2572 401 2602 tiis
424 2570 528 2602 Persei
553 2571 723 2607 dissereret,
748 2582 784 2602 ac
813 2577 879 2602 tum
901 2573 1033 2613 denique

351 2614 392 2644 ad
409 2614 552 2645 Paullum
578 2618 786 2645 reverteretur.
830 2614 861 2644 Si
883 2615 958 2654 quid
983 2615 1032 2645 hic

350 2657 501 2693 videmus,
523 2662 588 2687 tota
611 2656 676 2687 baec
696 2656 850 2698 periodus,
875 2657 940 2695 Ipse
954 2664 1028 2696 post·

351 2711 427 2730 remo
448 2700 590 2735 Paullus,
611 2709 706 2740 usque
733 2699 771 2730 ad
799 2699 866 2730 haec
890 2699 983 2730 verba
1004 2707 1030 2730 et

351 2743 474 2773 cohortes
508 2744 640 2782 peditam
677 2743 735 2772 suis
770 2753 885 2783 quaeque
920 2744 1030 2772 ordini-

352 2785 412 2820 (ms,
451 2785 623 2827 praecedere
658 2784 760 2815 debet.
810 2784 1030 2824 Subiungenda

352 2833 455 2868 postea
483 2828 522 2859 τὰ
549 2828 695 2859 Summam
719 2830 809 2859 omni-5
835 2829 940 2867 captivi
965 2830 1031 2857 auri

1075 1976 1192 2017 argenti
1208 1998 1217 2006 .
1232 1996 1241 2006 .
1259 1997 1267 2006 .
1282 1977 1388 2006 bellare
1409 1987 1475 2006 cum
1504 1975 1641 2006 Romanis
1664 1977 1761 2016 coepit.

1078 2018 1171 2049 Unde
1195 2017 1402 2050 transiliemus
1428 2017 1468 2049 ad
1494 2018 1562 2049 haee
1582 2017 1676 2049 verba
1697 2020 1760 2050 Pe-

1078 2063 1133 2091 diti
1147 2064 1176 2091 in
1192 2062 1330 2102 singulos.

1120 2105 1139 2133 2
1166 2104 1204 2133 Ει
1232 2105 1269 2134 Ρ.
1285 2104 1395 2144 Scipio]
1433 2104 1615 2134 Praenomen
1647 2101 1763 2144 adjecit

1078 2146 1230 2187 Sigonius.

1120 2190 1138 2219 3
1165 2190 1238 2219 Dari
1266 2189 1393 2229 centeni]
1426 2189 1524 2218 Deest
1550 2197 1608 2218 vox
1635 2188 1762 2219 denarii.

1079 2232 1210 2262 Centeni
1239 2230 1356 2262 denarii
1383 2235 1454 2261 sunt
1481 2230 1580 2260 unciae
1609 2235 1761 2261 nostrates

1077 2274 1240 2305 duodecim
1267 2283 1338 2305 cum
1360 2273 1529 2304 semuncia.
1572 2272 1612 2303 In
1633 2272 1671 2302 iis
1688 2284 1759 2314 quae

1076 2323 1257 2358 sequuntur,
1299 2317 1482 2347 assentimur
1530 2315 1686 2346 Gronovio
1730 2320 1762 2346 et

1077 2360 1201 2391 Mureto
1228 2359 1459 2400 reponentibus,
1488 2360 1614 2389 alterum
1642 2364 1760 2389 tantum

1073 2404 1166 2441 pediti
1194 2405 1333 2433 datarum
1356 2402 1455 2443 fuisse
1486 2403 1621 2437 credant,
1650 2407 1678 2431 et
1706 2411 1762 2440 pru

1076 2452 1143 2475 rata
1164 2447 1247 2476 aliis.-
1269 2444 1301 2474 id
1323 2450 1380 2480 est,
1401 2445 1536 2475 ducenos
1556 2443 1664 2485 pediti,
1681 2453 1758 2484 qua-

1076 2487 1241 2528 dringenos
1275 2486 1454 2522 centurioni,
1490 2491 1689 2518 sexcentenus
1725 2496 1758 2517 e-

1076 2530 1164 2570 quiti.
1207 2531 1285 2560 Cum
1321 2528 1431 2560 iisdem
1467 2539 1590 2570 quoque
1626 2528 1758 2570 legimus

1075 2574 1129 2603 hac
1160 2574 1222 2611 ipsa
1255 2583 1365 2602 samma
1398 2574 1606 2610 pronunciata.
1650 2571 1761 2602 Cicero

1074 2626 1129 2657 pro
1157 2615 1282 2646 Cluent.
1310 2624 1341 2644 n.
1368 2615 1418 2645 78.
1440 2625 1617 2654 suppressam
1642 2625 1697 2645 esse
1722 2615 1759 2644 ab

1075 2669 1105 2688 ea
1135 2659 1300 2696 pecuniam,
1327 2668 1413 2697 qnam
1448 2668 1499 2697 pro
1527 2669 1574 2688 reo
1597 2658 1758 2697 pronunci-

1074 2706 1155 2730 asset.
1717 2719 1719 2722 ι

1117 2743 1135 2771 4
1162 2742 1199 2772 Et
1235 2743 1309 2782 qnod
1344 2742 1402 2771 dno
1434 2741 1588 2784 fulmina]
1642 2740 1757 2772 Merito

1076 2785 1219 2816 emendat
1248 2784 1438 2816 Gronovius:
1468 2791 1496 2815 et
1523 2795 1586 2825 (ματ
1612 2787 1670 2815 duo
1685 2784 1758 2826 ful-

1074 2839 1166 2859 ”UNG-
