1831 3194
476 108 727 148 LIBROR.
757 107 1032 148 DEPERD.
1389 111 1464 150 265

56 225 106 266 et,
122 218 313 272 perculsis
333 219 507 260 adventu
526 218 610 272 ejus
631 218 694 267 iis,
726 219 797 273 qui
816 219 858 259 in
888 233 972 260 eum
1003 218 1136 274 iniqui
1166 225 1294 268 erant,
1326 219 1340 243 ⁴
1354 234 1470 273 quum

54 290 178 317 annos
199 276 456 317 novemdecim
477 276 652 326 liaberet,
674 277 810 317 consul
828 283 987 318 creatus
1002 283 1072 318 est.

678 491 860 544 CXX.

114 654 253 695 Caesar
291 654 426 693 consul
463 653 591 707 legem
630 653 722 693 tulit
757 653 807 693 de
844 653 1058 707 quoestione
1091 651 1274 693 habenda
1315 654 1359 693 in
1394 667 1470 702 eos,

52 725 213 763 qnorum
243 723 367 762 opera
402 716 529 763 pater
557 709 703 751 occisus
731 715 832 751 esset
848 727 861 750 .·
903 710 1180 763 postulatique
1210 725 1257 750 ea
1288 711 1375 765 lege
1406 711 1471 750 M.

53 768 219 817 Brutus,
243 768 289 809 C.
316 768 494 815 Cassius,
514 768 573 808 D.
592 768 757 816 Brutus,
780 767 960 808 absentes
975 769 1159 807 damnati
1173 774 1276 808 sunt.
1342 766 1475 816 Quwm

53 824 117 865 M.
139 824 317 865 Antonio
337 825 439 865 vires
460 824 622 865 Asinius
642 838 795 878 quoqne
814 825 953 865 Pollio
974 831 1012 865 et
1031 824 1250 865 Munatius
1278 824 1471 873 Plancus,

47 895 132 922 cum
153 881 388 923 exercitibus
408 883 493 922 suis
523 880 722 935 adjuncti,
754 882 1026 934 ampliassent,
1057 888 1096 922 et
1128 883 1188 922 D.
1209 882 1376 929 Brutus,
1407 882 1474 922 cui

49 945 225 988 senatus,
268 946 312 979 ut
349 945 649 993 persequeretur
677 938 909 988 Antonium,
951 940 1225 988 mandaverat,
1257 940 1416 980 relictus
1445 953 1473 979 a

50 996 273 1050 legionibus
291 997 387 1047 suis,
400 994 652 1050 profugisset
666 1018 680 1043 ;
699 995 819 1049 jussu
836 995 1023 1044 Antonii,
1047 997 1091 1036 in
1109 995 1218 1049 cujus
1230 1002 1473 1048 potestatem

50 1059 226 1103 venerat,
259 1068 285 1092 a
309 1055 476 1106 Capeno
496 1053 682 1106 Sequano
703 1053 933 1106 interjectus
956 1060 1028 1094 est.
1090 1054 1138 1095 C.
1163 1054 1304 1095 Coesar
1326 1067 1474 1105 pacem

50 1125 133 1150 cum
153 1111 331 1151 Antonio
351 1116 389 1151 et
419 1110 580 1162 Lepido
593 1109 728 1164 jecit.-
771 1111 833 1150 ita
863 1116 906 1150 ut
939 1109 1098 1150 tresviri
1127 1109 1359 1162 reipublic-ce
1380 1123 1473 1149 con-

47 1168 259 1208 stituendae
279 1181 360 1220 per
380 1167 693 1221 quinquennium
723 1173 850 1208 essent
878 1167 974 1220 ipse,
1007 1173 1045 1207 et
1068 1165 1252 1219 Lepidus,
1284 1172 1324 1207 et
1343 1166 1473 1207 Anto-

50 1224 167 1271 nius,·
201 1230 239 1264 et
258 1230 301 1264 ut
329 1238 424 1265 suos
453 1224 618 1278 quisque
647 1224 830 1265 inimicos
850 1224 1161 1277 proscriberent.
1193 1224 1237 1264 in
1267 1237 1348 1277 qua
1369 1237 1473 1276 pro-

49 1282 271 1334 scriptione
290 1282 455 1334 plurimi
475 1282 625 1335 equites
644 1282 838 1329 Romani,
873 1288 1027 1322 centum
1047 1282 1225 1335 triginta
1243 1287 1474 1321 senatorum

50 1339 213 1379 nomina
231 1336 417 1391 fuerunt,
450 1344 488 1378 et
511 1338 616 1379 inter
636 1353 700 1379 eos
729 1339 786 1380 L.
809 1339 956 1380 Paulli
973 1337 1125 1390 fratris
1145 1338 1212 1378 M.
1234 1337 1400 1391 Lepidi,
1433 1344 1472 1378 et

49 1397 104 1436 L.
129 1395 303 1438 Coesaris
324 1395 496 1437 Antonii
515 1395 712 1445 avunculi,
747 1402 784 1435 et
808 1395 871 1435 M.
896 1396 1121 1437 Ciceronis.
1158 1393 1288 1447 hujus,
1310 1394 1427 1435 occisi
1445 1409 1473 1434 a

56 1453 234 1506 Popillio
253 1453 477 1508 legionario
498 1453 642 1502 milite,
675 1466 790 1506 quum
811 1452 973 1492 liaberet
992 1465 1120 1492 annos
1145 1452 1361 1506 sexaginta
1383 1458 1474 1501 tres,

50 1516 173 1563 caput
199 1524 350 1565 quoque
368 1524 455 1550 cum
486 1511 631 1550 dextra
652 1523 773 1550 manu
794 1510 838 1549 in
858 1510 997 1550 rostris
1024 1509 1196 1561 positum
1226 1514 1296 1550 est.
1355 1509 1475 1550 Prae-

50 1574 158 1609 terea
178 1582 242 1610 res
261 1582 287 1609 a
310 1567 376 1608 M.
395 1567 522 1608 Bruto
543 1567 582 1608 in
606 1567 770 1608 Graecia
789 1572 927 1622 gestas
945 1567 1132 1608 continet.

668 1768 878 1822 CXXI.

125 1934 173 1974 C.
200 1933 380 1980 Cassius,
412 1932 477 1971 cui
507 1932 743 1972 mandatum
773 1945 799 1971 a
828 1936 972 1971 senatu
1001 1936 1105 1979 erat,
1137 1935 1181 1970 ut
1219 1929 1474 1970 Dolabellam

54 1988 200 2029 hostem
225 1988 457 2042 judicatum
488 1988 591 2029 bello
612 1993 932 2042 persequeretur,
975 1988 1222 2027 auctoritate
1251 1986 1475 2039 reipublicae

53 2044 227 2100 adjutus,
252 2046 409 2100 Syriam
428 2060 513 2086 cum
533 2045 662 2086 tribus
680 2045 928 2091 exercitibus,
957 2045 1028 2097 qui
1049 2046 1090 2084 in
1110 2045 1245 2084 eadem
1265 2043 1475 2095 provincia

52 2109 180 2151 erant,
209 2102 250 2142 in
264 2109 502 2156 potestatem
522 2116 634 2143 suam
654 2103 823 2156 redegit.
882 2101 1156 2150 Dolabellam,
1187 2101 1229 2140 in
1250 2101 1346 2140 urbe
1363 2101 1474 2140 Lao—

53 2161 168 2201 dicea
188 2160 392 2209 obsessum,
427 2160 532 2200 mori
559 2159 698 2214 coe'git.
758 2158 825 2200 M.
844 2172 995 2214 quoque
1031 2157 1159 2200 Bruti
1174 2157 1294 2212 jussu
1317 2158 1364 2200 C.
1386 2157 1473 2198 An-

53 2217 186 2258 tonius
204 2223 360 2272 captus,
382 2217 526 2258 occisus
545 2222 617 2258 est.

645 2416 883 2469 CXXII.

114 2581 180 2620 M.
212 2581 361 2621 Brutus
390 2581 577 2621 adversus
612 2579 792 2619 Thracas
819 2593 961 2630 parum
988 2592 1182 2631 prospere
1211 2591 1291 2618 rem
1318 2577 1442 2632 gessit
1456 2597 1470 2622 ,-

57 2637 313 2689 omnibusque
332 2636 616 2678 transmarinis
625 2636 846 2689 provinciis
860 2635 1171 2689 exercitibusque
1185 2635 1226 2674 in
1240 2640 1474 2687 potestatem

58 2694 141 2747 ejas
161 2699 200 2734 et
237 2695 284 2735 C.
309 2695 445 2736 Cassii
475 2693 657 2743 redactis,
690 2694 868 2735 coierunt
900 2694 1079 2748 Smyrna:
1110 2699 1272 2746 uterque
1292 2692 1348 2731 ad
1365 2689 1474 2730 ordi-

198 2864 216 2893 4
232 2862 328 2897 Quum
340 2874 428 2894 annos
438 2866 624 2895 novemdecim
634 2864 762 2904 haberet]
789 2863 864 2896 Vid.
880 2863 971 2900 infra,
988 2873 1058 2905 cap.
1074 2862 1130 2894 ult.
1143 2860 1234 2902 hujus
1248 2859 1327 2890 libri.
