1831 3194
530 114 649 153 LIB.
681 113 811 151 XL11.
855 114 986 150 CAI'.
1020 114 1066 150 X.
1458 121 1506 153 43

88 222 244 266 Junius
281 227 461 274 Pennus,
501 225 570 279 Sp.
599 223 837 272 Lucretius,
875 224 944 278 Sp.
976 223 1168 272 Cluvius,
1204 222 1280 263 Cn.
1311 223 1698 273 Sicinius‚1¹.(,'T579.

90 282 136 322 C.
162 283 388 322 Memmius
408 281 573 321 iterum.
1520 279 1560 308 A.
1577 279 1697 309 0173.

146 339 203 378 X.
230 340 293 379 Eo
309 353 415 379 anno
436 337 613 378 lustrum
636 338 849 377 conditum
873 345 946 377 cst.
981 338 1181 377 Censores
1201 344 1318 377 erant
1337 338 1384 386 Q.
1407 337 1506 376 Ful-

88 395 180 435 vius
205 395 390 442 Flaccus,
407 393 521 433 ³⁰A.'¹
545 394 786 435 Postumius
805 394 999 434 Albinus.
1034 393 1277 434 Postumius
1304 393 1503 434 condidit.

89 453 223 492 Censa
243 460 338 492 sunt
359 452 512 491 civium
532 452 815 491 Romanorum
838 451 975 505 capita
996 451 1177 491 ducenta
1199 451 1415 503 sexaginta
1435 465 1506 489 no-

88 524 178 548 vem
210 509 337 548 millia
364 516 404 549 ct
436 508 686 563 quindecim.
750 509 892 548 Minor
923 507 1138 562 aliquanto
1168 522 1382 555 numerus,
1406 508 1506 562 quia

90 565 138 604 L.
165 566 405 606 Postumius
435 565 577 605 consul
607 580 683 620 pro
705 565 899 605 concione
920 564 1122 613 edixerat,
1138 564 1219 661 gui
1242 564 1400 604 socium
1425 564 1505 604 La-

88 621 162 661 tini
184 623 359 662 nominis
380 637 430 662 cx
453 621 589 663 edicto
611 624 658 662 C.
684 622 851 662 Claudii
883 621 1062 661 consulis
1094 636 1135 661 rc
1168 622 1227 661 irc
1252 621 1293 661 in
1316 621 1506 661 civitates

87 693 180 718 suas
211 679 465 728 debuissent,
494 694 545 719 110
575 679 671 734 quis
701 693 843 718 eorum
877 680 1038 727 Romae,
1070 679 1141 718 sed
1176 693 1318 718 omnes
1347 678 1390 718 in
1422 678 1507 717 3013·

86 734 326 776 civitatibus
346 744 622 777 censerentur.
676 738 858 776 Concors
878 743 919 776 et
940 752 962 775 e
984 735 1196 790 republica
1218 749 1391 775 censura
1410 735 1505 775 fuit.

85 806 240 843 01111103,
263 808 367 848 quos
390 801 536 834 senatu
566 801 802 842 moverunt,
824 793 1064 847 quibusque
1086 807 1215 847 equos
1245 792 1506 840 ademerunt,

86 849 251 889 aerarios
280 850 483 899 fecerunt,
505 859 546 891 et
568 850 682 891 tribu
713 857 956 890 moverunt:
990 848 1021 872 3¹
1037 864 1172 904 neque
1203 849 1255 889 ab
1276 849 1407 889 altero
1438 863 1508 888 no-

87 913 221 946 tatum
252 906 356 947 alter
390 907 596 972 piobavit.
659 907 837 947 Fulvius
873 907 1005 946 aedem
1038 907 1238 946 Iortunae
1270 906 1506 960 Equestris,

85 978 212 1018 quam
247 964 469 1019 proconsul
503 965 546 1004 in
578 964 799 1018 Hispania,
831 963 1031 1003 dimicans
1067 978 1161 1002 cum
1199 962 1505 1003 Celtiberorum

88 1019 334 1073 legionibus,
375 1029 560 1070 voverat,
602 1035 729 1060 annos
774 1036 844 1059 sex
892 1028 1001 1075 post,
1041 1035 1169 1074 quam
1209 1035 1289 1059 vox
1293 1035 1336 1059 01
1338 1028 1395 1069 at,
1438 1020 1508 1060 de-

87 1064 265 1117 dicavit:
313 1085 353 1118 et
394 1078 573 1118 scenicos
613 1077 733 1117 ludos
776 1091 850 1132 per
890 1076 1181 1131 quatriduum,
1223 1091 1354 1116 unum
1395 1076 1505 1116 diem

84 1133 127 1172 in
168 1133 275 1173 circo
314 1133 424 1174 fecit.
498 1134 547 1174 L.
593 1133 810 1174 Cornelius
854 1133 1077 1181 Lentulus,
1119 1133 1327 1173 decemvir
1375 1148 1508 1173 sacro-

85 1205 193 1239 rum,
225 1206 273 1230 eo
308 1206 415 1231 anno
455 1199 646 1232 mortuus
687 1199 760 1231 est.
802 1190 844 1230 in
886 1190 1022 1230 locum
1062 1190 1152 1244 ejus
1194 1190 1410 1230 subfectus
1450 1191 1505 1230 A.

86 1247 329 1288 Postumius
350 1247 546 1288 Albinus.
609 1248 889 1288 Locustarum
911 1255 1039 1288 tantae
1069 1247 1201 1287 nubes
1232 1262 1256 1286 a
1286 1248 1388 1287 mari
1412 1262 1508 1287 ven-
1523 1256 1665 1286 Locusta:
1683 1255 1713 1286 in

84 1311 129 1344 to
167 1312 337 1360 repente
377 1305 419 1345 in
460 1304 663 1360 Apuliam
702 1304 843 1345 inlatae
885 1312 996 1353 sunt,
1031 1311 1079 1344 ut
1120 1303 1382 1345 examinibus
1423 1304 1529 1345 suis
1520 1299 1647 1341 Apulia.

84 1375 205 1415 agros
240 1361 321 1402 late
351 1362 573 1417 operirent
616 1361 669 1402 ad
705 1376 831 1416 quam
871 1369 1030 1417 pestem
1070 1360 1244 1416 frugum
1280 1361 1506 1402 tollendam

82 1416 118 1440 ³⁶²
132 1419 207 1458 Cn.
234 1418 412 1459 Sicinius
440 1427 596 1474 praetor
623 1418 880 1474 desio-natus‚
902 1433 998 1458 cum
1025 1418 1200 1472 imperio
1230 1417 1272 1457 in
1304 1418 1506 1473 Apuliam

83 1474 247 1525 missus,
278 1475 438 1530 ingenti
473 1476 637 1530 agmine
671 1475 888 1515 hominum
920 1475 973 1515 ad
1008 1474 1260 1528 colligendas
1295 1489 1363 1514 eas
1393 1490 1507 1515 coac-

84 1538 142 1580 to,
164 1531 426 1587 aliquantum
458 1532 655 1586 temporis
685 1531 899 1572 absumsit.
963 1529 1223 1585 Principium
1249 1531 1506 1587 insequentis
1522 1542 1561 1573 U.
1573 1543 1609 1574 C.
1625 1546 1696 1573 580.

83 1588 195 1638 anni,
227 1604 312 1644 quo
344 1589 390 1629 C.
425 1588 630 1643 Popillius
659 1596 700 1628 et
733 1589 779 1628 P.
805 1588 945 1628 AElius
975 1588 1148 1628 fuerunt
1179 1588 1381 1637 consules,
1410 1589 1508 1629 resi-
1520 1585 1561 1615 Α
1577 1587 1705 1617 C.172

83 1644 188 1685 duas
209 1645 491 1686 contentiones
513 1661 562 1685 ex
592 1645 728 1700 priore
749 1660 857 1685 anno
886 1645 1048 1685 habuit.
1112 1645 1259 1684 Patres
1290 1645 1433 1685 referri
1456 1628 1560 1700 deC
1573 1629 1720 1703 liggiollio,

85 1701 331 1757 Liguribus,
362 1702 636 1757 renovarique
666 1701 1070 1742 senatusconsultum
1101 1701 1311 1751 volebant,
1342 1710 1382 1742 et
1413 1714 1608 1746 con-(oss

84 1758 149 1798 sul
180 1759 320 1799 AElius
349 1759 566 1799 referebat.
631 1758 835 1814 Popillius
856 1767 897 1800 et
924 1758 1124 1818 collegam
1146 1766 1187 1798 et
1210 1768 1397 1800 senatum
1429 1757 1701 1829 proQssst‘ssffif'·

82 1815 211 1856 fratre
233 1816 561 1871 deprecabatur,
594 1830 681 1871 prae
713 1831 754 1856 30
783 1816 934 1865 ferens,
957 1816 989 1856 si
1015 1816 1110 1871 qui¹
1139 1815 1422 1865 decernerent,
1444 1801 1653 1884 in-gfissigl‘is·
1642 1801 1692 1832 Li

84 1880 375 1935 tercessurum,
397 1872 596 1928 collegam
627 1872 842 1936 (101011ᾞο0
905 1874 1066 1923 Patres,
1093 1889 1141 1913 00
1170 1873 1303 1927 magis
1334 1873 1504 1928 utrique

82 1929 238 1984 pariter
277 1907 527 1970 consulumt>
539 1929 702 1980 infensi,
743 1929 784 1970 in
826 1938 964 1985 coepto
1002 1930 1256 1986 perstabant.
1335 1930 1504 1985 Itaque,

83 2001 215 2040 quum
246 1987 297 2027 de
327 1986 550 2042 provinciis
580 1994 788 2042 ageretur,
812 1995 853 2027 et
878 1987 1142 2037 Macedonia,
1159 1987 1247 2042 jam
1278 1986 1505 2028 inminente

85 2042 224 2083 Persei
253 2043 377 2093 bello,
402 2051 630 2099 peteretur,
654 2043 835 2099 Ligures
863 2044 1066 2084 ambobus
1096 2043 1337 2084 consulibus
1367 2044 1507 2084 decer-

83 2108 254 2140 nuntur.
316 2100 606 2141 Macedoniam
636 2100 876 2141 decreturos
905 2109 1074 2155 negant,
1096 2100 1137 2141 ni
1164 2101 1215 2141 de
1238 2101 1301 2140 M.
1326 2100 1506 2156 Popillio

83 2156 320 2198 referretur.
382 2157 699 2198 Postulantibus
730 2157 893 2207 deinde,
926 2166 974 2198 ut
1004 2173 1132 2198 novos
1167 2158 1375 2198 exercitus
1410 2158 1506 2198 scri-

83 2212 195 2263 bere,
223 2222 297 2255 aut
329 2214 665 2270 supplementum
695 2214 906 2255 vetelibus
936 2213 1092 2264 licer‚et
1123 2222 1352 2269 utrumque
1382 2229 1506 2270 nega-

84 2277 175 2310 tum
196 2279 269 2312 est.
332 2272 589 2312 Praetoribus
620 2286 788 2326 quoque
818 2271 858 2311 in
887 2270 1135 2334 Hispaniam
1167 2272 1504 2327 supplementum

84 2326 323 2381 petentibus
352 2336 574 2384 negatum:
610 2329 672 2367 M.
695 2327 827 2368 Junio
857 2327 900 2368 in
930 2327 1176 2377 citeriorem,
1211 2329 1280 2383 Sp.
1306 2328 1505 2369 Lucretio

83 2398 125 2424 m
148 2383 398 2425 ulterior.em
452 2385 498 2425 C.
523 2384 712 2425 Licinius
735 2386 909 2426 Crassus
931 2385 1133 2426 urbanam
1153 2384 1504 2441 jurisdictionem,

412 2528 427 2552 h
444 2529 478 2558 A.
496 2529 518 2559 l.
536 2528 572 2559 L.
590 2529 686 2560 Gron.
860 2525 869 2550 i
887 2531 957 2570 quid
973 2529 1069 2561 Gron.
1089 2530 1181 2561 Crev.

130 2662 171 2691 30
200 2663 237 2693 A.
274 2663 454 2706 Postumius]
523 2667 688 2696 Hactenus
734 2666 772 2697 I.
815 2678 858 2706 pi·
853 2668 960 2708 ibmic]
987 2666 1037 2707 Sig
1022 2667 1130 2697 0011103
1154 2667 1282 2698 inseruit
1297 2677 1403 2697 vocem
1419 2667 1505 2701 alte),

91 2704 263 2735 Postumius.
308 2707 493 2738 Debuelant
512 2708 644 2739 editores
665 2720 773 2751 palere
818 2720 887 2751 quae
905 2710 1079 2741 necessaria
1094 2716 1171 2741 erat.

89 2746 216 2787 Sigonio
238 2758 413 2789 praenomen
437 2751 528 2791 huius
551 2752 686 2782 censoris
708 2763 773 2782 cor
862 2754 903 2782 32
930 2753 985 2783 Cn.
1016 2753 1157 2793 Sicinius]
1204 2753 1288 2783 Editi
1321 2752 1436 2781 habent
1466 2752 1505 2782 C

88 2789 132 2829 rig
130 2789 199 2819 enti
215 2800 252 2819 ex
268 2791 366 2829 Livio,
380 2793 400 2823 l.
418 2794 506 2825 XLI.
521 2804 548 2824 c.
561 2795 612 2824 27.
627 2800 658 2824 et
675 2794 775 2826 Fastis
819 2795 954 2825 Sicinius.
1000 2796 1061 2826 Sed
1084 2806 1179 2837 quum
1204 2800 1235 2825 et
1260 2805 1353 2841 supla
1374 2799 1405 2824 et
1426 2793 1506 2825 infra

90 2832 286 2872 (apitolinis.
818 2843 944 2868 vocetur
976 2840 1031 2870 Cn.
1060 2850 1132 2880 piae
1125 2848 1236 2867 10111011
1265 2847 1292 2868 01
1328 2847 1417 2869 suum
1447 2837 1506 2868 hoc

134 2876 169 2905 31
203 2875 302 2915 Neque
338 2879 372 2907 ab
407 2879 497 2910 aliero
535 2887 662 2911 innatum
701 2881 775 2911 alic»
818 2880 1237 2922 quoquelocuiestituimus.
