1831 3194
491 104 610 142 Llss.
643 102 772 141 XLII.
821 102 943 140 CAI‘.
975 102 1041 139 LI.
1433 108 1482 146 77

59 222 134 256 ret.
194 214 241 256 Si
271 214 461 267 possessio
491 214 601 254 haud
630 212 822 267 ambigua
852 211 969 266 regui
997 217 1189 259 maneret,
1221 211 1349 252 multa
1378 212 1482 252 diem
1500 223 1677 255 U.c.581.

61 278 286 327 tempusque
312 270 472 324 adferre
486 285 612 324 posse,
634 270 774 325 quibus
806 283 885 309 non
906 268 1057 310 amissa
1087 270 1206 309 modo
1236 283 1482 321 recuperare,
1498 267 1674 298 A.c.171.

56 329 127 370 sed
161 329 357 370 timendus
388 329 489 370 ultro
510 328 561 369 iis
588 342 684 377 esse,
707 340 806 382 quos
835 341 940 367 nunc
974 327 1141 375 timeret,
1160 333 1303 379 posset.
1365 327 1485 368 Cete-

57 400 151 427 rum
184 386 318 428 multo
349 386 483 443 major
516 401 614 442 pars
644 383 855 427 ferocioris
877 383 1094 426 sententiae
1126 392 1239 425 erat:
1275 384 1486 438 Quidquid

57 443 246 494 cessisset,
268 458 355 484 cum
376 458 422 485 eo
440 443 561 484 simul
580 457 706 498 regno
737 442 919 495 protinus
938 442 1154 483 cedendum
1174 455 1272 491 esse,
1293 441 1486 483 adfirma-

56 500 171 543 bant.
231 501 372 557 Neque
389 501 491 542 enim
513 501 719 542 Romanos
746 499 917 554 pecunia
937 505 1007 539 aut
1029 513 1132 554 agro
1152 513 1268 554 egere
1281 514 1295 539 .-
1325 500 1397 539 sed
1417 499 1487 539 hoc

55 559 169 609 scire,
189 573 309 613 quum
341 560 475 600 omnia
507 558 695 608 humana,
720 563 804 598 tum
834 556 1015 597 maxima
1041 571 1201 613 quasque
1233 563 1270 597 et
1301 570 1427 611 regna
1450 562 1487 596 et

55 615 223 668 imperia
242 617 312 657 sub
332 617 483 658 casibus
509 616 641 657 multis
661 629 756 657 esse.
815 613 1257 669 ⁶⁰Karthaginz‘ensium
1283 628 1375 667 opes
1393 611 1485 665 fre-

53 673 165 727 gisse
192 687 290 724 sese,
320 681 358 715 et
387 674 598 715 cervicibus
629 687 762 714 eorum
790 678 1066 726 praepotentem
1095 671 1319 723 finitimum
1348 685 1486 725 regem

54 730 298 784 inposuisse.-
329 732 568 773 Antiochum
594 730 904 786 progeniemque
932 727 1015 784 ejus
1043 728 1192 770 ⁶¹ultra
1210 729 1323 785 juga
1360 728 1488 771 Tauri

54 795 259 830 remotum.
323 790 458 830 Unum
479 804 561 831 esse
581 788 839 830 Macedoniae
859 801 1041 842 regnum,
1064 793 1100 828 et
1131 788 1294 842 regione
1320 786 1485 840 propin—

54 859 188 900 quum,
225 853 264 887 et
298 848 415 902 quod,
451 846 612 888 ⁶²sicubi
641 846 788 900 populo
826 845 1026 886 Romanor
1054 859 1132 886 sua
1161 843 1334 897 jbrtuna
1365 844 1484 893 labet,

55 903 240 959 antiquos
271 905 423 945 animos
443 905 603 960 regibus
621 904 708 946 suis
726 904 910 945 videatur
940 916 1053 955 posse
1071 900 1231 954 facere.
1291 903 1405 943 Dum
1425 901 1487 942 in-

57 967 178 1016 tegrce
195 976 258 1003 res
279 960 313 986 ⁶³
328 963 353 989 *
367 964 392 989 ³¹⁶
413 963 522 1016 apud
554 962 730 1003 animum
750 975 864 1002 suum
884 962 1040 1002 Persea
1059 960 1213 1010 debere,
1234 966 1380 1009 utrum,
1403 959 1486 999 sin-

54 1019 157 1074 gula
173 1020 427 1070 concedendo,
449 1020 626 1061 nudatus
653 1020 708 1060 ad
727 1026 946 1059 extremum
967 1017 1107 1070 opibus
1128 1018 1375 1071 extorrisque
1394 1031 1486 1071 reg-

55 1090 120 1128 no,
144 1077 466 1118 Samothraciam
486 1077 662 1118 aliamve
691 1089 813 1131 quam
834 1074 1011 1116 insulam
1034 1081 1169 1127 petere
1188 1075 1240 1116 αἱ)
1272 1075 1486 1123 Romanis,

56 1134 126 1174 ubi
152 1134 334 1187 privatus
353 1141 552 1188 superstes
578 1148 702 1190 regno
720 1148 791 1175 suo
813 1133 853 1173 in
873 1138 1074 1173 contemtu
1095 1139 1211 1187 atque
1241 1131 1379 1185 inopia
1398 1146 1489 1172 con-

55 1198 246 1242 senescat,
267 1192 402 1233 malit.-
434 1206 500 1242 an,
524 1198 704 1233 armatus
722 1191 867 1233 vindex
886 1188 1069 1242 fortunae
1088 1190 1374 1245 dignitatisque
1393 1202 1488 1236 suae,

54 1249 115 1290 ita
135 1255 179 1291 ut
199 1249 286 1291 viro
307 1247 413 1302 forti
431 1250 602 1305 dignum
629 1249 695 1299 sit,
716 1248 914 1302 patiatur,
936 1248 1217 1302 quodcumque
1249 1261 1363 1288 casus
1397 1246 1490 1287 belli

58 1306 190 1348 tulerit
195 1323 212 1357 ;
243 1314 316 1348 aut
334 1307 456 1349 victor
478 1308 614 1349 liberet
644 1307 776 1348 orbem
797 1312 994 1347 terrarum
1013 1306 1065 1347 ab
1096 1305 1262 1358 imperio
1288 1305 1488 1346 Romano.

56 1363 154 1406 Non
174 1379 257 1406 esse
277 1365 555 1407 admirabilius
575 1366 784 1407 Romanos
806 1362 971 1405 Graecz‘a
987 1363 1095 1417 pelli,
1118 1377 1242 1418 quam
1275 1362 1491 1404 Hanniba-

56 1421 132 1463 lem
160 1422 287 1463 Italia
317 1422 475 1476 pulsum
507 1438 600 1464 esse.
629 1436 765 1476 neque,
788 1420 979 1470 Hercule,
1000 1420 1146 1471 videre,
1168 1419 1237 1474 qui
1270 1420 1490 1470 conveniat,

45 1478 191 1533 fiatri,
224 1479 447 1533 adfectanti
469 1495 543 1533 per
577 1479 770 1534 injuriam
810 1492 993 1529 regnum,
1025 1491 1183 1518 summa
1212 1477 1252 1518 vi
1280 1477 1491 1525 restitisse,-

59 1537 295 1592 alienigenis
315 1538 410 1578 bene
439 1544 557 1590 parto
579 1552 624 1578 eo
642 1538 790 1578 cedere.
850 1534 1103 1576 “Postremo
1123 1535 1182 1576 ita
1202 1534 1304 1575 bello
1325 1541 1362 1574 et
1391 1548 1493 1587 pace

58 1596 195 1650 quaeri,
213 1601 256 1636 ut
288 1595 392 1636 inter
424 1610 558 1636 omnes
590 1594 810 1642 conveniat,
845 1607 917 1633 nec
951 1593 1101 1645 turpius
1133 1593 1357 1646 quidquam
1392 1605 1492 1643 esse,

59 1666 186 1707 quam
205 1652 289 1693 sine
308 1653 523 1693 certamine
543 1652 702 1694 cessisse
719 1665 866 1706 regno:
898 1664 969 1691 nec
997 1650 1231 1702 praeclarius
1251 1649 1490 1704 quidquam,

64 1724 190 1765 quam
217 1724 289 1763 pro
318 1710 516 1766 dignitate
545 1724 596 1751 ac
624 1707 835 1765 majestate
864 1722 1020 1750 omnem
1040 1706 1259 1760 fortunam
1284 1713 1494 1760 ‘expertum

50 1781 157 1809 esse.

118 1825 197 1866 LI.
231 1824 375 1875 Pellae,
406 1824 449 1866 in
489 1833 629 1867 vetere
668 1823 785 1880 regia
824 1822 1126 1873 Macedonum,
1157 1822 1236 1863 hoc
1273 1821 1493 1863 consilium

59 1889 161 1923 erat.
225 1881 429 1923 Geramus
468 1896 581 1938 ergo,
612 1881 766 1938 inquit,
800 1881 896 1922 Diis
931 1881 1027 1920 bene
1048 1879 1302 1932 juvantibus,
1334 1881 1494 1932 quando

59 1939 121 1980 ita
151 1939 318 1992 videtur,
351 1939 514 1981 bellum.-
557 1939 773 1995 literisque
805 1938 915 1979 circa
945 1937 1169 1994 praefectos
1199 1936 1392 1986 dimissis,
1426 1936 1495 1977 Ci-

63 1996 170 2038 tium
213 1997 500 2049 (Macedoniae
540 1996 745 2053 oppidum
785 1997 868 2050 est)
910 1995 1050 2051 copias
1088 2009 1231 2035 omnes
1271 1993 1492 2035 contrahit.

63 2053 152 2110 ipse
191 2062 359 2096 centum
393 2053 540 2096 hostiis
579 2052 778 2095 sacrificio
818 2052 1014 2108 regaliter
1052 2051 1085 2076 ⁶⁵
1101 2051 1325 2101 Minervae,
1366 2065 1494 2106 quam

508 2149 523 2173 Υ
537 2145 662 2184 populus
678 2143 827 2174 Romanus
844 2143 941 2174 Gron.
959 2144 1050 2173 Crev.

120 2222 163 2254 60
202 2223 490 2267 Carthaginiensium
530 2235 593 2264 opes
628 2223 757 2265 fregisse

65 2265 135 2306 sese]
168 2267 238 2298 Vox
273 2279 329 2298 sese
364 2267 530 2303 redundat,
567 2272 599 2298 et
634 2267 757 2298 videtur

65 2313 141 2339 nata
155 2319 222 2340 esse
238 2321 275 2341 ex
294 2309 406 2341 vitiosa
425 2310 608 2352 repetitione
631 2309 757 2341 ultima-

67 2361 136 2382 rum
150 2352 322 2385 litterarum
338 2353 422 2384 verbi
439 2353 657 2396 praecedentis.

108 2394 148 2425 61
178 2395 267 2427 Ultra
279 2399 361 2438 juga
386 2397 479 2427 Tauri
506 2397 663 2437 remotum]
693 2394 758 2427 Hie

67 2447 204 2479 quoque,
219 2445 254 2470 ut
269 2450 298 2471 c.
311 2440 365 2471 42.
380 2450 484 2483 supra,
500 2439 599 2481 magis
621 2439 761 2481 placeret

66 2487 201 2512 emotum.

111 2523 153 2554 62
175 2525 274 2555 Sicubi
296 2526 420 2565 populus
443 2525 594 2556 Romanus
614 2536 667 2556 sua
687 2524 758 2567 far-

70 2571 145 2596 tuna
172 2568 261 2609 labet]
303 2568 405 2599 Recte
434 2568 557 2600 videtur
594 2567 760 2599 emendare

72 2608 223 2647 Clericus,
267 2611 366 2642 Sicubi
396 2613 502 2651 populo
542 2612 672 2642 Romano
708 2622 763 2642 sua

60 2651 193 2693 fimum
221 2654 305 2685 labet.
362 2655 469 2695 Atque
506 2654 538 2685 id
568 2653 695 2696 quidem
725 2663 761 2685 eo

71 2693 194 2726 facilius
215 2696 338 2727 admitti
361 2697 466 2733 debet,
483 2697 567 2738 quod
591 2697 628 2727 P.
643 2697 683 2727 R.
707 2702 762 2729 aut

71 2736 187 2768 additis
227 2739 370 2780 pauculis
414 2739 525 2771 litteris
563 2740 635 2780 Pop.
674 2739 761 2771 Rom.

73 2780 205 2812 scribere
220 2781 312 2823 vulgo
327 2783 480 2814 solebant.

114 2823 155 2853 63
191 2823 256 2854 Sint
285 2827 428 2866 cogitare]
464 2828 535 2857 Has
563 2826 641 2857 duas
670 2836 762 2857 voces

73 2865 180 2907 adjicit
195 2866 338 2906 Sigonius
354 2869 506 2909 explendo
522 2869 634 2900 sensui.

844 2223 885 2253 64
910 2222 1056 2253 Postremo
1078 2224 1122 2252 ita
1147 2222 1217 2252 bello
1239 2228 1267 2251 et
1287 2232 1358 2260 pace
1387 2220 1494 2260 quari]

802 2266 904 2296 Locus
934 2270 1112 2308 corruptus:
1145 2265 1234 2306 cujus
1255 2274 1381 2295 sensum
1404 2273 1498 2304 aegre,

802 2310 898 2340 verba
934 2308 1113 2339 nullomodo
1150 2307 1273 2349 assequi
1317 2317 1372 2337 nos
1409 2316 1498 2347 posse

802 2362 974 2394 speramus.
1019 2352 1167 2382 Ceterum
1182 2361 1220 2382 ex
1236 2349 1397 2393 particulis
1408 2351 1452 2379 ita
1463 2371 1471 2379 .
1489 2370 1499 2379 .

801 2401 837 2426 ut
862 2395 984 2426 videtur
1006 2394 1109 2425 inferri
1133 2405 1234 2436 posse,
1256 2392 1377 2434 aliquid
1399 2391 1499 2433 priore

803 2439 942 2469 membro
965 2437 1083 2468 dictum
1106 2437 1213 2473 fuisse,
1236 2436 1320 2478 quod
1343 2435 1499 2476 aliquate-

803 2490 862 2512 nus
890 2481 1106 2512 adversaretur
1133 2480 1171 2511 iis
1200 2490 1270 2521 quae
1299 2479 1332 2509 in
1361 2477 1500 2509 secundo

804 2525 943 2555 membro
958 2523 1123 2555 dicuntur:
1154 2533 1278 2565 prorsus
1293 2521 1383 2563 quasi
1406 2520 1497 2563 priori

805 2568 943 2598 membro
979 2567 1139 2609 praefixum
1169 2571 1250 2597 esset
1289 2564 1323 2596 w)
1359 2565 1499 2605 quamvis,

805 2609 894 2641 alteri
909 2617 1018 2642 tamen.
1063 2610 1177 2651 Itaque
1200 2608 1395 2651 suspicamur
1418 2607 1499 2636 hanc

804 2652 899 2684 fuisse
922 2652 1004 2684 Livii
1027 2658 1175 2689 mentem,
1191 2657 1227 2682 ut
1248 2650 1422 2692 significare
1444 2659 1498 2679 vo-

804 2696 908 2732 luerit,
929 2696 975 2727 ita
999 2695 1151 2738 potiorem
1177 2705 1244 2726 esse
1266 2694 1349 2725 bello
1375 2701 1499 2733 pacem,

803 2745 839 2769 ut
853 2744 959 2770 tamen
974 2741 1052 2770 inter
1066 2749 1160 2770 omnes
1180 2738 1341 2770 conveniat,
1355 2740 1410 2764 ete.

849 2783 890 2813 65
922 2782 1078 2820 sssinervoe,
1109 2793 1196 2821 quam
1224 2785 1324 2809 vocant
1353 2776 1499 2817 Alcidem]

808 2825 982 2856 Probabilis
997 2825 1120 2856 videtur
1142 2821 1278 2853 Turnebi
1304 2819 1499 2861 conjectura,

808 2868 861 2910 qui
884 2868 960 2907 legit
984 2869 1175 2901 Alcidemum‚
1193 2865 1224 2896 id
1249 2869 1305 2901 est,
1324 2863 1428 2906 populi
1452 2874 1498 2893 ro-
