1826 3149
340 87 419 129 5240
884 82 917 119 E
932 82 989 121 ΡΙ
1002 82 1035 121 Τ
1046 82 1083 120 Ο
1094 82 1137 120 Μ
1147 81 1196 119 AE

343 192 459 245 eique
469 197 643 245 propter
666 190 857 232 Cimbrici
885 192 980 232 belli
998 198 1139 232 metum
1159 192 1414 233 continuatus
1434 206 1512 246 per
1531 193 1749 246 complures

343 263 465 289 annos
485 249 750 303 magistratus
766 255 835 289 est
894 249 1072 289 Secundo
1089 256 1127 290 et
1141 250 1263 290 tertio
1279 251 1415 290 absens
1428 251 1564 291 consul
1577 256 1749 302 creatus,

344 312 527 359 quartum
546 307 790 346 consulatum
811 301 1109 346 dissimulanter
1128 312 1297 358 captans
1315 314 1539 348 consecutus
1559 314 1626 347 est.
1675 308 1749 348 Cn.

343 364 554 406 Domitius
568 363 757 416 pontifex
770 364 966 403 maximus
980 365 1126 415 populi
1139 361 1241 417 suffi
1244 364 1339 418 agio
1358 371 1515 406 creatus
1531 370 1601 404 est.
1645 364 1751 405 Cim-

345 420 423 468 bri,
446 421 615 460 vastatis
635 419 824 467 omnibus,
848 434 936 472 quce
950 420 1053 460 inter
1074 421 1314 461 Rhodanum
1329 428 1368 462 et
1386 423 1624 475 Pyrenaeum
1644 426 1749 471 sunt,

339 492 420 531 per
439 479 579 517 saltum
600 477 642 516 in
663 477 919 542 Hi'spanzam
948 479 1202 531 transgressi,
1224 478 1355 532 ibique
1375 481 1498 519 multa
1519 480 1606 519 loca
1621 492 1751 531 popu-

345 535 437 582 lati,
460 548 485 573 a
509 533 720 574 Celtiberis
729 533 882 588 fugati
907 541 1027 575 sunt:
1058 535 1273 589 rweversique
1301 537 1343 577 in
1367 537 1559 584 Galliam,
1590 535 1624 560 ⁸⁹
1640 536 1753 576 belli-

348 593 448 632 cosis
466 606 507 631 se
534 591 718 632 Teutonis
736 599 1037 645 coryunxerunt.

925 750 1177 804 LXVIII
1186 792 1196 802 .

401 878 465 918 M.
495 878 693 920 Antonius
716 886 873 932 praetor
891 881 936 924 in
970 880 1157 921 Ciliciam
1179 881 1402 921 maritimos
1424 881 1639 934 praedones
1662 895 1755 933 per-

347 942 500 976 secutus
530 943 600 977 est.
664 937 707 977 C.
742 937 901 978 Marius
929 939 1062 978 consul
1088 952 1237 978 summa
1267 938 1304 978 vi
1332 938 1563 992 obpugnata
1593 952 1619 978 a
1655 939 1755 978 Teu-

347 994 454 1033 tonis
483 999 522 1032 et
551 993 813 1034 Ambronibus
846 1001 980 1035 castra
1016 995 1211 1048 defendit.
1244 996 1393 1035 duobus
1424 995 1565 1035 deinde
1590 996 1755 1049 proeliis

346 1052 455 1090 circa
476 1050 615 1104 Aquas
631 1052 790 1092 Sextias
803 1065 869 1091 eos
888 1053 1016 1092 hostes
1030 1053 1189 1102 delevit,
1206 1052 1245 1092 in
1267 1053 1407 1106 quibus
1421 1066 1522 1093 ca’sa
1538 1053 1758 1092 traduntur

347 1108 517 1147 hostium
532 1109 703 1148 ducenta
717 1109 862 1157 millia,
879 1116 1000 1161 capta
1022 1109 1260 1163 nonaginta.
1310 1109 1473 1149 Marius
1487 1111 1624 1149 absens
1639 1111 1757 1163 quin-

348 1171 432 1204 tum
453 1166 588 1205 consul
614 1171 771 1205 creatus
791 1172 859 1205 est.
890 1166 1127 1218 triumphum
1157 1166 1345 1214 oblatum,
1367 1168 1489 1207 clonec
1518 1173 1556 1207 et
1580 1166 1758 1207 Cimbros

349 1222 536 1270 vinceret,
559 1223 733 1262 distulit.
796 1223 964 1275 Cimbri,
996 1223 1148 1275 repulso
1178 1224 1228 1262 ab
1259 1224 1427 1275 Alpibus
1443 1222 1671 1278 fugatoque
1704 1223 1756 1271 Q,

351 1279 498 1319 Catulo
520 1281 772 1332 proconsule,
796 1281 866 1334 qui
877 1281 1028 1335 fauces
1047 1281 1208 1333 Alpium
1230 1281 1449 1328 obsederat,
1471 1290 1509 1321 et
1531 1281 1586 1322 ad
1609 1281 1757 1334 flumen

350 1336 533 1375 Athesim
571 1338 773 1377 castellum
814 1339 962 1378 editum
1000 1338 1213 1386 insederat,
1244 1338 1546 1391 reliqueratque‚
1578 1337 1613 1362 9⁰
1625 1352 1755 1391 quum,

348 1394 498 1433 virtute
516 1408 589 1434 sua
609 1395 807 1446 expliciti,
821 1395 1051 1448 fugientem
1065 1396 1338 1448 proconsulem
1363 1396 1647 1448 eoeercitumque
1667 1409 1759 1434 con-

349 1452 485 1497 secuti,
522 1452 565 1491 in
596 1451 764 1491 Italiam
806 1452 1059 1504 trajecissent,
1078 1452 1238 1506 junctis
1271 1451 1443 1506 ejusdem
1477 1453 1608 1493 Catuli
1641 1458 1677 1491 et
1712 1452 1756 1492 C.

352 1507 493 1548 Marii
521 1508 769 1559 exercitibus,
785 1510 940 1561 preclio
955 1510 1054 1550 victi
1082 1515 1174 1550 sunt
1194 1510 1243 1549 ab
1263 1511 1321 1550 eis
1335 1527 1346 1548 :
1382 1510 1423 1549 in
1443 1524 1519 1563 quo
1548 1523 1650 1550 ccesa
1670 1515 1758 1549 tra-

351 1565 502 1605 duntur
524 1565 692 1605 bostium
719 1572 871 1606 centum
902 1568 1181 1620 quadraginta
1211 1567 1357 1616 millia,
1378 1573 1500 1620 capta
1529 1567 1757 1619 seoeaginta.

350 1621 382 1645 9¹
399 1621 578 1671 Marius,
602 1623 721 1662 totius
740 1622 918 1663 civitatis
937 1637 1126 1664 consensu
1145 1624 1339 1676 exceptus,
1349 1638 1431 1676 pro
1451 1624 1598 1663 duobus
1618 1623 1760 1664 trium·

343 1680 453 1732 phis,
472 1680 542 1732 qui
560 1678 853 1732 obferebantur,
867 1694 943 1720 uno
962 1687 1167 1721 contentus
1170 1681 1278 1734 ficit.
1337 1682 1546 1721 Primores
1565 1681 1759 1731 civitatis,

351 1736 419 1789 qui
439 1736 687 1790 aliquamdiu
718 1743 762 1776 ut
781 1751 880 1778 novo
901 1737 1059 1786 homini,
1083 1739 1136 1778 acl
1155 1744 1288 1778 tantos
1306 1738 1468 1778 honores
1488 1744 1630 1785 evecto,
1654 1738 1759 1778 invi-

351 1794 508 1843 (lerant,
525 1800 791 1834 conservatam
813 1795 863 1834 ab
884 1809 927 1835 eo
947 1795 1223 1847 rempublicam
1241 1793 1496 1847 fatebantur,
1554 1794 1764 1835 Publicius

354 1850 585 1898 Malleolus,
608 1857 737 1891 matre
765 1852 906 1900 occisa,
921 1853 1080 1905 primus
1101 1853 1255 1892 insutus
1280 1853 1401 1901 culeo,
1424 1853 1468 1892 in
1487 1866 1598 1892 mare
1611 1852 1760 1904 praeci-

350 1908 505 1960 pitatus
525 1914 595 1948 est.
657 1909 824 1950 Ancilia
852 1924 937 1950 cum
957 1909 1129 1963 strepitu
1158 1915 1264 1950 mota
1291 1923 1388 1961 esse,
1410 1908 1622 1963 antequam
1656 1909 1760 1949 Cim-

396 2064 437 2094 89
475 2063 620 2094 Bellicosis
656 2076 684 2095 se
715 2066 849 2095 Teutonis
879 2067 1033 2104 conjmzxe-

353 2107 441 2147 runt]
467 2106 612 2137 Bellicosis
634 2106 683 2138 hic
707 2108 764 2149 frig
767 2107 852 2138 idum
875 2113 931 2143 est,
948 2113 982 2138 ut
1004 2114 1036 2138 et

353 2150 419 2178 belli
445 2160 541 2185 causa,
566 2150 648 2190 quod
670 2150 829 2182 substituit
851 2150 1034 2182 Schefferus.

1077 2067 1158 2105 pium
1185 2067 1333 2102 obsidebat,
1354 2065 1473 2107 flumen
1501 2065 1628 2095 Athesim
1665 2071 1759 2095 trans*-

1075 2110 1165 2150 gressi
1190 2109 1338 2138 castellum
1364 2109 1484 2144 editum,
1508 2109 1582 2149 quod
1607 2109 1761 2147 insederat,

1077 2157 1112 2181 ut
1140 2152 1309 2191 reliquerat,
1339 2150 1507 2192 effecerunt.
1554 2161 1636 2190 quem
1665 2156 1761 2181 tamen

354 2191 437 2221 Libri
475 2197 506 2222 et
536 2198 611 2223 vett.
649 2193 719 2223 edd.
752 2195 814 2225 fere
853 2194 1034 2224 imbellicosis.

354 2235 530 2265 Gronovius
560 2235 704 2277 conjicit:
742 2237 932 2267 Ambronibus
953 2247 980 2267 se
1009 2243 1035 2266 et

357 2277 491 2307 'I'eutonis
513 2281 736 2318 conjunxerunt.
775 2280 867 2310 Certe
896 2278 929 2308 in
952 2278 1034 2320 Epit.

353 2320 495 2360 sequenti
524 2320 699 2352 Ambrones
729 2327 760 2352 et
783 2321 914 2352 Teutoni
945 2321 1036 2352 simul

354 2368 456 2393 castra
470 2363 566 2393 Marii
582 2374 775 2405 oppugnasse
791 2369 1008 2394 memorantur.

397 2405 439 2434 90
465 2405 564 2438 Quum
584 2408 693 2437 virtute
713 2418 767 2436 sua
788 2403 930 2448 expliciti]
952 2407 1037 2437 Vett.

354 2446 504 2478 editiones
541 2453 572 2477 et
600 2449 739 2490 plerique
762 2449 858 2479 MSS.
887 2450 1037 2488 eiplicata.

355 2489 495 2520 Mutavit
516 2490 670 2537 Sigonius,
688 2497 719 2521 et
734 2491 879 2532 intelligit
896 2492 1038 2523 Cimbros

354 2532 513 2563 obsidione
534 2533 622 2573 quasi
646 2534 750 2564 Catuli
773 2534 929 2567 liberatos.
973 2535 1036 2565 Ve-

354 2585 423 2606 rum
447 2575 564 2605 Cimbri
585 2581 652 2606 tum
666 2576 796 2607 victores
818 2587 879 2607 non
901 2577 1037 2618 explica-

354 2618 466 2648 bantur
492 2617 640 2659 periculo,
671 2619 726 2649 sed
759 2619 838 2650 ultro
866 2619 1038 2661 periculum

355 2670 392 2690 ac
451 2666 595 2691 terrorem
643 2661 796 2692 Romanis
854 2661 1037 2693 inserebant,

355 2703 552 2734 Membranae
575 2703 720 2745 quaedam
744 2704 922 2735 Gronovio
914 2715 1036 2746 mspec-

355 2750 397 2775 tae
426 2745 517 2786 longe
547 2746 641 2778 aliam
668 2746 833 2778 lectionem
868 2747 1034 2778 exhibent:

358 2788 477 2823 Cimbri,
506 2791 618 2829 repulso
653 2791 688 2820 ab
724 2790 842 2831 Alpibus
868 2790 1036 2831 fugatoque

359 2829 397 2864 Q.
430 2831 534 2862 Catulo
564 2834 741 2871 proconsule,
770 2835 819 2873 qut
846 2833 953 2873 james
981 2833 1034 2862 Al-

1078 2196 1187 2224 virtute
1213 2205 1267 2223 sua
1295 2195 1428 2233 explicita
1444 2194 1615 2235 fugientem
1639 2194 1761 2231 proconss

1078 2238 1168 2267 sulem
1197 2238 1406 2276 exercitumque
1434 2241 1598 2266 consecutus
1627 2241 1678 2266 est.
1723 2235 1762 2266 In

1080 2279 1199 2309 Italiam
1218 2291 1307 2319 (Ιιιιιιηγ
1329 2280 1430 2309 deinde
1445 2279 1631 2318 trajecissent,
1645 2279 1762 2319 junctis

1079 2324 1203 2361 ejusdem.
1221 2322 1321 2351 Catuli
1335 2323 1430 2360 copiis,
1446 2326 1507 2352 etc.
1553 2321 1645 2356 Haec,
1660 2320 1763 2361 inquit

1081 2364 1266 2399 Gronovius,
1289 2363 1432 2394 videntur
1459 2362 1587 2394 meliora
1615 2362 1762 2404 vulgatis,

1081 2407 1172 2438 modo
1194 2406 1309 2437 scribas
1330 2407 1517 2445 relinqueret,
1538 2411 1569 2435 et
1589 2404 1656 2442 illa,
1679 2415 1762 2445 quem

1081 2456 1187 2486 tamen,
1218 2449 1262 2480 sic
1291 2448 1425 2489 corrigas
1453 2454 1484 2479 et
1512 2448 1674 2490 suppleas:
1712 2449 1763 2488 qui

1081 2498 1177 2522 tumen
1204 2493 1236 2522 in
1264 2492 1378 2522 castello
1395 2490 1540 2532 fuerunt,
1570 2492 1679 2521 virtute
1709 2501 1763 2520 sua

1080 2536 1206 2573 eapliciti
1224 2533 1397 2576 fugientem
1424 2534 1620 2573 proconsulem
1654 2534 1761 2563 exerci-

1082 2583 1198 2625 tumque
1227 2578 1368 2607 consecuti
1387 2582 1467 2606 sunt.
1512 2575 1621 2616 Digna
1644 2586 1761 2606 memo-

1080 2619 1127 2650 ria
1154 2619 1262 2655 virtus,
1290 2618 1330 2649 de
1358 2629 1421 2659 qua
1450 2618 1511 2650 vid.
1534 2629 1563 2649 c.
1589 2620 1642 2650 50.
1672 2618 1762 2659 hujus

1081 2661 1162 2692 libri.

1123 2705 1160 2734 91
1195 2703 1311 2733 Marius
1345 2706 1431 2734 totius
1467 2705 1591 2734 civitatis
1627 2713 1762 2733 consensu

1079 2747 1223 2787 exceptus]
1249 2746 1380 2777 Videtur
1411 2747 1461 2777 hic
1491 2745 1610 2787 aliquid
1641 2745 1761 2776 deside-

1078 2789 1149 2825 rari,
1180 2789 1271 2830 quale
1300 2794 1381 2820 esset
1406 2800 1515 2820 summo
1541 2800 1608 2820 cum
1643 2789 1758 2826 honore,

1079 2832 1128 2863 vel
1144 2833 1286 2872 ingenti
1273 2832 1501 2867 matulaliorze.
