1816 3159
282 65 395 104 xcviii
797 60 1208 98 DISPUTATIO

342 174 455 215 Hinc
486 173 713 213 necessario
743 170 954 226 colligitur
984 171 1179 225 congium
1210 183 1401 225 capacem
1434 169 1560 210 fuisse
1589 184 1738 210 novem

285 230 576 274 tantummodo
598 230 797 270 librarum
820 227 1117 268 mensoriarum
1138 227 1232 277 olei,
1255 240 1351 282 quae
1377 225 1559 267 efficiunt
1581 234 1737 282 septem

288 290 414 330 libras
435 296 475 329 et
498 302 567 328 sex
591 286 731 327 uncias
753 284 905 341 pondo.
967 285 1106 333 Quum
1129 299 1228 340 ergo
1250 283 1432 324 ‹nn-avitas
1452 283 1640 339 specifica
1660 282 1738 323 olei

289 347 342 388 sit
363 345 416 386 ad
437 344 686 400 gravitatem
710 341 941 398 specificam
963 341 1065 390 vini,
1089 349 1134 382 ut
1154 343 1193 385 9.
1212 319 1274 382 aff
1287 342 1353 381 10.
1372 341 1557 396 sequitur
1576 339 1741 395 pondus

74 414 149 444 Vini
165 417 237 442 octo
291 403 376 444 vini
398 401 546 456 congio
567 399 750 441 contenti
772 399 899 439 fuisse
919 406 1013 438 octo
1033 397 1233 438 librarum
1255 407 1295 439 et
1312 406 1491 452 quatuor
1511 397 1742 445 unciarum,

75 460 171 487 'ihm
188 465 263 494 ΡΜ·
293 460 379 501 sive
399 467 564 499 centum
587 456 802 497 unciarum
830 454 985 511 pondo,
1007 469 1088 495 non
1119 463 1284 496 centum
1305 463 1346 496 et
1367 455 1533 511 viginti,
1557 462 1604 494 ut
1623 462 1745 494 antea

76 503 119 530 do
134 504 164 528 et
181 508 259 536 qua·
395 516 402 523 .

77 550 149 572 mo,-
162 550 280 571 unt-ms.
294 516 498 557 creditum
519 514 667 555 fuerat.

78 587 150 620 Quo
167 593 260 612 sensu
353 574 542 622 Quonam
563 571 688 612 modo
708 570 839 626 igitur
860 569 1032 624 congius
1053 567 1135 609 dici
1157 576 1294 625 potest
1316 569 1446 610 decem
1473 569 1606 622 pondo
1634 570 1745 609 esse?

78 627 274 686 ωὓὲἶυῗᾱῑ·
297 631 472 671 Necesse
501 636 562 669 est
590 628 715 677 enim,
740 635 784 668 ut
814 626 913 667 huic
941 626 1088 667 formae
1119 625 1330 681 loquendi,
1353 641 1479 681 quam
1508 624 1750 666 indubitata

80 677 272 743 ξῗὲι-,ῃάξζῖἰῖ
297 685 559 740 antiquitatis
580 693 850 726 monumenta
869 691 1089 733 testantur,
1112 698 1186 724 sua
1206 691 1365 725 constet
1385 684 1548 724 veritas.

83 758 198 795 pondo.
356 741 500 784 Primo
528 742 841 783 observabimus
871 755 945 781 nec
975 741 1199 781 mensorias
1228 740 1370 781 decem
1399 740 1541 790 libras,
1570 754 1645 780 nec
1680 738 1752 780 de-

298 815 386 841 cem
417 798 543 840 libras
572 798 713 854 pondo
734 798 819 838 vini
849 806 1064 839 contentas
1093 798 1241 853 congio
1270 796 1409 838 fuisse.
1469 797 1566 837 Non
1592 811 1752 837 menso-

298 858 380 899 rias
401 856 543 897 decem
564 855 703 896 libras.
764 855 874 896 Nam
896 853 1022 895 libras
1043 854 1121 895 olei
1149 854 1373 896 mensorias
1393 868 1540 895 novem
1562 852 1751 908 capiebat

299 913 487 971 congius,
510 920 556 954 ut
578 912 770 953 vidimus.
832 912 1037 967 Liquores
1058 920 1197 953 autem
1218 911 1369 953 mutati
1397 925 1479 952 non
1499 918 1664 951 mutant
1683 924 1754 950 va-
1811 912 1812 915 ’

301 972 355 1011 sis
376 986 423 1011 ca
455 970 660 1010 acitatem.
722 970 818 1010 Non
840 969 981 1010 decem
1010 969 1135 1009 libras
1156 969 1240 1009 vini
1262 967 1413 1025 pondo.
1474 968 1644 1008 Etenim
1666 981 1755 1022 sep-

301 1038 385 1069 tem
407 1043 431 1068 o
450 1028 486 1068 ei
503 1025 629 1067 libras
645 1027 785 1082 pondo
801 1040 895 1067 cum
917 1026 1081 1067 semisse
1102 1026 1351 1067 continebat.
1412 1026 1530 1080 Ergo
1550 1032 1597 1066 ut
1613 1024 1754 1064 decem

302 1085 428 1125 libras
450 1083 590 1140 pondo
611 1084 696 1124 vini
718 1084 962 1133 contineret,
980 1099 1141 1124 necesse
1162 1091 1283 1132 esset,
1301 1091 1346 1123 ut
1363 1082 1547 1137 gravitas
1567 1081 1646 1123 olei
1668 1095 1756 1136 spe—

303 1141 420 1182 cifica
440 1150 544 1182 esset
566 1140 620 1181 ad
639 1141 890 1196 gravitatem
913 1141 1013 1189 vini,
1040 1148 1084 1181 ut
1106 1142 1144 1181 3.
1167 1140 1220 1181 ad
1243 1141 1280 1180 4.
1304 1139 1416 1195 quod
1437 1147 1579 1195 aperte
1606 1137 1755 1179 falsum

305 1207 378 1239 est.

364 1255 458 1295 Hoc.
486 1270 586 1309 ergo
616 1268 734 1294 sensu
757 1253 975 1295 dicebatur
1004 1253 1178 1308 congius
1207 1269 1293 1294 esse
1323 1253 1465 1294 decem
1486 1252 1572 1293 vini
1602 1251 1759 1308 pondo,

306 1311 418 1367 quod
449 1310 652 1367 ejusmodi
683 1311 847 1368 pondus
878 1312 962 1351 vini
994 1320 1174 1365 caperet,
1204 1310 1316 1364 quod
1345 1325 1421 1366 par
1450 1316 1555 1350 esset
1585 1308 1760 1365 ponderi

306 1370 448 1410 decem
480 1368 680 1409 librarum
712 1367 790 1408 olei
822 1368 1132 1409 mensoriarum.
1196 1367 1328 1408 Libra
1356 1366 1435 1407 olei
1465 1366 1670 1407 mensoria
1700 1373 1761 1406 est

306 1426 523 1467 unciarum
551 1424 692 1480 pondo
713 1425 869 1466 decem.
932 1425 1087 1466 Decem
1117 1425 1250 1479 igitur
1271 1424 1390 1466 librae
1421 1423 1653 1473 mensoriae,
1676 1423 1762 1463 sive

311 1491 477 1524 centum
499 1489 540 1522 et
561 1482 712 1537 viginti
736 1483 870 1523 unciae
899 1482 1114 1523 mensoriae
1136 1479 1215 1522 olei
1238 1489 1408 1535 aequant
1435 1488 1602 1522 centum
1623 1480 1763 1521 uncias

312 1539 471 1597 pondo:
505 1539 618 1594 quod
638 1539 775 1594 ipsum
797 1548 858 1581 est
879 1539 965 1580 vini
986 1539 1134 1595 congio
1154 1539 1337 1580 contenti
1358 1537 1533 1594 pondus.

97 1605 291 1636 Ratiolibrae
372 1598 495 1638 Nunc
516 1598 605 1660 jam
633 1595 753 1637 facile
781 1605 842 1638 est
870 1597 1071 1637 rationem
1096 1596 1215 1636 librae
1244 1597 1447 1637 Romanae
1473 1595 1614 1651 pondo
1641 1594 1694 1635 ad
1719 1593 1767 1634 li-

99 1652 255 1732 ἓέῐᾞῖζῇ
270 1654 432 1718 'i-bram
457 1653 729 1693 Parlsiensem
751 1669 1007 1709 cognoscere.
1071 1654 1257 1709 Congius
1277 1662 1443 1694 centum
1467 1652 1606 1692 uncias
1626 1650 1769 1707 pondo

100 1738 189 1765 bram
209 1734 296 1762 Pari·
317 1711 401 1752 vmi
424 1710 674 1751 continebat.
737 1710 856 1751 Idem
873 1711 1044 1766 congius
1059 1725 1167 1765 aqua
1186 1711 1358 1751 fontana
1376 1709 1522 1765 plenus
1538 1708 1768 1764 diligentis-

101 1778 250 1807 sisensem.
319 1768 419 1808 sime
440 1782 646 1823 appensus
667 1767 719 1807 ab
742 1767 968 1808 clarissimo
1000 1768 1203 1818 Auzutio,
1224 1768 1418 1808 inventus
1448 1775 1509 1808 est
1539 1774 1705 1807 centum
1726 1772 1767 1805 et

318 1834 412 1866 octo
434 1824 574 1864 uncias
606 1824 855 1864 Parisienses
885 1824 996 1865 illius
1016 1839 1136 1880 aquae
1166 1825 1376 1866 continere
1405 1838 1499 1865 cum
1527 1832 1699 1879 septem,
1722 1830 1768 1862 ut

319 1890 483 1930 vocant,
495 1882 659 1934 grossis,
679 1889 719 1921 et
735 1881 874 1936 granis
890 1890 983 1922 octo
999 1896 1125 1937 supra
1140 1881 1429 1937 quadraginta.
1491 1880 1604 1920 Hinc
1627 1879 1769 1921 statim

319 1946 492 1994 apparet
515 1937 677 1978 unciam
700 1938 931 1978 Romanam
953 1940 1184 1993 graviorem
1206 1939 1333 1979 fuisse
1355 1938 1475 1979 uncia
1496 1936 1730 1978 Parisiensi.

380 1994 461 2035 Sed
492 1995 683 2035 observat
713 1994 823 2035 idem
846 1996 909 2035 vir
936 1995 1199 2046 clarissimus,
1223 2010 1344 2051 quem
1374 1995 1442 2036 hic
1471 2003 1681 2036 auctorem
1712 2008 1772 2033 se-

323 2052 503 2106 quimur,
537 2051 787 2102 Labarreus,
809 2051 1068 2107 aliquantum
1096 2068 1147 2094 ex
1168 2053 1240 2094 illo
1270 2052 1452 2109 pondere
1482 2052 1597 2108 quod
1627 2051 1772 2106 depre-

322 2108 467 2150 hendit
497 2109 829 2149 accuratissimus
859 2110 1072 2152 Auzutius
1103 2110 1406 2152 detrahendum
1436 2125 1537 2159 esse,
1560 2117 1606 2150 ut
1627 2122 1771 2148 verum
1815 2112 1816 2119 ¹

319 2165 567 2206 inveniatur.
629 2166 814 2216 Etenim,
838 2167 870 2207 si
892 2182 957 2207 res
977 2167 1031 2208 ad
1052 2181 1255 2208 summam
1283 2166 1543 2223 diligentiam
1564 2165 1774 2220 exigatur,

320 2231 361 2264 et
382 2222 516 2263 omnis
536 2236 643 2277 aqua
664 2223 806 2264 vinum
828 2223 1012 2278 pondere
1042 2233 1224 2280 superat,
1247 2232 1288 2266 et
1309 2238 1418 2278 aqua
1446 2223 1618 2264 fontana
1637 2221 1773 2261 fiumi-

322 2293 440 2319 neam
471 2294 640 2334 aquam:
688 2289 729 2321 ct
759 2288 963 2336 praeterea
997 2282 1168 2338 congius
1205 2281 1483 2322 Farnesianus
1515 2280 1569 2320 ob
1604 2278 1774 2320 nimiam
1815 2279 1816 2310 ἶ

324 2344 574 2377 vvetustatem
605 2337 853 2391 quibusdam
885 2338 1060 2379 sinuosis
1088 2338 1358 2380 amfractibus
1388 2345 1626 2385 excavatus,
1656 2349 1780 2390 capa-
1814 2357 1816 2373 s

328 2393 413 2432 cior
428 2393 517 2448 jam
538 2394 753 2448 aliquanto
772 2394 907 2435 factus
928 2404 1004 2446 est,
1026 2410 1150 2451 quam
1171 2395 1366 2452 primitus
1385 2395 1533 2436 fuerat.

389 2450 472 2488 Hae
501 2465 641 2491 onmes
676 2465 811 2492 causae
840 2452 882 2492 in
920 2466 1047 2493 unum
1083 2461 1355 2507 congruentes
1390 2465 1472 2492 non
1507 2449 1639 2490 levem
1674 2448 1776 2489 visae

333 2513 429 2546 sunt
449 2506 779 2548 imminutionem
800 2508 1021 2563 postulare.
1085 2510 1234 2564 Itaque
1260 2509 1366 2550 libra
1386 2508 1591 2557 Romana,
1613 2520 1722 2562 quae,
1743 2506 1778 2546 si

332 2562 437 2602 nihil
457 2562 737 2604 discederetur
757 2565 809 2604 ab
830 2566 1013 2620 pondere
1042 2566 1299 2615 Auzutiano,
1320 2573 1426 2606 esset
1448 2564 1660 2605 unciarum
1687 2578 1779 2603 nos-

334 2629 491 2660 trarum
521 2620 717 2660 tredecim
745 2635 838 2660 cum
859 2623 998 2676 granis
1029 2624 1094 2663 43.
1117 2638 1142 2663 a
1161 2622 1399 2663 doctissimo
1429 2621 1641 2662 Labarreo
1669 2620 1780 2661 aesti-

334 2683 472 2717 matur
499 2677 630 2717 unciis
660 2677 961 2719 Parisiensibus
989 2679 1209 2719 duodecim
1239 2686 1402 2720 tantum
1433 2693 1526 2719 cum
1557 2678 1784 2726 semuncia,

336 2732 420 2773 sive
440 2734 578 2788 granis
600 2734 693 2774 9288.
715 2734 775 2785 ita
796 2743 841 2775 ut
864 2735 984 2776 uncia
1005 2736 1194 2776 Romana
1214 2750 1289 2791 par
1310 2735 1436 2777 fuerit
1463 2735 1603 2791 granis
1623 2742 1780 2775 nostra-

336 2790 448 2830 tibus
469 2788 563 2830 600.
587 2805 680 2846 quae
710 2789 804 2833 576.
828 2793 990 2833 unciam
1021 2801 1247 2834 nostratem
1276 2792 1472 2835 efficiunt.
1530 2792 1674 2846 Atque
1704 2790 1785 2832 hac
