1816 3159
271 84 349 119 380

263 190 431 219 Pastorum
446 187 556 218 habitu
572 187 700 221 milites,
718 190 749 217 9.
768 191 797 214 Ω.
819 190 868 222 lo,
887 189 917 215 4.

263 236 452 270 Patara‚33,
464 236 514 261 41.
524 235 578 265 37,
595 235 642 261 17.
654 233 747 267 caput
757 229 872 267 Lyciae,
893 233 949 265 37,

311 280 359 305 15.
377 279 405 305 et
421 279 472 305 45.
489 274 553 303 vid.
569 276 596 302 e!
611 278 666 309 38,
682 278 734 303 39.

263 319 442 352 Patavium,
464 322 515 354 10,
533 321 562 345 2.
580 316 698 345 Patavii
722 315 947 344 monimentum

305 360 425 392 navalis
441 369 555 400 pugnat
566 365 597 388 et
613 359 750 387 victoriae
766 359 803 387 de
819 358 946 393 Graecis,

304 406 446 435 sollemni
464 403 623 432 certamini
636 406 805 438 exercetur,
824 402 903 432 ibid.

264 449 484 477 Patavinorum
503 446 626 481 seditio,
640 449 694 481 111,
705 450 755 474 32.

263 492 430 521 l‘atavinos
445 499 563 527 semper
577 489 607 517 in
622 489 714 517 armis
723 488 840 517 habent
850 485 946 521 Galli,

311 540 361 569 10,
379 539 409 564 2.

262 580 354 607 Pater
369 578 508 617 patratus
525 575 606 614 quis,
623 577 655 603 et
670 573 736 611 ejus
749 573 896 609 officinm,
916 577 946 609 1,

307 625 359 650 24.

265 666 386 694 Patrem
403 664 576 700 sequuntur
592 660 691 693 liberi,
707 664 739 695 4,
753 663 784 688 4.

262 710 364 743 Patre,
374 707 427 744 qui
439 705 537 735 curuli
552 703 628 732 sella
636 703 762 738 sederit,
779 703 849 731 vivo
865 700 946 731 filius

305 759 405 788 neque
428 749 588 784 tribunus,
614 756 712 785 neque
735 746 832 774 aedilis
849 746 946 784 plebis

301 793 371 830 jure
387 802 452 821 esse
468 794 583 830 potest,
600 794 652 823 27,
671 793 722 818 21.
737 793 791 823 30,
814 794 861 819 19.

262 838 367 866 Patres
384 836 422 865 ab
440 836 557 864 honore
572 833 717 872 appellati
731 836 902 868 senatores,
918 835 946 869 1,

307 885 336 908 8.
354 889 408 908 cur
424 878 590 915 conscripti
608 877 695 913 dicti,
723 880 754 909 2,
780 880 807 905 1.
831 875 901 903 lecti
929 884 947 903 a

306 923 441 952 Romulo
458 922 558 960 primo
576 924 716 955 centum,
737 923 764 953 1,
781 924 808 946 8.
825 918 909 947 aucti
925 927 943 947 a

304 965 475 1003 Tarquinio
490 963 742 999 l’risco‚adscitis
752 967 876 991 centum
890 970 945 990 no-

306 1010 364 1045 vis,
380 1007 654 1045 l‚.‘35.Tarquinins
666 1005 835 1044 Superbus,
845 1005 944 1034 immi-

306 1056 385 1081 nuto
401 1061 453 1090 per
469 1051 565 1080 caedes
581 1054 613 1078 et
628 1050 734 1078 exsilia
747 1050 870 1077 Patrum
890 1057 944 1076 nu-

305 1105 403 1132 mero,
419 1095 531 1123 statuit
548 1094 649 1122 nullos
665 1093 696 1121 in
711 1094 816 1121 Patres
833 1092 943 1129 legere,

306 1148 368 1176 quo
392 1137 579 1166 contemtior
602 1136 758 1174 paucitate
780 1136 848 1172 ipsa
870 1135 944 1162 ordo

307 1183 373 1216 fiat,
389 1186 438 1211 49.
450 1181 484 1209 L.
496 1181 615 1209 Brutus
628 1180 752 1207 Pati-um
768 1186 944 1211 numerum,

304 1224 493 1263 primoribus
510 1223 661 1260 equestris
671 1222 781 1256 gradus
796 1221 896 1256 lectis,
907 1221 944 1249 ad

305 1270 513 1296 trecentorum
527 1274 677 1294 summam
692 1265 946 1302 exp'et,2‚1.post

307 1313 502 1339 Cannensem
526 1317 676 1346 pugnam,
699 1316 793 1344 quum
819 1310 943 1335 senatus

306 1355 342 1382 ad
360 1353 512 1390 insignem
527 1352 716 1390 paucitatem
740 1351 882 1378 redactus
899 1359 945 1377 es-

306 1401 364 1430 sct,
393 1400 518 1424 centum
550 1393 750 1432 septuaginta
779 1397 894 1431 septem
927 1402 945 1421 a

305 1441 449 1468 Buteone
460 1439 610 1468 dictatore
621 1438 652 1466 in
666 1438 769 1465 Patres
783 1437 942 1474 leguntur,

307 1487 359 1516 ⁴23,
378 1486 429 1511 22.
446 1486 472 1510 et
489 1485 541 1510 23.

352 1526 383 1554 in
410 1526 515 1554 Patres
538 1523 607 1552 lecti
625 1523 779 1561 principes
805 1521 944 1550 Albano-

308 1579 388 1605 rum,
407 1572 438 1604 1,
454 1571 505 1596 30.
519 1568 622 1595 Patres
635 1567 790 1594 minorum
805 1565 943 1599 gentium

307 1616 359 1640 35.
377 1614 455 1640 Atta
472 1610 602 1640 Clausus
619 1611 651 1637 in
669 1610 774 1637 Patres
790 1608 945 1644 lectus‚2‚

311 1658 358 1684 16.
382 1655 480 1692 prima
501 1653 619 1682 mentio
643 1653 724 1690 apud
741 1651 862 1680 Livium
879 1652 944 1689 ple-

307 1698 368 1727 beii
383 1696 548 1732 senatoris,
568 1700 600 1732 5,
620 1699 665 1723 12.
692 1699 817 1723 senatus
835 1695 872 1723 ab
885 1697 944 1732 Ap.

305 1740 449 1777 Claudio,
479 1739 694 1768 libertinorum
719 1738 788 1766 filiis
813 1738 943 1773 allectis,

305 1784 501 1822 inquinatus.
525 1786 558 1819 9,
583 1784 634 1811 46.
658 1781 729 1810 lecti
753 1780 785 1809 in
809 1782 912 1809 Patres
929 1789 946 1809 a

305 1828 449 1857 Buteone
460 1826 609 1855 dictatore
617 1824 754 1864 insignes
765 1824 857 1853 variis
866 1824 942 1853 titu-

306 1871 343 1900 lis
361 1870 430 1907 viri,
446 1874 500 1906 23,
517 1873 569 1898 23.

264 1914 407 1943 Patribus
423 1914 492 1942 loca
507 1913 539 1940 in
556 1911 636 1940 circo
661 1910 768 1943 divisa,
797 1914 824 1942 l.
841 1914 892 1939 35.
910 1909 943 1938 in

301 1955 534 1985 ludisRomanis
549 1956 693 1983 secretaa
703 1953 944 1991 populo.34,44.

263 2001 311 2030 lcx
337 2009 355 2028 a
371 1997 560 2028 Decemviris
589 1997 663 2031 lata,
687 2006 724 2025 ne
750 1995 943 2025 connubium

306 2042 448 2071 Patribus
473 2050 542 2070 cum
560 2040 646 2079 plebe
662 2045 755 2076 esset,
783 2043 814 2075 4,
830 2043 858 2067 5.
886 2038 943 2067 ite-

304 2095 372 2115 rum
389 2085 552 2122 abrogata,
576 2085 666 2111 1--6.

265 2131 369 2159 Patres
380 2129 576 2158 tribunatum
593 2134 699 2165 capere
720 2124 941 2164 prohibentur,

306 2176 337 2208 ρ,
353 2176 405 2201 38.

263 2218 389 2246 Patrum
406 2223 440 2242 ac
464 2213 560 2251 plebis
583 2211 763 2245 certamina,
790 2220 941 2239 venenum

306 2258 390 2287 urbis
406 2256 525 2293 Romae,
542 2261 573 2287 3.
592 2259 643 2286 67.

262 2304 389 2331 Patrum
421 2299 618 2337 indulgentia
649 2299 681 2327 in
706 2297 837 2336 plebem,
864 2300 895 2332 2,
912 2300 940 2326 9.

307 2345 368 2374 vid.
385 2343 522 2379 Patricii,
535 2344 710 2375 Senatores
728 2341 869 2368 Senatus.

263 2389 388 2417 Patrum
402 2386 543 2423 juniores
567 2385 717 2414 resistunt
739 2382 888 2418 tribunis,
906 2386 940 2419 3,

309 2429 496 2465 14.injurias
505 2429 602 2457 facere
612 2427 767 2465 incipiunt
778 2425 874 2463 plebi,
888 2428 941 2454 65.

262 2475 386 2508 Patera,
408 2481 443 2500 cx
468 2471 604 2508 quinque
628 2470 731 2508 pondo
755 2468 820 2496 auri
846 2468 941 2505 facta,

307 2516 370 2554 regi
388 2514 667 2553 Syphacimittitur
683 2514 780 2547 dono,
799 2514 852 2546 27,
869 2515 898 2539 4.

262 2561 403 2589 Pateram
420 2566 543 2587 auream
569 2556 743 2585 Masinissae
767 2555 862 2582 donat
879 2554 943 2582 Sci·

307 2603 371 2639 pio,
393 2605 448 2636 30,
469 2605 516 2629 15.

264 2647 380 2675 Paterae
395 2649 457 2673 tres
472 2652 581 2673 aureae.
597 2651 666 2670 cum
689 2641 784 2669 titulo
807 2639 942 2667 nominis

309 2687 444 2721 Camilli,
460 2687 493 2715 in
506 2686 594 2716 Jovis
608 2685 683 2714 cella
698 2688 771 2712 ante
786 2683 875 2721 pedes
885 2683 944 2710 Ju-

308 2732 398 2761 nonis
415 2732 535 2768 positae,
552 2731 584 2765 6,
597 2734 627 2758 4.

265 2775 384 2804 Paterae
400 2782 497 2802 aure-:e
511 2783 546 2801 ex
556 2770 747 2801 rnulctaticia
762 2768 893 2808 pecunia
906 2767 942 2796 ad

309 2817 426 2847 Cereris
443 2816 564 2855 positae,
582 2819 631 2849 10,
650 2818 700 2843 23.

723 76 897 113 INDEX
927 73 986 112 IN
1018 75 1066 112 Τ.
1096 72 1229 110 LlVII

993 183 1110 213 Paterae
1127 183 1268 212 ducentae
1285 184 1484 223 septuaginta
1492 193 1543 213 sex
1558 191 1671 217 aureae,

1033 230 1126 265 capta
1164 226 1338 265 Catliagine
1368 236 1460 263 nova,
1499 227 1602 256 relatae
1632 227 1670 255 ad

1034 269 1225 308 Scipionem,
1238 272 1293 305 26,
1307 274 1359 300 47.

992 311 1119 341 Poteras
1135 321 1242 342 aureas
1266 313 1360 351 legati
1383 322 1401 342 a
1422 315 1524 344 Paesto
1540 313 1671 342 Romam

1035 356 1192 392 adferunt,
1208 361 1262 394 22,
1278 358 1329 385 86.

991 399 1104 434 Patrae,
1133 400 1206 428 urbs
1231 399 1370 437 Achaiae,
1396 404 1451 437 27,
1469 404 1520 430 29.
1549 403 1603 435 36,
1620 404 1672 429 21.

1034 446 1089 477 38,
1105 445 1156 472 29.

992 485 1106 519 Patria,
1125 494 1186 514 non
1203 488 1277 514 sunt
1301 488 1383 514 tecta
1405 485 1503 521 urbis,
1521 488 1553 514 ct
1579 485 1673 514 turba

1034 528 1178 564 imbellis,
1195 529 1245 557 sed
1258 529 1409 565 juventus
1427 529 1581 562 militaris,
1598 534 1670 565 9,4.

990 571 1101 600 Patriae
1117 571 1227 600 caritas
1250 581 1303 610 per
1317 581 1423 600 omnes
1447 572 1571 600 ordines
1587 573 1672 601 velut

1035 623 1097 643 uno
1109 617 1217 643 tenore
1233 615 1403 652 pertinens,
1420 618 1474 653 23,
1490 619 1542 645 49.

990 657 1113 687 Patricii
1126 659 1209 687 unde
1218 656 1382 695 appellati?
1394 663 1422 695 1,
1436 663 1462 686 8.
1472 658 1535 688 vid.
1547 660 1575 686 et
1591 662 1670 692 10‚8-

1011 718 1054 725 -—
1069 701 1283 740 gloriabantur
1293 711 1385 740 penes
1397 711 1428 730 se
1441 701 1579 739 auspicia
1591 711 1670 738 esse,

1033 753 1064 773 se
1081 745 1164 773 solos
1172 748 1294 779 gentem
1310 744 1433 781 habere,
1446 745 1602 782 etjustum
1615 745 1671 773 im-

1033 788 1153 825 perium
1178 792 1209 816 et
1233 788 1404 825 auspicium
1432 788 1514 817 domi
1537 788 1670 817 militiae-

1033 834 1176 867 que,10,
1196 835 1224 859 8.
1242 830 1304 860 vid.
1321 833 1348 860 et
1365 834 1398 866 6,
1416 835 1468 860 41.
1484 836 1516 867 3,
1536 836 1561 860 l.
1579 835 1610 868 7,
1626 834 1656 860 6.

990 873 1139 903 Patricios
1156 874 1236 902 inter
1252 878 1282 902 et
1304 873 1439 911 plebeios
1455 880 1610 903 certamen
1634 874 1671 903 dc

1034 917 1211 953 consulatu,
1236 921 1267 950 4,
1288 920 1314 946 1.
1337 921 1368 945 et
1393 926 1475 955 seqq.
1505 918 1669 947 diremtum

1031 960 1187 988 creatione
1203 960 1398 988 tribunorum
1414 960 1546 989 militum
1559 969 1672 989 consu-

1032 1003 1086 1031 lari
1104 1006 1270 1041 potestate,
1287 1004 1460 1041 promiscue
1476 1013 1511 1032 ex
1528 1003 1671 1032 Patribus

1031 1051 1063 1074 et
1078 1047 1165 1084 plebe
1177 1047 1410 1082 sumendorum,
1428 1049 1456 1075 6.
1473 1051 1669 1081 renovatum,

1003 1126 1006 1130 ἱ
1033 1091 1064 1122 6,
1080 1093 1133 1119 34.
1150 1094 1179 1117 et
1191 1099 1267 1128 seqq.
1284 1089 1454 1118 vincuntur
1470 1090 1605 1126 Panion,
1618 1094 1670 1119 42.

1032 1133 1176 1161 adversus
1186 1133 1283 1170 legem
1295 1133 1443 1161 Liciniam
1458 1133 1593 1162 Sextiam
1607 1134 1670 1162 duo

1033 1175 1160 1204 l'atricii
1172 1177 1313 1204 consules
1327 1177 1434 1212 creati,
1448 1181 1478 1212 7,
1498 1180 1667 1213 18.19,22.

1032 1221 1082 1249 24.
1095 1223 1125 1247 et
1142 1223 1192 1248 28.
1203 1219 1281 1247 idem
1299 1219 1414 1247 frustra
1429 1222 1600 1257 tentatum,
1616 1223 1668 1256 10,

1040 1265 1087 1290 15.

985 1303 1109 1332 Patrieii
1142 1307 1305 1341 praeturam
1349 1308 1380 1332 et
1407 1304 1585 1333 aedilitatem
1615 1314 1669 1333 cu-

1032 1347 1141 1381 rulem,
1161 1356 1215 1385 pro
1231 1356 1377 1375 concesso
1394 1347 1473 1385 plebi
1491 1349 1586 1376 altero
1596 1357 1668 1376 con·

1030 1390 1147 1424 sulam,
1164 1389 1222 1418 sibi
1239 1394 1395 1427 quaerunt,
1408 1393 1440 1425 6,
1459 1395 1509 1420 42.
1526 1395 1557 1426 7,
1577 1394 1603 1418 1.

987 1433 1192 1462 Patriciorum
1209 1437 1266 1467 est,
1284 1434 1412 1471 prodere
1427 1434 1625 1472 interregem,
1639 1436 1668 1468 6,

1031 1480 1083 1504 41.

989 1519 1128 1548 Patriciis
1142 1517 1253 1557 plebeii
1265 1519 1462 1555 magistratus
1473 1528 1534 1548 non
1545 1523 1667 1557 parent,

1030 1567 1061 1595 4,
1087 1567 1138 1591 25.
1173 1562 1299 1591 Patricii
1335 1563 1570 1600 consularesque
1607 1563 1668 1592 duo

1029 1606 1147 1634 tribuni
1164 1606 1272 1644 plebis,
1289 1610 1321 1639 3,
1339 1607 1390 1634 65.

988 1648 1139 1678 Patricios
1156 1649 1238 1677 inter
1254 1652 1285 1677 et
1309 1648 1443 1687 plebeios
1459 1652 1614 1678 certamen
1632 1649 1668 1677 de

1031 1692 1221 1727 sacerdotiis,
1243 1696 1292 1729 10,
1311 1695 1342 1722 6.
1359 1696 1388 1720 et
1402 1701 1478 1730 seqq.
1495 1692 1556 1721 vid.
1571 1696 1600 1721 et
1614 1696 1668 1728 27,

1033 1740 1059 1764 8.

988 1779 1025 1808 de
1054 1778 1258 1807 Patriciorum
1296 1777 1439 1816 superbia
1470 1781 1501 1806 et
1538 1777 1666 1807 libidine

1031 1819 1173 1858 querelae,
1189 1825 1222 1857 4,
1237 1825 1329 1850 3-5,
1348 1823 1379 1857 6,
1394 1823 1445 1849 86.
1463 1825 1493 1849 et
1507 1825 1558 1851 37.

987 1864 1112 1894 Patricii
1134 1864 1166 1892 in
1190 1873 1258 1893 arce
1274 1867 1328 1893 aut
1351 1863 1505 1902 Capitolio
1528 1863 1668 1892 habitare

1030 1907 1134 1943 vetiti,
1152 1909 1183 1940 6,
1195 1911 1245 1936 20.

987 1951 1112 1979 Patricii
1130 1951 1344 1989 magistratus,
1356 1951 1387 1980 6.
1406 1953 1458 1977 41.

986 1993 1125 2023 Patricia:
1142 1994 1301 2022 Pudicitiae
1316 1992 1474 2027 sacellum,
1490 1996 1539 2025 10,
1557 1997 1608 2020 23.

987 2036 1114 2066 Patrimi
1130 2041 1161 2065 et
1176 2037 1311 2066 matrimi
1325 2036 1362 2065 ad
1378 2036 1560 2064 sacrificium
1577 2035 1664 2064 adhi-

1030 2080 1099 2112 biti,
1117 2084 1172 2117 37,
1189 2085 1218 2109 3.
1478 2074 1486 2088 '

987 2123 1143 2152 Patrocles
1158 2122 1400 2161 Antigonensis,
1417 2121 1579 2160 praefectus
1596 2121 1666 2149 Per-

1031 2166 1086 2201 sei,
1102 2170 1155 2202 42,
1169 2171 1220 2196 58.

990 2209 1129 2245 Paullus,
1144 2209 1205 2238 vid.
1222 2208 1375 2238 AEmilius.

988 2253 1165 2290 Paupertati
1197 2253 1296 2280 honos
1323 2251 1448 2280 habitus
1481 2250 1513 2279 in
1538 2249 1664 2277 civitate

1031 2296 1185 2333 Romana,
1202 2295 1289 2324 Praef.
1303 2294 1371 2325 Liv.
1388 2297 1419 2328 2,
1441 2295 1488 2323 16.
1504 2296 1599 2328 33.3‚
1611 2294 1663 2321 26.

1027 2343 1057 2367 ct
1073 2343 1125 2370 27.

986 2382 1166 2414 Pausanias,
1183 2384 1296 2419 praetor
1310 2381 1521 2418 Epirotarum,
1542 2381 1598 2415 32,
1614 2382 1661 2406 10.

987 2425 1167 2460 Pausanias,
1183 2425 1244 2453 dux
1256 2424 1462 2456 Pheraeorum,
1478 2423 1532 2455 36,
1548 2425 1576 2450 9.

986 2468 1207 2501 Pausistratus,
1231 2470 1345 2505 praetor
1380 2464 1585 2497 Rhodiorum,
1607 2469 1663 2499 33,

1032 2515 1080 2540 18.
1104 2511 1265 2549 praefectus
1287 2508 1405 2543 classis,
1427 2509 1480 2539 36,
1495 2511 1544 2536 45.
1560 2511 1614 2540 37,
1631 2510 1661 2536 9.

1028 2554 1213 2592 opprimitur
1235 2561 1253 2581 a
1288 2550 1488 2590 Polyxenida,
1511 2549 1662 2579 Antiochi

1028 2598 1186 2634 praefecto,
1199 2600 1252 2628 37,
1274 2598 1321 2623 10.
1341 2599 1388 2622 11.
1402 2597 1432 2621 et
1444 2597 1492 2622 12.

988 2639 1097 2668 Pavori
1122 2643 1211 2668 vovet
1228 2639 1332 2667 fanum
1356 2637 1465 2677 Tullus
1493 2634 1661 2668 Hostilius,

1034 2687 1062 2716 1,
1079 2687 1128 2713 27.

987 2726 1048 2753 Pax
1066 2725 1218 2759 Caudina,
1235 2730 1266 2759 9,
1284 2728 1312 2753 5.
1329 2728 1356 2752 et
1374 2725 1401 2752 6.

987 2768 1073 2796 Pacis
1086 2769 1279 2798 conditiones
1296 2776 1365 2796 cum
1393 2767 1510 2802 Poenis,
1528 2768 1581 2798 30,
1606 2765 1658 2791 37·

1030 2815 1059 2839 ct
1075 2816 1124 2840 43.
