1816 3159
287 88 365 122 334

329 192 444 232 accipit
463 202 481 221 a
507 193 656 224 Marcello
679 195 804 230 collega.
821 199 872 226 57.
897 195 975 224 redit

329 247 366 266 ex
382 237 489 266 Africa
503 237 675 274 Lilybaeum
688 239 823 273 graviter
839 239 973 271 saucius,

330 284 384 317 93,
407 285 453 309 11.
469 290 590 317 censor,
608 286 661 314 94,
685 285 731 310 11.
756 291 859 310 severe
883 282 974 310 casti-

329 329 382 358 gat
399 324 486 359 vitia,
507 327 554 352 18.
574 325 637 352 dies
653 324 679 352 ei
694 325 808 353 dicitur
825 335 841 353 a
857 325 889 352 L.
909 325 974 353 Me-

329 367 417 401 tello,
448 367 575 395 tribuno
605 366 716 404 plebis.
748 377 839 405 quem
867 372 975 396 senatu

330 415 481 451 moxjerat,
507 415 559 439 43.
584 419 665 438 mois
689 410 754 447 ejus
780 411 921 448 impedit,
939 420 975 439 ne

328 454 463 482 lustrum
479 453 668 490 perficiatur,
681 454 755 482 ibul.
768 463 867 492 augur
883 454 976 483 mori·

331 501 393 527 tur,
412 499 465 531 25,
481 500 509 524 2.

286 541 318 569 P.
337 539 449 568 Furius
466 539 588 575 Philus,
613 540 783 569 consularis
802 540 858 569 viri
882 540 975 576 filius,

332 587 386 618 ee,
402 587 452 611 53.

286 628 317 654 P.
336 626 447 655 Furius
460 625 697 663 Pliilus.praetor
709 631 842 663 creatus,
855 626 978 655 obtinet

331 669 519 706 Hispaniam
557 669 743 703 citeriorem,
767 673 822 704 41,
860 673 911 699 96.
936 670 974 699 ab

330 712 483 749 Hispanis
507 716 683 746 accusatus,
703 714 858 742 Praeneste
873 714 904 742 in
922 723 973 742 ex—

331 756 435 783 silium
453 755 531 790 abit,
548 759 602 790 43,
620 759 648 783 9.

288 797 471 832 Q.'Furius‚
497 798 641 836 pontifex
659 799 823 835 maximus,
844 799 974 836 jubetur

329 850 432 870 creare
445 841 588 870 tribunos
607 841 716 879 plebis.
733 847 764 877 3,
783 845 832 871 54.

288 884 358 913 Sex.
376 884 501 919 Furius,
517 885 640 920 consul,
659 889 691 919 2,
707 889 761 916 39.

289 928 340 965 Sp.
359 927 484 964 Furius,
499 928 621 965 consul,
639 931 669 959 2,
688 933 740 958 43.

289 971 340 1010 Sp.
360 971 486 1007 Furius,
502 972 627 1006 consul,
647 972 727 1000 male
751 981 814 1000 rem
831 972 909 1006 gerit
926 972 977 1000 ad-

331 1023 437 1043 versus
449 1015 580 1053 AEquos,
595 1017 626 1043 et
642 1015 673 1042 in
684 1016 792 1043 castris
803 1015 975 1051 obsidetur,

330 1061 362 1090 3,
377 1061 406 1086 4.
426 1066 444 1085 a
460 1057 496 1086 T.
516 1057 652 1089 Quintio
666 1058 828 1094 liberatur,
847 1062 875 1087 5.

288 1100 342 1139 Sp.
361 1100 486 1135 Furius,
503 1101 649 1129 tribunus
663 1101 798 1130 militum
821 1099 978 1130 consulari

332 1147 497 1182 potestate.
512 1146 543 1179 6,
562 1148 614 1172 31.

288 1186 340 1225 Sp.
359 1186 470 1216 Furius
489 1188 531 1216 M.
544 1187 576 1215 F.
589 1187 750 1223 Camillus,
767 1187 884 1226 primus
901 1196 975 1225 prae-

332 1235 394 1265 tor,
413 1234 443 1261 7.
466 1233 492 1257 l.

289 1273 342 1312 Sp.
360 1273 485 1309 Fusius,
500 1274 548 1301 sz'v
560 1282 563 1287 ‘
574 1273 700 1309 Furius,
719 1280 807 1310 pa¹er
822 1277 977 1312 patratus,

339 1321 365 1347 1,
377 1320 427 1344 24.

289 1359 502 1390 Fustuarium,
518 1367 613 1397 poena
628 1358 781 1393 militaris,
798 1364 828 1394 5,
846 1363 876 1390 6.

614 1488 653 1518 G.

290 1573 395 1607 Gabii,
425 1577 453 1605 1.
479 1577 530 1603 53.
557 1578 611 1610 24,
640 1578 689 1604 10.
715 1577 769 1611 26,
794 1580 825 1606 9.
843 1580 896 1609 4ι,
922 1581 973 1608 20.

332 1626 386 1646 eos
413 1617 520 1645 fraude
535 1617 620 1656 capit
644 1618 835 1654 Tarquinius
864 1620 978 1658 Super-

332 1661 404 1695 bus,
425 1664 451 1694 1,
469 1665 518 1689 53.
536 1665 566 1689 et
591 1665 640 1689 54.
688 1662 796 1690 Gabiis
819 1672 925 1692 murus
945 1672 980 1692 ac

332 1707 424 1742 porta
439 1704 476 1732 de
490 1704 569 1732 coelo
585 1707 681 1733 tacta.
698 1705 760 1733 vicl.
775 1706 964 1745 Prodigium.

290 1746 416 1775 Gabina
432 1747 492 1779 via,
511 1751 609 1783 9,11.
626 1752 659 1784 3,
676 1750 705 1777 6.
721 1752 751 1780 5,
769 1752 821 1778 49.

290 1790 420 1825 Gabini,
438 1793 534 1824 6,91.

290 1834 330 1862 Α.
343 1833 510 1866 Gabinius,
525 1834 657 1872 legatus,
672 1834 757 1872 Epit.
776 1837 828 1865 76.

289 1876 432 1906 Gabinus
448 1885 520 1915 ager
534 1881 677 1906 vastatur
692 1887 710 1906 a
723 1878 859 1914 Volscis,
876 1882 907 1906 3.
926 1883 955 1908 8.

290 1919 431 1948 Gabinus
449 1920 585 1955 cinctus,
604 1925 636 1953 5,
652 1923 704 1948 46.
720 1925 751 1956 8,
770 1925 798 1951 9.
821 1925 870 1957 10,
890 1926 920 1952 7.

290 1962 457 1997 Gabinius,
485 1964 647 2000 praefectus
679 1964 812 2000 praesidii
843 1964 976 1999 Scodrae,

334 2006 425 2042 regiae
442 2006 560 2039 Gentii.
576 2009 632 2041 45,
648 2009 699 2036 96.

291 2049 393 2077 Gades
411 2049 568 2086 profectus
586 2049 736 2086 Annibal,
754 2053 827 2078 vota
846 2050 981 2080 exso!vit

333 2092 477 2128 Herculi,
505 2095 557 2126 21,
577 2097 628 2122 21.
644 2093 705 2122 vil.
721 2097 751 2122 et
772 2098 827 2129 94,
851 2097 903 2125 49.
922 2097 977 2130 96,

333 2139 383 2163 43.
410 2138 464 2171 28,
484 2139 509 2163 1.

290 2178 448 2206 Gaditana
462 2178 634 2215 provincia,
649 2183 702 2214 28,
721 2183 750 2208 2.

290 2221 440 2250 Gaditani
457 2222 592 2259 perfuga:
609 2223 809 2261 pollicentur,
827 2233 859 2252 se
876 2223 978 2261 prodi-

332 2268 421 2292 turos
439 2265 545 2294 urbem
568 2269 599 2293 et
623 2266 801 2304 praesidium
826 2267 977 2296 Punicum

332 2308 608 2344 Romanis-‚esea
623 2309 778 2348 patefacta
787 2310 976 2347 proditione,

333 2351 489 2387 conjurati
519 2352 740 2390 Carthaginem
765 2353 975 2389 devehuntur,

332 2397 383 2421 30.
408 2403 427 2422 a
447 2394 613 2423 Gaditanis
631 2395 727 2433 Mago
742 2395 838 2432 exigit
850 2396 978 2434 pecuni-

333 2444 395 2468 am.
419 2439 472 2465 36.
519 2438 691 2466 Gaditanos
717 2439 916 2473 magistratus
944 2439 976 2467 in

333 2488 454 2507 crucem
471 2479 568 2515 tollit,
584 2485 637 2511 37.
661 2481 809 2509 Gaditani
828 2481 978 2510 Romanis

332 2522 491 2550 deduntur
512 2526 584 2559 post
607 2524 754 2561 Magonis
791 2523 830 2552 ab
861 2524 978 2554 Oceani

333 2574 388 2593 ora
403 2565 585 2597 discessum,
606 2566 676 2594 iLia'.

289 2608 454 2637 Gaditanis
463 2608 638 2644 remissum,
652 2618 689 2637 ne
702 2609 865 2647 praefectus
875 2610 976 2639 Gades

332 2651 524 2688 mitteretur,
537 2655 592 2687 32,
606 2655 634 2680 9.

291 2695 394 2728 Gaesa,
415 2699 446 2731 8,
467 2698 494 2722 8.

290 2737 406 2766 Gaetuli
431 2737 560 2774 milites,
573 2740 628 2772 23,
650 2740 697 2765 18.

289 2780 368 2808 Gala
377 2781 597 2819 Massylorum,
609 2779 782 2808 Numidica»
793 2779 974 2818 gentissex,

333 2826 385 2857 94,
403 2828 453 2852 48.
471 2824 647 2853 Masinissae
667 2827 764 2861 pater,
785 2827 837 2853 49.
853 2827 906 2858 29,
925 2827 976 2852 29.

740 85 919 122 INDEX
951 83 1006 122 IN
1038 83 1083 119 T.
1114 82 1250 121 LIVII

1058 193 1204 231 jungitur
1226 193 1550 233 Carthaginiensibus,
1574 199 1628 233 24,
1650 199 1703 226 49.

1060 237 1203 272 moritur,
1219 244 1272 272 29,
1292 241 1343 268 99.

1019 279 1155 315 Galaria,
1168 282 1343 316 castellum,
1356 280 1475 319 capitur
1486 281 1523 310 ab
1534 280 1704 316 Annibale,

1063 326 1114 353 26.
1134 327 1162 351 5.

1022 366 1134 401 Galba,
1150 364 1211 394 vid.
1228 365 1394 404 Sulpicius.

1021 407 1175 444 Galaesus,
1203 409 1327 444 fluvius,
1349 410 1487 447 quinque
1509 409 1607 438 millia
1638 418 1707 447 pas-

1063 461 1153 480 suum
1168 461 1186 480 a
1199 452 1336 481 Tarento
1352 454 1452 489 abest,
1474 457 1528 488 25,
1551 457 1596 481 11.

1021 495 1130 529 Galea,
1151 499 1178 529 1,
1201 500 1252 524 43.
1299 497 1402 525 Galeae
1425 497 1573 528 cristatae.
1598 499 1630 529 9,
1651 499 1705 524 40.

1068 542 1115 572 10,
1131 542 1183 568 38.
1229 539 1339 568 Galeas
1357 544 1476 577 gestare
1492 539 1574 569 soliti
1593 539 1706 568 milites

1065 582 1096 610 in
1114 582 1315 614 stationibus,
1333 587 1386 615 44.
1404 587 1456 612 33.

1022 624 1185 663 Galeagra,
1202 625 1311 660 turris,
1331 630 1383 661 25,
1397 630 1448 655 23.

1021 668 1186 706 Galepsus,
1200 668 1273 696 urbs
1289 669 1440 701 Thraciae.
1457 672 1509 699 44,
1523 672 1575 697 45.

1017 709 1141 740 Galeria
1157 712 1481 748 centuriajuniorum‚
1499 715 1550 742 27.
1570 713 1600 740 6.

1018 755 1144 783 Gallaeci
1162 764 1232 793 pop.
1257 755 1433 792 Hispaniae,
1449 755 1532 793 Epit.
1549 756 1598 783 56.

1018 798 1101 827 Galli
1138 797 1280 835 fanatici,

1061 846 1116 874 37,
1135 845 1164 871 9·

1105 883 1258 912 transitus
1275 884 1433 913 Gallorum
1459 885 1489 912 in
1508 882 1629 912 Italiam
1655 882 1706 910 de-

1064 927 1210 965 scriptuS‚
1235 927 1357 965 locique
1380 932 1412 956 et
1436 928 1526 963 fines,
1557 935 1634 964 quos
1660 929 1707 953 te-

1065 979 1173 1006 nuere,
1190 974 1221 1006 5,
1239 974 1292 998 34.
1309 975 1338 1000 et
1354 975 1406 1000 35.

1021 1011 1115 1046 Galli,
1135 1014 1207 1042 novi
1224 1013 1336 1042 accolae
1351 1013 1502 1048 Etruscis,
1520 1017 1552 1048 5,
1574 1016 1621 1044 17.
1636 1022 1707 1050 cap-

1064 1062 1112 1085 tos
1137 1057 1298 1086 dulcedine
1313 1057 1452 1096 frugum,
1475 1056 1607 1084 maxime
1631 1056 1708 1091 vini,

1063 1101 1212 1129 transisse
1224 1100 1318 1138 Alpes
1331 1101 1414 1129 sama
1428 1104 1488 1136 est,
1500 1103 1554 1129 33.
1567 1099 1709 1127 ducentis

1063 1147 1136 1171 ante
1152 1145 1255 1173 annis.
1272 1152 1364 1181 quam
1381 1144 1480 1172 Roma
1494 1146 1665 1181 caperetur,
1677 1143 1709 1171 in

1065 1186 1189 1215 Italiam
1201 1187 1469 1216 transcenderant.
1487 1186 1559 1215 ibid.
1575 1186 1709 1222 Tarqui-

1065 1230 1117 1258 nio
1131 1230 1233 1258 Prisco
1246 1234 1394 1267 regnante
1406 1231 1524 1262 Romae,
1536 1233 1585 1257 34.
1601 1238 1706 1257 eorum

1064 1273 1155 1301 variis
1169 1273 1359 1311 temporibus
1369 1274 1520 1301 transitus
1533 1272 1564 1300 in
1580 1272 1708 1300 ltalium

1063 1316 1222 1353 descripti,
1234 1316 1297 1344 ibid
1309 1320 1338 1344 et
1348 1320 1400 1345 35.
1411 1315 1557 1354 postremi
1568 1317 1708 1344 omnium

1063 1359 1248 1398 transgressi
1265 1359 1415 1392 Senones,
1432 1358 1572 1387 Clusium
1589 1368 1711 1397 oppug-

1319 800 1427 827 matris
1457 800 1481 826 L·
1488 797 1560 826 eClm
1585 795 1707 832 famuli,

1064 1407 1152 1436 nant,
1170 1405 1223 1431 85.
1247 1402 1339 1440 legati
1357 1403 1393 1431 ad
1416 1411 1468 1430 eos
1486 1402 1710 1435 Romanorum,

1064 1445 1140 1475 ibid.
1168 1454 1347 1484 responsum
1367 1445 1542 1477 Gallorum.
1562 1447 1614 1474 36.
1637 1444 1709 1481 jure

1064 1489 1205 1527 gentium
1230 1498 1248 1517 a
1270 1489 1419 1518 Romanis
1449 1488 1558 1525 legatis
1582 1488 1710 1523 violato,

1065 1532 1123 1570 ipsi
1154 1532 1288 1560 mittunt
1316 1533 1434 1570 legatos
1462 1532 1606 1566 Romam,
1635 1532 1709 1560 ibid.

1064 1576 1150 1605 elusa
1174 1584 1230 1604 sua
1252 1575 1420 1610 legatione,
1437 1575 1569 1604 Romam
1587 1575 1644 1603 iter
1661 1575 1709 1602 in-

1067 1619 1214 1654 tendunt,
1243 1622 1296 1649 37.
1322 1620 1455 1648 vineunt.
1485 1618 1643 1646 Romanos
1671 1618 1709 1647 ad

1066 1663 1196 1697 Alliam,
1208 1661 1318 1691 ibimet
1331 1667 1382 1691 38.
1395 1661 1546 1699 diripiunt
1558 1665 1589 1689 et
1602 1661 1710 1690 incen-

1067 1706 1146 1734 dunt
1164 1705 1309 1740 Romam,
1327 1710 1379 1733 41.
1396 1707 1582 1743 oppugnant
1595 1704 1711 1733 frustra

1066 1758 1165 1777 arcem
1178 1748 1364 1781 Romanam,
1376 1753 1429 1777 43.
1442 1748 1644 1786 repelluntur,
1656 1752 1708 1778 47.

1065 1791 1268 1830 paciscuntur
1298 1801 1367 1820 cum
1398 1791 1562 1827 Romanis,
1582 1793 1636 1819 48.
1664 1801 1710 1819 voe

1064 1835 1165 1867 vitis,
1188 1834 1261 1862 ibid.
1280 1835 1352 1863 dum
1381 1833 1571 1872 appenditur
1585 1842 1709 1868 aurum,

1063 1877 1233 1906 intervenit
1257 1878 1417 1909 Camillus,
1443 1877 1576 1906 dictator
1597 1885 1711 1914 eosque

1064 1929 1201 1960 pugnare
1220 1920 1323 1957 jubet,
1340 1925 1372 1949 et
1394 1921 1503 1952 vincit.
1521 1923 1573 1950 45).
1595 1919 1708 1948 iterum

1064 1974 1115 1993 eos
1140 1964 1241 1996 caedit,
1259 1964 1303 1993 ita
1318 1968 1354 1992 ut
1377 1973 1416 1993 ne
1432 1963 1568 1994 nuncius
1585 1963 1708 2001 quidem

1065 2007 1211 2045 supersit,
1227 2007 1300 2035 ibid.

1043 2069 1086 2075 —
1102 2059 1223 2079 rursum
1241 2050 1412 2079 vincuntur
1424 2059 1442 2079 a
1458 2049 1602 2084 Camillo,
1614 2051 1646 2085 6,
1656 2053 1710 2079 49.

1109 2094 1147 2122 ad
1175 2093 1302 2122 tertium
1333 2094 1480 2132 lapidem,
1506 2092 1623 2122 Salaria
1648 2092 1710 2129 via,

1066 2141 1153 2165 trans
1170 2140 1297 2175 pontem
1314 2137 1445 2166 Anienis
1461 2140 1562 2165 castra
1580 2135 1710 2168 habent.

1067 2184 1099 2215 7,
1115 2185 1145 2211 9.
1163 2184 1232 2217 post
1245 2189 1356 2209 caesum
1371 2190 1389 2209 a
1404 2180 1441 2208 T.
1453 2179 1574 2208 Manlio
1583 2178 1709 2207 Gallum

1066 2223 1178 2252 eximia
1201 2223 1337 2261 corporis
1365 2222 1594 2262 magnitudine,
1619 2221 1710 2249 relin-

1067 2270 1170 2304 quunt
1182 2267 1299 2304 trepide
1312 2272 1423 2301 castra,
1437 2269 1517 2297 9-1
1529 2269 1554 2294 1.
1570 2264 1630 2293 alia
1638 2273 1709 2293 cum

1065 2310 1165 2338 Gallis
1181 2309 1272 2341 bella,
1291 2314 1323 2344 9,
1340 2313 1472 2338 19-15,
1488 2313 1538 2337 93.
1556 2311 1605 2336 94.
1617 2312 1647 2336 et
1657 2310 1710 2337 25.

1067 2356 1098 2389 8,
1115 2357 1167 2381 90.
1184 2361 1289 2391 pugna
1299 2353 1343 2381 M.
1355 2352 1468 2381 Valerii
1484 2350 1589 2383 Corvi,
1607 2355 1639 2386 7,
1654 2352 1705 2378 26.

1108 2405 1178 2424 cum
1194 2396 1292 2424 Gallis
1309 2405 1414 2433 pacem
1438 2393 1556 2429 ingenti
1578 2393 1710 2431 pecunia

1064 2439 1221 2468 redimunt
1257 2438 1394 2473 Etrusci,
1431 2441 1481 2471 10,
1519 2439 1566 2465 10.
1602 2445 1709 2465 eorum

1064 2482 1178 2510 auxilia
1194 2482 1332 2510 mercede
1355 2480 1523 2509 sollicitata
1544 2487 1563 2508 a
1585 2479 1708 2508 Samni-

1064 2525 1149 2554 tibus
1165 2530 1195 2553 et
1208 2524 1362 2559 Etruscis,
1382 2527 1431 2554 18,
1444 2526 1495 2552 91.

1022 2568 1103 2597 Galli
1128 2567 1266 2596 Senones
1289 2567 1393 2595 delent
1415 2566 1568 2604 legionem
1593 2565 1709 2595 Roma·

1064 2620 1151 2645 narn,
1167 2614 1217 2644 10,
1231 2612 1280 2638 96.

1021 2653 1116 2688 Galli,
1128 2652 1232 2689 juncti
1248 2661 1318 2681 cum
1332 2652 1487 2686 Etruscis,
1501 2650 1708 2686 Samnitibus,

1064 2696 1202 2731 Umbris,
1214 2695 1384 2724 vincuntur
1396 2695 1428 2723 in
1446 2694 1601 2723 Sentinati
1618 2702 1706 2732 agro,

1067 2743 1117 2773 10,
1134 2742 1185 2769 27.
1202 2743 1231 2766 ct
1248 2742 1299 2768 29.

1021 2780 1183 2811 Gallorum
1202 2781 1233 2810 in
1252 2781 1356 2817 Italia,
1373 2781 1431 2809 sub
1448 2780 1537 2809 initia
1551 2778 1623 2808 belli
1640 2777 1708 2806 An-

1066 2824 1205 2860 nibalici,
1224 2829 1339 2860 motus,
1360 2825 1414 2861 21,
1433 2828 1483 2853 95.
1499 2826 1526 2854 et
1545 2824 1596 2851 96.
1612 2825 1643 2850 et
1659 2821 1706 2849 in-
