1831 3194
374 323 721 378 ΕΡΙΤΟΜΕ
774 324 986 377 LJBRl
1041 307 1250 379 xmv.

108 579 180 639 Q.
205 587 481 629 MARCIUS
500 588 709 642 Philippus
734 602 805 641 per
824 588 948 629 invios
966 590 1094 630 saltus
1113 590 1332 642 penetravit
1353 590 1394 630 in
1417 589 1516 630 ,Ma-

104 646 323 693 cedoniam,
345 646 635 699 compluresque
654 647 766 687 urbes
789 646 1006 697 occupavit.
1068 647 1220 687 Rhodii
1244 648 1383 688 misere
1405 648 1517 702 lega-

103 709 163 743 tos
182 703 369 751 Romam,
391 702 404 725 ¹
419 704 627 752 minantes,
650 717 692 743 se
715 705 861 743 Perseo
882 703 1033 743 auxilio
1050 703 1224 756 ficturos,
1247 705 1324 745 nisi
1351 706 1518 758 populus

102 761 313 801 Romanus
333 774 420 800 cum
441 774 485 800 co
514 775 652 812 pacem
683 767 803 814 atque
823 760 1040 800 amicitiam
1058 761 1261 816 jungeret.
1291 763 1455 817 indigne
1474 763 1519 802 id

105 818 240 858 latum.
305 818 433 865 Quum
468 818 510 857 id
546 818 685 858 bellum
722 819 769 858 L.
792 817 963 858 AErnilio
997 819 1159 867 Paullo,
1193 820 1387 873 sequentis
1423 819 1518 859 anni

103 875 254 915 consuli
273 875 429 923 iterum,
445 876 680 915 mandatum
697 882 807 924 esset,
830 874 846 897 ²
860 876 1039 925 Paullus,
1057 877 1097 916 in
1118 878 1301 918 concione
1320 883 1516 929 precatus,

102 939 157 981 ut,
189 932 381 986 quidquid
411 933 490 973 diri
522 933 666 984 populo
696 933 879 972 Romano
907 933 1120 982 inmineret,
1149 935 1190 974 in
1219 936 1374 974 domum
1403 948 1519 974 suam

103 996 398 1037 converteretur,
430 996 466 1029 et
500 990 541 1029 in
575 990 864 1030 Macedoniam
898 988 1108 1042 profectus,
1138 992 1228 1032 vicit
1259 993 1426 1040 Persen,
1460 998 1519 1031 to-

104 1054 267 1100 tamque
287 1046 574 1086 Macedoniam
594 1048 633 1086 in
657 1053 890 1097 potestatem
910 1048 1078 1100 redegit.
1139 1050 1363 1101 Antequam
1384 1049 1519 1102 confli-

99 1111 228 1158 geret,
256 1103 335 1145 ⁵0.
357 1103 553 1155 Sulpicius
575 1103 722 1144 Gallus
752 1103 928 1143 tribunus
957 1104 1127 1144 militum
1155 1106 1344 1157 praediscit
1373 1106 1520 1145 exerci-

103 1162 170 1210 tui,
201 1176 249 1201 ne
281 1161 507 1211 miraretur,
538 1161 644 1216 quosl
679 1161 770 1200 luna
801 1167 912 1201 nocte
944 1162 1127 1213 proxima
1165 1161 1369 1212 defectura
1405 1168 1520 1202 esset.

105 1219 274 1259 Gentius
309 1232 464 1272 quoque
498 1232 570 1258 rex
600 1217 839 1271 Illyriorum,
871 1233 990 1272 quum
1025 1218 1266 1267 rebellasset,
1298 1219 1351 1259 ab
1382 1219 1521 1260 Anicio

98 1282 270 1329 praetore
288 1276 426 1323 victus,
448 1276 549 1315 venit
579 1275 619 1315 in
641 1276 885 1324 deditionem,
908 1274 923 1298 4
937 1284 972 1316 et
993 1291 1081 1316 cum
1100 1291 1237 1326 uoeore,
1259 1283 1295 1316 et
1319 1276 1462 1324 liberis,
1485 1283 1522 1316 et

97 1333 340 1387 propinquis,
365 1333 538 1373 Romam
559 1333 698 1373 missus
719 1338 788 1373 est.
839 1333 1093 1374 Alexandria
1115 1334 1239 1388 legati
1259 1348 1284 1373 a
1308 1333 1522 1386 Cleopatra

102 1398 142 1431 et
164 1391 384 1432 Ptolemaeo
414 1390 572 1444 regibus
598 1396 796 1439 venerunt,
818 1397 1023 1445 querentes
1042 1392 1092 1430 de
1111 1391 1311 1432 Antiocho
1331 1405 1427 1444 rege
1445 1392 1522 1445 Sy-

101 1449 186 1498 riae,
209 1449 311 1502 quod
331 1448 391 1487 his
421 1447 561 1487 bellum
590 1448 765 1501 inferret.
829 1449 982 1496 Perses,
1005 1447 1227 1488 sollicitatis
1257 1448 1297 1487 in
1327 1447 1521 1487 auxilium

103 1507 281 1546 Eumene
315 1518 410 1559 rege
437 1505 648 1558 Pergami,
681 1510 717 1543 et
752 1504 895 1544 Gentio
927 1518 1023 1559 rege
1054 1504 1298 1558 Illyriorum,
1331 1505 1425 1557 quia
1461 1506 1522 1545 his

97 1562 322 1616 pecuniam,
342 1575 462 1616 quam
478 1561 730 1613 promiserat,
752 1575 831 1601 non
851 1561 990 1610 (labat,
1012 1560 1028 1584 ⁵
1041 1561 1094 1601 ab
1114 1562 1161 1602 iis
1181 1561 1341 1601 relictus
1361 1568 1428 1602 est.

147 1678 162 1707 1
190 1676 338 1706 Minantes
368 1686 396 1706 se
424 1675 526 1705 Perseo
561 1675 670 1705 auxilio
693 1675 788 1716 siaru-

100 1731 157 1756 ros,
182 1721 239 1750 nisi
263 1730 329 1759 pop.
358 1718 443 1748 Rom.
470 1730 537 1748 cum
563 1730 593 1749 eo
616 1729 717 1758 pacem
743 1724 790 1748 at-

101 1775 156 1803 que
173 1763 333 1793 amicitiam
346 1761 505 1802 jungeret]
530 1761 608 1791 Haec
631 1766 677 1791 est
699 1760 791 1792 unius

101 1806 216 1837 codicis
242 1815 261 1836 a
288 1804 444 1836 Gronovio
468 1803 597 1846 inspecti
621 1804 789 1845 scriptura;

102 1860 173 1890 quae
195 1859 292 1889 quum
315 1846 546 1888 expeditissima
571 1847 620 1881 sit,
651 1846 789 1878 Clericus

102 1902 172 1923 eam
212 1891 244 1921 in
279 1890 412 1921 editione
453 1900 510 1921 sua
549 1889 788 1931 repraesentavit,

102 1934 186 1975 quod
201 1934 268 1976 ejus
289 1933 430 1974 exemplo
452 1943 508 1963 nos
522 1932 629 1963 itidem
651 1932 701 1963 hic
715 1932 789 1963 faci-

104 1988 184 2008 mus.
228 1978 267 2008 In
283 1977 410 2017 vulgata
432 1975 563 2006 lectione
586 1975 704 2017 aliquid
725 1980 792 2006 erat

102 2019 185 2050 vitii:
219 2022 372 2054 minantes,
396 2025 429 2048 ut
459 2019 562 2049 Perseo
588 2024 676 2049 essent
703 2020 788 2049 auri-

103 2063 151 2098 lio,
177 2065 234 2093 nisi
256 2063 381 2103 populus
406 2062 554 2092 Romanus
576 2084 584 2092 .
600 2084 609 2091 .
630 2063 789 2103 conjunge-

99 2112 156 2136 ret.

145 2150 164 2179 2
190 2148 317 2178 Paullus
344 2149 376 2178 in
403 2148 534 2178 concione
563 2152 709 2186 precatus,
737 2147 788 2187 ut]

103 2192 196 2223 Hanc
226 2190 429 2233 precationem
459 2189 530 2220 feeit
560 2190 700 2224 Paullus,
730 2199 791 2220 non

104 2240 271 2275 antequam
308 2232 547 2275 proficisceretur
584 2232 625 2263 ad
661 2233 790 2268 bellum,

103 2277 158 2309 sed
181 2276 302 2308 devicto
317 2277 440 2311 Perseo,
456 2286 551 2316 quum
570 2274 636 2316 jam
657 2275 792 2306 secundo

103 2331 193 2351 cursu
230 2319 357 2350 Italiam
390 2318 551 2349 tenuisset.
609 2317 684 2349 Vid.
712 2317 792 2349 infra

104 2363 126 2393 l.
142 2363 242 2394 XLV.
258 2373 285 2392 c.
298 2363 349 2392 41.
363 2367 394 2392 et
409 2362 482 2392 Val.
498 2362 587 2392 Max.
601 2360 623 2391 l.
638 2361 680 2392 V.
694 2370 722 2391 c.
741 2362 790 2392 10.

104 2407 217 2447 Itaque
252 2405 303 2435 hic
341 2403 457 2435 fallitur
492 2409 598 2435 auctor
632 2403 791 2444 epitomes.

106 2449 251 2479 Ceterum
276 2448 309 2478 in
330 2447 389 2478 hac
413 2446 538 2489 periodo
560 2446 722 2477 formanda
743 2457 791 2477 se—

104 2497 167 2522 cun
197 2501 302 2522 sumus
332 2490 545 2522 auctoritatem
574 2489 667 2520 trium
696 2500 792 2520 mem-

105 2533 270 2566 branarum
314 2543 334 2565 a
379 2533 533 2565 Gronovio
584 2532 792 2569 laudatarum,

831 1674 944 1715 quibus
967 1675 1131 1706 assentitur
1155 1675 1345 1717 Campanus,
1360 1674 1418 1704 nisi
1438 1675 1522 1716 quod

831 1729 921 1757 supra
963 1720 1080 1748 domum
1122 1729 1215 1754 suam,
1260 1717 1522 1759 quemadmodum

833 1760 961 1802 vulgati,
992 1761 1125 1802 praesert.
1169 1761 1275 1802 Vulgo
1304 1767 1441 1800 precatus
1469 1767 1521 1796 est,

832 1808 864 1834 et
894 1815 984 1844 supra
1013 1806 1128 1835 domum
1160 1815 1252 1840 suam,
1281 1809 1312 1835 et
1342 1805 1414 1834 vicit
1448 1804 1522 1834 Per-

831 1857 920 1878 seum.

874 1890 894 1920 3
919 1891 957 1921 C.
984 1890 1132 1928 Sulpicius
1160 1888 1267 1919 Gallus
1300 1889 1436 1919 tribunus
1466 1889 1522 1918 mi-

833 1933 935 1973 litum]
983 1931 1071 1962 Nihil
1109 1932 1218 1962 horum
1254 1931 1452 1978 comparebat
1490 1930 1523 1961 in

832 1974 936 2005 libris:
960 1974 1015 2005 sed
1041 1985 1079 2005 ea
1099 1974 1226 2005 inseruit
1246 1982 1283 2004 ex
1307 1973 1439 2004 hlstoriae
1462 1973 1523 2004 fide

832 2018 984 2059 Sigonius.
1028 2018 1059 2048 N
1063 2028 1102 2048 on
1124 2018 1206 2048 enim
1221 2016 1360 2052 Paullus,
1377 2015 1431 2047 sed
1451 2016 1522 2046 Sul-

831 2060 929 2102 picius
950 2060 1002 2091 ille
1018 2060 1131 2092 Gallus
1153 2061 1235 2091 huuc
1250 2061 1347 2090 Lunae
1368 2059 1523 2090 defectum

832 2103 1009 2145 praedixisse
1038 2109 1224 2134 memoratur
1250 2108 1317 2133 tum
1345 2101 1433 2133 Livio
1465 2102 1523 2144 ipsi

833 2146 923 2182 infra,
939 2157 967 2177 c.
983 2146 1035 2176 37.
1060 2151 1126 2176 tum
1140 2147 1215 2178 Val.
1231 2145 1321 2176 Max.
1334 2145 1355 2175 Ι.
1372 2145 1472 2176 VIII.
1495 2155 1524 2176 c-

878 2233 898 2262 4
923 2231 963 2262 Et
989 2243 1055 2262 cum
1082 2232 1184 2272 uxore]
1223 2232 1319 2262 Deest
1347 2229 1524 2272 copulativa

835 2274 867 2305 in
893 2273 1097 2306 Gronovianis
1124 2274 1321 2309 editionibus,
1350 2283 1524 2314 operarum,

835 2323 869 2348 ut
883 2318 1013 2353 videtur,
1030 2317 1159 2348 incuria.

879 2363 898 2392 5
921 2362 965 2391 Ab
991 2363 1030 2392 eis
1059 2361 1178 2390 relictus
1209 2359 1265 2400 est]
1304 2358 1355 2389 Ab
1383 2359 1524 2389 Eumene

834 2403 961 2439 scilicet,
976 2409 1007 2434 et
1030 2403 1156 2435 Gentio.
1202 2402 1253 2432 De
1277 2402 1415 2432 Eumene
1438 2401 1523 2431 nulla

835 2452 882 2477 est
910 2446 1087 2477 difficultas.
1144 2446 1195 2476 De
1223 2445 1338 2476 Gentio
1364 2443 1427 2475 vid.
1460 2449 1524 2474 not.

837 2490 889 2521 38.
903 2489 943 2521 ad
957 2500 986 2522 c.
1000 2490 1054 2520 26.
1069 2488 1160 2531 hujus
1175 2487 1256 2519 libri.

910 2906 971 2939 14
