1831 3174
534 90 649 127 LIB.
681 89 788 126 XLI.
832 90 954 127 CAP.
988 90 1077 127 XX.
1472 100 1515 131 21

84 199 283 241 Romanis
303 215 389 241 esse
410 199 537 239 videri
567 207 716 254 posset.
777 199 980 248 Dardani,
1003 213 1134 253 quum
1171 200 1393 240 Bastarnas
1426 217 1505 243 non
1524 215 1609 247 [nc.
1626 217 1698 246 577.

82 258 205 298 modo
226 273 307 298 non
339 256 536 297 excedere
568 255 720 295 finibus
741 256 839 305 suis,
862 256 976 310 quod
1010 265 1289 310 sperzwelnnt,
1313 257 1383 297 sed
1415 258 1607 312 gra-As·
1627 260 1698 290 175.

79 313 213 354 viores
233 314 319 354 {ieri
353 314 393 353 in
426 313 513 353 dies
545 321 772 360 cernerent,
796 313 983 353 subnisos
1019 312 1232 352 Thracum
1266 313 1503 355 adcolarum

78 379 119 411 et
144 371 449 412 Scordiscorum
483 369 662 418 auxiliis,
685 370 924 410 audendum
958 369 1116 424 aliquid
1138 369 1201 409 vel
1237 378 1389 411 temere
1412 372 1504 421 rati,

77 443 219 468 omnes
244 427 429 482 undique
455 426 600 466 armati
623 426 676 465 ad
704 426 922 482 oppidum,
945 427 1057 481 quod
1092 426 1328 481 proximum
1362 428 1506 469 castris

79 485 374 525 Bastarnarum
415 492 518 531 erat,
554 482 841 524 conveniuntd.
918 483 1065 524 Hiems
1105 491 1207 532 erat,
1249 491 1290 524 et
1326 483 1369 524 id
1410 485 1505 526 anni

77 549 240 596 tempus
272 541 495 595 elegerant,
519 549 565 582 ut
589 540 774 580 Thraces
809 539 1095 595 Scordiscique
1117 540 1157 579 in
1186 540 1286 580 fines
1320 556 1414 581 suos
1435 542 1506 582 ab-

74 597 191 638 irent.
214 599 326 653 quod
363 597 433 638 ubi
455 597 513 638 ita
543 598 717 645 factum,
739 605 781 637 et
804 597 910 637 solos
936 597 1024 652 jam
1058 613 1144 637 esse
1178 598 1401 637 Bastarnas
1433 613 1506 639 au-

72 654 255 703 dierunt,
277 654 467 695 bifariam
490 654 686 695 dividunt
718 653 878 709 copias:
924 669 1034 708 pars,
1058 662 1105 694 ut
1128 661 1239 694 recto
1272 653 1417 694 itinere
1451 655 1504 696 ad

74 711 354 752 lacessendum
388 727 437 751 ex
467 720 612 767 aperto
632 710 735 756 iret;
781 726 890 766 pars,
913 710 1034 750 devio
1068 710 1175 751 saltu
1203 710 1503 761 circumducta,

70 768 124 808 ab
145 777 262 823 tergo
283 768 594 822 adgrederetur.
657 769 870 817 Ceterum,
893 767 1136 823 priusquam
1171 766 1386 808 circumire
1419 785 1504 809 cas-

73 833 137 865 tra
157 822 346 866 hostium
359 834 541 881 possent,
564 833 799 880 pugnatum
825 834 912 871 est;
959 824 1140 879 victique
1174 824 1360 864 Dardani
1395 841 1503 865 com-

70 881 286 936 pelluntur
321 882 362 922 in
404 883 564 931 urbem,
601 897 696 936 quae
732 881 817 922 fere
857 880 1077 921 duodecim
1114 880 1242 921 millia
1270 881 1323 921 ab
1358 882 1502 922 eastris

72 939 368 980 Bastarnarum
402 939 556 980 aberat.
631 938 816 978 Victores
848 937 1062 978 confestim
1096 937 1397 979 circumsidunt
1434 954 1502 978 ur-
1515 953 1677 984 Dardano-

70 995 179 1045 bem,
202 996 315 1036 haud
337 995 465 1036 dubie
486 1004 652 1051 postero
672 995 740 1035 die
762 1003 835 1035 aut
856 1002 970 1034 metu
1004 994 1209 1034 dedituris
1231 1011 1272 1034 se
1295 994 1498 1045 hostibus,
1513 1007 1579 1027 rum
1595 998 1667 1027 urbs

69 1060 143 1093 aut
179 1052 218 1092 vi
254 1052 547 1108 expugnaturi.
626 1051 796 1092 Interim
838 1051 1130 1091 Dardanorum
1167 1050 1298 1090 altera
1338 1066 1498 1101 manus,
1512 1041 1648 1071 obsessa.

68 1124 164 1163 quae
185 1109 469 1150 circumducta
499 1117 601 1157 erat,
623 1108 768 1163 ignara
798 1107 926 1148 cladis
959 1122 1144 1157 suorum,
1167 1115 1301 1148 castra
1335 1109 1500 1149 Bastar-

69 1181 217 1206 narum
239 1165 323 1207 sine
344 1165 538 1222 praesidio
559 1165 703 1206 relicta

630 1283 653 1307 ἦέ
771 1282 795 1307 ³1}
911 1282 935 1306 ἥρ

125 1360 234 1400 XX.
268 1361 347 1387 ΧΗ
368 1375 495 1409 more,
519 1359 617 1400 sella
649 1360 831 1400 eburnea
862 1358 1012 1415 posita,
1041 1359 1112 1414 jus
1141 1358 1320 1409 dicebat,
1342 1359 1452 1400 disce
1484 1389 1500 1394 -

66 1417 267 1472 tabatque
302 1417 599 1458 controversias
634 1417 898 1457 minimarum
934 1431 1084 1456 rerum.
1122 1415 1155 1439 ⁸2
1168 1416 1355 1470 adeoque
1396 1375 1499 1456 nulli

66 1473 250 1514 fortunae
276 1474 518 1514 adhaerebat
553 1473 729 1521 animus,
752 1488 826 1528 per
860 1471 998 1512 omnia
1032 1487 1184 1526 genera
1213 1472 1313 1512 vitae
1344 1487 1498 1523 errans,

67 1530 129 1571 uti
170 1546 244 1571 nec
284 1530 375 1580 sibi,
412 1546 485 1571 nec
526 1529 629 1578 aliis,
671 1529 841 1585 quinam
881 1528 1005 1569 homo
1045 1536 1165 1577 esset,
1203 1528 1300 1569 satis
1341 1538 1500 1569 consta-

66 1595 142 1628 ret.
214 1588 309 1627 Non
343 1586 513 1642 adloqui
546 1586 711 1636 amicos,
747 1585 780 1609 ⁸⁵
794 1585 863 1625 vix
900 1585 1009 1625 notis
1044 1584 1303 1625 familiariter
1338 1585 1500 1625 adride-

65 1658 135 1691 re;
182 1643 465 1684 munificentia
498 1642 694 1699 inaequali
729 1658 815 1683 sese
847 1642 1032 1696 aliosque
1064 1641 1293 1681 ludificari:
1327 1641 1500 1696 quibus-

64 1700 161 1740 dam
195 1700 406 1741 honoratis
438 1715 673 1756 magnoque
695 1698 998 1741 aestimantibus
1031 1713 1072 1738 se
1099 1697 1289 1753 puerilia,
1311 1697 1345 1722 84
1358 1706 1407 1739 ut
1440 1714 1500 1739 es-

63 1772 125 1797 cae
145 1765 219 1798 aut
240 1757 371 1807 lusus,
393 1773 566 1798 munera
593 1757 717 1804 dare;
761 1756 862 1796 alios
894 1755 996 1795 nihil
1029 1762 1315 1810 exspectantes
1350 1755 1496 1797 ditare,

67 1815 221 1869 Itaque
252 1814 422 1864 nescire,
445 1814 549 1870 quid
582 1813 659 1854 sibi
691 1813 831 1862 vellet,
858 1812 1111 1868 quibusdam
1144 1811 1288 1851 videri.
1324 1811 1498 1867 quidam

65 1870 99 1894 ⁸⁵
112 1871 255 1912 ludere
288 1887 383 1912 eum
416 1871 670 1927 simpliciter,
704 1870 875 1926 quidam
907 1869 1022 1909 haud
1055 1867 1182 1909 dubie
1213 1868 1390 1909 insanire
1418 1868 1498 1909 aie-

65 1928 182 1983 bant.v
241 1929 293 1968 In
315 1928 479 1969 duabus
500 1936 638 1969 tamen
663 1927 823 1983 magnis
854 1925 1120 1980 honestisque
1151 1925 1276 1966 rebus
1308 1940 1403 1967 vere
1436 1941 1498 1966 re·
1509 1945 1655 1976 Antiochi

65 1984 160 2040 gius
180 1993 267 2026 erat
300 1985 475 2036 animus,
497 1984 539 2025 in
560 1984 729 2025 urbium
762 1983 894 2033 donis,
917 1991 958 2023 et
992 1983 1178 2022 Deorum
1212 1982 1342 2023 cultu.
1404 1983 1497 2023 Me-
1509 1988 1689 2036 munificen-

65 2041 354 2097 galopolitanis
386 2042 428 2082 in
449 2041 633 2082 Arcadia
652 2056 820 2082 murum
843 2055 884 2080 se
916 2039 1273 2079 circumdaturum
1308 2038 1402 2079 urbi
1435 2047 1496 2080 est
1509 2036 1562 2062 tia.

65 2098 289 2153 pollicitus,
340 2099 623 2155 majoremque
678 2106 839 2154 partem
891 2096 1079 2152 pecuniae
1129 2095 1257 2136 dedit.
1340 2096 1497 2151 Tegeae

66 2155 279 2197 theatrum
312 2156 579 2212 magnificum
600 2171 622 2195 e
646 2168 850 2195 marmore
882 2154 1017 2193 facere
1048 2152 1243 2193 instituit.
1303 2151 1338 2176 8⁶
1353 2151 1498 2207 Cyzici

557 2243 574 2267 ὁ
589 2248 782 2274 convenerunt
801 2241 897 2273 Gron.
914 2240 1009 2272 Crev-

107 2347 147 2376 82
170 2347 301 2387 Adeoque
313 2347 391 2376 nulli
411 2345 556 2385 fortunoe]
585 2345 668 2385 Lege
688 2354 759 2373 cum
803 2342 864 2373 IV.
880 2352 913 2372 n.
930 2342 1000 2372 119.
1046 2341 1182 2380 Nempe,
1196 2343 1233 2386 ut
1252 2342 1337 2369 notat
1353 2337 1391 2369 ad
1414 2337 1497 2369 hunc

63 2388 222 2426 Rubenio,
241 2391 319 2420 nulli
333 2382 459 2430 jb'rrizoe.
502 2387 552 2419 Sic
576 2387 658 2428 apud
682 2386 758 2417 Tac.
803 2384 963 2416 Ciceronis
995 2383 1098 2414 locmn
1129 2383 1285 2418 Graevms,
1312 2381 1399 2411 nulla
1426 2382 1498 2411 urbs

64 2432 85 2462 l.
113 2432 142 2464 Ι.
176 2433 261 2463 Ann.
295 2444 323 2464 c.
353 2433 405 2463 74.
437 2432 497 2467 Qui
523 2432 656 2473 formam
692 2431 760 2460 vitoe

62 2476 141 2512 iniit,
158 2487 244 2516 qnam
258 2481 313 2507 etc.

113 2519 154 2549 83
185 2518 238 2548 Vir
258 2519 348 2560 notis]
374 2517 535 2559 Conjunge
557 2514 593 2546 ab
615 2516 659 2545 vix
687 2525 758 2545 cum

66 2561 149 2592 notis.
196 2561 250 2592 Vix
264 2564 325 2592 noti
338 2567 534 2603 opponuntur
549 2560 658 2589 amicis.

108 2603 149 2632 84
176 2603 216 2634 Ut
238 2615 307 2634 escae
325 2611 377 2634 ant
401 2605 497 2645 lusus}
526 2601 674 2643 Polybius
703 2611 756 2630 no·

66 2643 163 2675 minat
177 2647 255 2677 talos
270 2652 302 2677 et
316 2647 458 2688 dactylos
472 2645 657 2687 palmarum.

108 2688 153 2718 851
173 2688 288 2720 Ludere
311 2712 320 2721 .
342 2711 351 2720 .
378 2713 386 2721 .
408 2689 591 2728 simpliciter]
637 2685 758 2715 Ludere

64 2740 119 2771 per
147 2729 289 2771 jocosam
322 2737 354 2763 et
389 2741 543 2773 nugacem
575 2727 757 2770 simplicita-

65 2780 139 2804 tem.

118 2816 159 2846 86
195 2817 293 2855 Cyzici
321 2818 353 2846 in
383 2816 581 2858 Prytanemn]
610 2812 756 2855 Prytanei

65 2857 251 2900 Syracusani
285 2858 425 2891 meminit
460 2859 530 2891 Cic.
558 2858 592 2889 in
618 2858 705 2888 Vei-r.
736 2856 757 2887 l.

803 2429 917 2459 Graeea
937 2427 1006 2462 fuit,
1022 2437 1093 2467 quae
1115 2435 1177 2456 non
1198 2436 1287 2455 suum
1307 2425 1498 2465 Prytaneum

800 2471 938 2501 haberet.
991 2470 1149 2511 Prytanea
1172 2473 1276 2498 autem
1303 2471 1391 2497 erant
1417 2466 1497 2497 Ves-

801 2519 841 2544 tae
864 2523 970 2544 sacra:
995 2512 1083 2553 cujus
1105 2511 1137 2541 in
1160 2510 1307 2541 honorem
1330 2514 1498 2552 perpetuus

801 2556 845 2587 ibi
884 2555 965 2597 ignis
1009 2555 1179 2586 fovebatur.
1246 2552 1320 2583 Vid.
1360 2552 1498 2582 Casaub.

801 2599 971 2630 Animadv.
1001 2598 1034 2628 in
1060 2597 1176 2627 Athen.
1205 2595 1226 2625 l.
1244 2595 1318 2626 XV.
1348 2605 1378 2624 c.
1395 2594 1444 2623 19.
1466 2598 1499 2623 et

801 2641 915 2672 Ezech.
933 2639 1113 2682 Spanhemii
1136 2638 1269 2669 Dissert.
1291 2637 1329 2667 de
1345 2637 1444 2666 Vesta
1466 2641 1499 2665 et

802 2684 999 2726 Prytanibus.
1067 2681 1153 2719 Quia
1195 2680 1288 2722 igitur
1338 2679 1497 2718 Prytanea.

803 2728 907 2757 Vestae
928 2737 1016 2758 sacra
1031 2730 1129 2759 erant,
1144 2723 1233 2763 cujus
1249 2721 1331 2752 aedes
1346 2725 1496 2766 *penetra-

800 2770 829 2800 le
852 2775 919 2800 erat
939 2768 1023 2799 urbis
1046 2769 1170 2801 Rornae,
1190 2765 1259 2795 ideo
1286 2763 1392 2793 Liv1us
1418 2763 1496 2803 Pry-

802 2820 928 2843 taneum
958 2812 1069 2842 Latine
1098 2810 1315 2848 interpretatur
1349 2806 1497 2843 penetrale

804 2856 891 2886 urbis.
938 2854 1030 2891 Quod
1054 2850 1172 2893 adjicit,
1188 2848 1313 2892 publice
1335 2847 1378 2880 ibi
1401 2847 1498 2884 vesci,

872 2902 946 2934 03
