1826 3149
113 204 151 235 U.
163 204 199 234 C.
214 203 285 232 584.

110 247 150 277 A.
166 247 203 277 C.
216 246 287 276 168.

111 539 246 579 vigiliae.

111 937 274 967 Stationes.

112 1505 220 1535 Oratio
238 1506 294 1535 AE-

112 1548 187 1578 mihi
200 1548 238 1579 ad
255 1549 312 1578 mi-

110 1591 189 1622 lites.

324 85 397 119 154«
841 81 982 119 TITI
1034 82 1210 120 LIVII

320 188 458 230 minus
487 188 632 231 facere.
664 190 862 231 clamores
882 189 1032 232 deinde
1053 190 1238 232 dissonos
1269 190 1367 233 oriri
1399 190 1591 254 omnibus
1620 190 1735 241 locis,

320 254 362 287 et
394 246 510 302 prius
544 247 697 297 hostes,
719 262 845 302 quam
881 247 1006 302 ipsos,
1039 248 1143 310 quid
1175 256 1360 304 paretur,
1393 247 1506 289 scire.
1567 248 1736 289 Placere

321 302 466 359 igitur,
492 303 710 344 tribunum
740 303 920 344 militum
956 303 989 327 ⁸¹
1002 319 1136 359 primo
1166 305 1251 361 pilo
1285 304 1457 368 legionis
1486 304 1519 328 ⁸⁵
1533 312 1737 346 secretum

322 360 472 400 eder'e
463 360 707 422 imperium:
741 360 874 410 illum,
897 368 937 401 et
963 360 1060 401 dein
1090 361 1288 417 singulos,
1308 377 1499 425 proxlmo
1523 361 1675 424 cuique
1695 360 1739 402 in

322 416 466 457 ordine
496 416 727 458 centurioni
758 416 908 467 dicere,
930 417 1035 472 quid
1064 433 1170 481 opus
1193 418 1304 460 facto
1325 418 1403 466 sit;
1437 434 1522 460 slve
1542 434 1567 459 a
1594 417 1739 481 primis

324 473 449 528 signis
480 473 533 514 ad
568 473 836 514 0ον1331101110
868 489 1032 537 agmen,
1070 489 1154 515 sive
1183 475 1236 516 ab
1268 475 1463 517 extremis
1495 475 1549 517 ad
1583 490 1739 531 primos

322 507 460 593 pglmfffl
463 529 646 571 endum
638 529 858 586 imperium
879 531 943 572 sit.
991 531 1146 587 Vigiles
1167 531 1291 573 etiam
1311 547 1419 573 novo
1439 547 1552 573 more
1573 539 1739 573 scutum

324 602 365 626 10
386 587 570 641 vigiliam
602 586 710 627 ferre
740 588 899 629 vetuit:
932 603 1014 629 non
1044 588 1152 629 enim
1186 588 1228 629 in
1258 603 1442 645 pugnam
1472 588 1673 644 vigilem
1664 603 1739 638 ire,

324 652 372 684 ut
393 643 516 683 armis
537 651 698 694 utatur,
716 643 787 685 sed
808 645 861 685 ad
883 644 1157 700 vigilandum,
1179 653 1243 696 ut,
1265 661 1397 702 quum
1419 661 1554 687 sense1
1556 654 1588 686 1t
1609 645 1739 686 hosti-

325 715 395 741 um
417 700 659 750 adventum,
682 701 854 757 recipiat
875 717 931 751 se,
954 702 1191 758 excitetque
1212 703 1266 743 ad
1286 718 1401 743 arma
1420 702 1532 743 alios.
1563 701 1597 727 88
1612 703 1741 743 Scuto

323 772 386 812 pr
375 773 410 797 13
439 772 480 797 30
500 765 637 798 erecto
668 766 776 799 stare
805 758 1012 813 galeatos:
1046 759 1221 800 deindeb
1241 759 1314 800 ubi
1344 759 1440 801 fessi
1471 759 1566 809 sint,
1588 758 1742 799 1001303

323 814 423 868 pilo,
446 814 581 869 capite
611 829 736 870 super
765 815 994 870 marginem
1025 816 1131 857 scuti
1165 815 1315 872 posito,
1342 816 1498 872 sopitos
1528 824 1659 857 stare:
1691 823 1740 856 ut

323 870 584 925 fulgentibus
600 886 724 911 armis
744 886 795 926 pr
796 872 891 912 ocul
911 872 945 898 87
957 872 1136 928 conspici
1153 873 1205 913 ab
1225 873 1343 914 hoste
1359 873 1532 928 possint,
1546 872 1624 929 ipsi
1637 872 1741 913 nihil

323 927 581 983 provideant.
657 928 892 970 stationum
937 944 1107 993 quoque
1149 944 1306 970 morem
1350 929 1541 971 mutavit.
1593 928 1741 970 armati

324 1000 479 1035 omnes,
501 993 542 1026 et
564 984 735 1026 frenatis
757 985 875 1040 equis
902 985 1078 1041 equites,
1101 985 1210 1027 diem
1240 994 1378 1028 totum
1412 986 1666 1042 perstabant.
1697 985 1743 1026 id

324 1057 457 1097 quum
494 1041 647 1082 aestivis
677 1042 840 1092 diebus,
872 1051 1018 1106 urente
1047 1043 1214 1084 assiduo
1244 1043 1342 1094 sole,
1373 1042 1505 1106 fieret,
1528 1051 1591 1085 tot
1622 1043 1743 1084 hora-

324 1114 418 1138 rum
449 1106 553 1139 aestu
585 1106 626 1139 et
662 1098 862 1154 lang-nme
902 1099 1013 1155 ipsos
1042 1115 1254 1155 equosque
1288 1100 1416 1141 fessos
1451 1099 1601 1155 integri
1632 1114 1742 1155 saepe

324 1155 426 1195 ador
429 1155 460 1196 ti
481 1155 634 1205 hostes,
655 1133 757 1195 1701ὃ
741 1155 863 1211 pauci
888 1157 1029 1212 plures
1050 1157 1269 1198 vexabant.
1301 1156 1443 1212 itaque
1464 1172 1515 1197 ex
1536 1156 1743 1197 matutina

325 1211 501 1252 statione
521 1212 575 1252 ad
596 1212 808 1253 meridiem
831 1212 989 1264 decedi,
1011 1221 1052 1254 et
1073 1213 1115 1254 in
1135 1213 1501 1269 postmeridianam
1522 1213 1741 1254 succedere

325 1268 426 1309 alios
459 1268 609 1324 jussit:
647 1269 706 1310 ita
737 1284 966 1325 numquam
999 1269 1197 1325 fatigatos
1232 1285 1372 1311 recens
1406 1270 1537 1311 hostis
1568 1269 1742 1326 adgredi

324 1334 501 1381 poteioeat

385 1383 612 1422 XXXIV.
646 1383 754 1423 Haec
775 1398 908 1438 quum
929 1383 988 1424 ita
1008 1382 1095 1424 fieri
1116 1383 1254 1439 placer
1257 1400 1292 1435 e,
1315 1383 1508 1424 concione
1525 1383 1741 1434 advocata,

325 1438 653 1494 pronunciasset,
687 1440 838 1495 adiecit
874 1440 1045 1481 urbanae
1085 1440 1268 1482 concioni
1308 1440 1618 1481 convenientem
1654 1456 1744 1481 ora-

325 1495 490 1537 tionem.
541 1497 668 1537 Unum
692 1497 972 1550 imperatorem
990 1500 1032 1538 in
1049 1512 1142 1538 ezer
1144 1499 1224 1538 citu
1237 1499 1456 1551 providere
1472 1504 1510 1538 et
1529 1498 1744 1546 consulere,

324 1555 424 1606 quid
457 1555 654 1607 agendum
688 1555 755 1602 sit,
790 1554 942 1604 dehere,
975 1569 1079 1595 nanc
1105 1569 1185 1607 per
1217 1570 1270 1603 se,
1303 1569 1407 1595 nunc
1435 1569 1519 1595 cum
1551 1556 1617 1605 iis,
1649 1568 1745 1608 quos

323 1612 582 1651 advocaverit
603 1612 644 1651 in
667 1613 888 1652 consilium.
920 1613 991 1665 qui
1011 1626 1089 1651 non
1103 1614 1187 1652 sint
1203 1613 1404 1661 advocati,
1428 1627 1492 1653 eos
1506 1613 1742 1665 necpalam,

323 1682 394 1707 nec
426 1674 575 1708 secreto
594 1667 764 1721 jactare
794 1670 964 1709 consilia
1002 1683 1089 1710 sna.
1147 1670 1330 1710 Militem
1364 1670 1448 1709 [κατ
1482 1670 1566 1710 tria
1602 1683 1747 1709 curare

324 1725 476 1774 debere,
499 1739 641 1777 corpus
660 1732 704 1765 ut
725 1740 842 1779 quam
867 1727 1156 1766 validissimum
1178 1733 1217 1766 et
1238 1727 1560 1780 pernicissimum
1581 1726 1743 1774 habeat,

323 1796 438 1821 arma
460 1789 574 1834 apta,
597 1782 630 1806 ⁸⁸
643 1783 769 1823 cibum
796 1790 987 1835 paratum
1015 1785 1072 1823 ad
1098 1783 1229 1824 subita
1261 1784 1461 1837 imperia:
1491 1790 1623 1823 cetera
1644 1784 1747 1823 scire

323 1840 372 1879 de
401 1854 441 1880 se
463 1840 564 1880 Diis
595 1841 875 1881 inmortalibus
900 1847 939 1880 et
969 1842 1208 1894 imperatori
1233 1856 1303 1881 suo
1335 1854 1441 1880 curce
1470 1855 1562 1881 esse.
1595 1842 1638 1880 in
1668 1854 1746 1894 quo

323 1897 501 1936 ea'ercitu
520 1897 553 1921 8⁹
567 1899 727 1947 milites,
744 1899 895 1949 consul,
911 1904 950 1938 et
969 1899 1190 1951 imperator
1210 1898 1433 1938 rumoribus
1453 1898 1565 1951 vulgi
1578 1899 1745 1938 circum-

323 1961 486 2006 agatur,
511 1954 569 1994 ibi
589 1956 696 1995 nihil
718 1956 899 1995 salutare
919 1970 1010 1996 esse.

1070 1956 1121 1996 Se
1151 1957 1257 2008 quod
1283 1956 1337 1996 sit
1367 1956 1537 2011 officium
1569 1955 1745 2007 impera·-

324 2012 438 2058 toris,
454 2013 724 2063 provisurum,
748 2019 790 2053 ut
812 2013 909 2052 bene
922 2014 1114 2066 gerendae
1133 2014 1195 2052 rei
1214 2013 1456 2053 occasionem
1479 2013 1536 2053 eis
1544 2012 1746 2065 praebeat.

325 2070 417 2108 illos
446 2069 564 2117 nihil,
588 2070 695 2123 quod
706 2070 900 2124 futurum
930 2071 993 2118 sit,
1017 2083 1221 2124 quoerere:

323 2132 403 2165 tum
426 2127 641 2167 militarem
664 2141 825 2180 operam
848 2141 1015 2168 navare.

1254 2070 1323 2110 ubi
1342 2071 1479 2110 datum
1499 2070 1654 2123 signum
1675 2070 1743 2117 sit,

1076 2127 1148 2168 Ab
1173 2127 1237 2168 his
1265 2127 1485 2183 praeceptis
1505 2126 1742 2167 concionem

870 2235 887 2258 b
901 2237 968 2266 dein
985 2236 1082 2267 Gron.
1100 2236 1191 2267 Crev.

366 2330 406 2359 84
430 2330 609 2371 P1·2'mav‹pil2]
629 2330 704 2361 Vid.
719 2336 782 2361 not.
799 2332 850 2361 45.
869 2331 947 2362 adl.
964 2332 1009 2361 II·

323 2382 349 2401 0.
366 2373 420 2402 27.

366 2415 435 2444 85*
446 2414 609 2456 Secretum]
639 2414 704 2446 Soli
730 2415 1011 2458 pri1nopi10,se0r-

324 2467 392 2487 sum
408 2467 427 2487 a
443 2457 563 2487 ceteris.

367 2500 408 2530 86
430 2500 517 2529 Scuto
542 2511 606 2539 prce
633 2512 661 2530 se
690 2501 797 2541 erecto]
836 2501 913 2531 Haec
940 2506 1011 2530 sunt

323 2541 518 2573 incommoda
560 2554 630 2583 quae
673 2549 841 2584 sequuntur
881 2554 918 2573 ex
958 2543 1012 2573 illo

324 2595 406 2615 more
442 2595 534 2626 quem
572 2586 723 2616 hactenus
763 2591 937 2621 tenuerant,
975 2591 1009 2616 ut

324 2633 446 2658 scutum
462 2633 493 2659 et
510 2633 614 2659 cetera
636 2639 722 2659 arma.
742 2628 776 2659 in
792 2628 930 2669 vigiliam
950 2628 1010 2659 fer-

323 2676 400 2701 rent.

367 2714 407 2744 87
434 2714 565 2752 Conspici
588 2735 597 2744 .
621 2736 630 2744 .
653 2736 662 2744 .
686 2735 695 2744 .
715 2715 833 2753 possint,
860 2714 914 2752 ipsi
937 2714 1011 2743 nihil

322 2757 508 2797 provideant]
542 2756 647 2787 Secuti
680 2767 786 2787 sumus
819 2756 1010 2786 emendatio-

325 2809 395 2828 nem
425 2799 586 2836 Gronovii,
615 2810 710 2841 quum
740 2799 825 2842 prius
859 2799 1011 2840 legeretur

322 2843 409 2879 possit
425 2848 455 2871 et
468 2845 631 2881 provident.

1098 2332 1137 2361 88
1165 2331 1267 2361 Cibum
1288 2329 1493 2370 paranandi
1480 2328 1568 2359 Nihil
1597 2328 1647 2359 hic
1674 2339 1741 2358 mu-

1056 2373 1185 2403 tandum
1214 2378 1270 2403 est.
1316 2371 1482 2402 Observari
1507 2371 1607 2413 potuit
1636 2370 1668 2401 in
1693 2382 1744 2401 311-

1055 2416 1226 2457 perioribus
1266 2414 1352 2445 libris
1393 2414 1557 2455 aliquoties
1592 2413 1743 2444 militibus

1058 2459 1209 2489 Romanis
1236 2458 1431 2499 imperatum,
1455 2462 1489 2487 ut
1513 2456 1631 2487 cibaria
1653 2461 1743 2486 cocta

1054 2501 1086 2530 in
1109 2507 1225 2531 certum
1249 2500 1367 2530 dierum
1391 2509 1552 2529 numerum
1571 2498 1738 2530 haberent:

1055 2544 1249 2573 utl.111.c.
1265 2544 1319 2574 27.
1334 2547 1365 2573 et
1380 2541 1453 2572 al1b1
1469 2552 1590 2583 saepius

1095 2587 1136 2616 89
1161 2586 1274 2616 Milites
1295 2586 1435 2615 consulet
1452 2584 1623 2624 imperator]
1648 2584 1741 2614 Hunc

1052 2628 1154 2658 locum
1199 2627 1321 2669 egregie
1363 2627 1510 2658 emendat
1548 2626 1743 2657 doctissimus

1052 2671 1134 2701 idem
1177 2676 1208 2701 et
1246 2670 1508 2711 lngeniosissimus
1551 2669 1739 2700 Perizonius.

1056 2713 1091 2743 In
1127 2725 1181 2753 quo
1210 2715 1336 2744 exercitu
1365 2714 1469 2743 milites
1499 2713 1660 2747 consulant,
1691 2711 1740 2742 vel

1054 2757 1134 2786 miles
1183 2756 1324 2790 consulat,
1374 2758 1529 2795 imperator
1578 2755 1741 2785 rumoribus

1053 2799 1137 2839 vulgi
1172 2801 1402 2840 circumagatur,
1438 2800 1477 2829 ibi
1511 2799 1585 2829 nihil
1613 2798 1742 2827 salutare

1054 2852 1118 2872 ‘'559-
