1816 3159
320 46 401 93 xvi
810 39 1274 89 PRAEFATIO.

317 183 376 231 iis
412 182 495 246 qui
530 186 793 244 supersunt
828 178 965 245 libris
1000 186 1350 236 memorantur,
1387 186 1554 228 noster
1587 182 1756 244 praeci-

317 277 417 323 pua
439 260 657 324 quadam
687 265 738 305 et
762 256 1105 317 admiratione,
1131 265 1180 305 et
1204 258 1360 305 effusa
1383 257 1515 305 velut
1552 258 1756 307 caritate

316 337 605 400 complexus
645 350 753 381 esse
792 333 1008 381 videtur:
1070 334 1203 381 unde
1244 334 1402 382 minus
1449 334 1623 382 mirum
1660 343 1750 392 est,

315 414 450 478 quod
475 412 581 473 ejus
608 409 763 457 amori
788 409 1088 472 plusculum,
1118 428 1269 474 quam
1302 410 1533 460 concedit
1557 410 1752 468 veritas,

314 490 516 554 largitus
552 488 630 536 sit.
704 486 819 534 Fuit
854 503 972 534 sane
1009 486 1178 549 Scipio
1216 504 1315 535 non
1351 487 1509 535 solum
1537 486 1755 536 victoriis

314 565 669 630 triumphisque
693 565 873 621 claruS‚
899 564 987 612 sed
1014 572 1063 611 et
1086 564 1151 612 ob
1186 565 1406 628 egregias
1434 564 1585 612 animi
1610 565 1756 613 virtu-

312 653 385 693 tes
406 644 553 708 plane
570 642 811 699 amabilis,
829 641 1132 698 comitatem,
1155 642 1556 698 munificentiam,
1576 642 1752 690 mode-

311 722 565 770 rationem.
636 721 770 774 Quin
794 727 844 767 et
867 720 1032 782 negari
1057 736 1159 767 non
1183 726 1351 783 potest
1384 736 1495 767 eum
1522 719 1751 782 volupta-

311 807 402 860 tes,
421 800 503 846 ubi
523 815 640 847 usus
666 798 950 861 reipublicae
971 798 1257 860 postularet,
1281 796 1530 861 aspernari
1549 797 1756 861 solitum!

312 893 436 932 esse,
464 883 513 923 et
548 876 738 922 frenare
770 874 1014 931 libidines,
1041 891 1104 921 ne
1139 875 1286 922 rebus
1323 874 1551 937 gerendis
1586 881 1753 922 essent

310 953 686 1016 impedimento.
757 951 914 1013 Cujus
951 951 1099 998 animi
1134 951 1327 1012 insigne
1362 951 1615 1014 specimen
1649 951 1752 999 edi-

311 1030 401 1086 dit,
428 1046 579 1094 quum
607 1031 667 1077 ad
696 1046 808 1077 eum
834 1036 949 1092 post
972 1046 1153 1077 novam
1177 1029 1526 1091 Carthaginem
1553 1034 1750 1091 captam

312 1108 537 1154 adducta
561 1124 590 1153 a
614 1106 847 1153 militibus
873 1113 947 1153 est
985 1106 1157 1153 adulta
1183 1106 1335 1169 virgo,
1364 1106 1545 1154 eximia
1576 1107 1751 1162 forma,

309 1200 458 1246 quam
494 1182 660 1230 statim
700 1181 985 1245 parentibus
1021 1189 1070 1229 et
1105 1199 1292 1245 sponso
1329 1183 1572 1232 reddidit.
1645 1183 1747 1231 Sed

312 1259 483 1306 Livius
520 1276 633 1306 eum
677 1258 847 1306 Stoica
882 1258 1101 1321 quadam
1138 1259 1451 1306 continentia
1487 1260 1751 1308 libidinum

313 1335 582 1383 mirabilem
630 1336 821 1383 efficere
866 1335 1036 1391 voluit,
1080 1351 1143 1382 ne
1190 1336 1300 1400 quis
1348 1337 1542 1386 scilicet
1578 1354 1749 1386 naevus

312 1412 561 1475 egregium
599 1429 778 1476 corpus
821 1413 1134 1461 deformaret.
1203 1412 1383 1476 Itaque
1418 1414 1502 1461 ubi
1541 1415 1642 1478 agit
1687 1417 1750 1464 de

310 1490 395 1537 illa
431 1490 639 1553 captiva,
666 1491 808 1552 cujus
840 1491 991 1538 modo
1029 1490 1332 1538 mentionem
1371 1491 1594 1549 fecimus,
1621 1510 1751 1556 quae-

312 1569 427 1615 dam
471 1568 669 1625 omittit,
706 1569 935 1632 quaedam
979 1568 1073 1616 alio
1113 1569 1392 1632 detorquet,
1435 1586 1544 1633 quae
1587 1586 1616 1617 a
1653 1569 1750 1618 Po-

309 1645 443 1706 lybio
480 1645 764 1709 simpliciter
794 1653 842 1692 et
866 1644 1077 1707 ingenue
1114 1652 1386 1693 memorata
1423 1647 1607 1695 docent
1643 1647 1748 1697 Sci-

308 1721 507 1784 pionem
542 1739 644 1771 non
681 1722 1003 1771 contemsisse
1038 1723 1186 1786 plane
1210 1723 1512 1787 voluptates,
1538 1725 1625 1773 sed
1661 1742 1746 1773 eas

307 1798 441 1845 bono
467 1799 745 1862 reipublicae
771 1799 1137 1862 posthabuisse.

370 1876 589 1924 Juvenes
613 1877 820 1941 quidam
847 1877 1078 1933 Romani,
1105 1877 1263 1941 inquit
1299 1876 1539 1940 Polybius
1564 1878 1648 1926 lib.
1675 1879 1743 1928 X.

306 1955 540 2016 virginem
569 1955 727 2003 aetatis
752 1955 877 2003 flore
901 1962 949 2002 et
973 1956 1141 2002 formae
1177 1954 1402 2003 bonitate
1427 1963 1743 2020 praestantem

306 2031 368 2078 ad
391 2031 676 2096 Scipionem
697 2033 972 2089 adducunt,
993 2049 1145 2096 quum
1166 2034 1515 2082 observassent
1533 2051 1646 2081 eum
1659 2052 1744 2083 cu-

303 2109 475 2173 pidum
501 2126 610 2157 esse
639 2110 964 2174 voluptatum,
991 2118 1182 2174 φιλογύνην
1203 2117 1303 2162 ὄντα.
1350 2111 1446 2159 hoc
1482 2112 1744 2175 supprimit

303 2187 506 2234 omnino
528 2186 715 2235 Livius.
770 2187 1067 2252 Respondet
1085 2187 1181 2234 illis
1199 2188 1468 2249 juvenibus
1486 2190 1622 2252 apud
1640 2189 1740 2238 Po-

302 2264 489 2327 lybium
527 2265 695 2328 Scipio
732 2283 800 2322 se,
832 2265 873 2314 si
905 2265 1124 2329 privatus
1149 2265 1348 2324 viveret,
1373 2266 1566 2314 nullum
1602 2267 1739 2314 aliud

301 2342 489 2404 gratius
513 2342 737 2406 accipere
756 2343 974 2407 potuisse
999 2359 1208 2401 munus3
1243 2344 1454 2401 nullum,
1476 2360 1627 2407 quum
1651 2343 1740 2392 im-

301 2425 498 2481 perator
522 2428 665 2477 esset,
694 2420 855 2468 minus
888 2428 1097 2483 gratum.
1166 2421 1318 2474 Quod
1351 2437 1659 2484 responsum,
1682 2422 1737 2470 li„

302 2501 382 2542 cet
406 2512 491 2558 per
513 2513 565 2544 se
597 2498 732 2544 haud
759 2498 1045 2559 obscurum,
1071 2498 1288 2562 explicat
1323 2498 1535 2561 apertius
1570 2504 1738 2547 tamen

301 2572 539 2635 Polybius
559 2590 568 2619 ε
607 2581 669 2630 et,
687 2574 806 2621 dum
830 2575 1067 2637 explicat,
1090 2574 1211 2622 satis
1230 2580 1437 2622 testatur
1453 2592 1506 2622 se
1528 2575 1738 2639 ipsamet

302 2649 552 2712 Scipionis
577 2651 726 2698 verba
763 2652 1001 2700 attulisse.
1073 2651 1189 2699 Hoc
1214 2651 1443 2699 nimirum
1481 2652 1634 2709 dicto,
1661 2653 1733 2700 in-

299 2727 419 2790 quit,
456 2728 692 2776 innuebat
727 2727 915 2791 Scipio,
954 2728 1203 2788 ejusmodi
1245 2745 1320 2776 res
1359 2746 1442 2792 per
1475 2728 1652 2792 quietis
1686 2736 1734 2776 et
