1841 3179
472 75 857 115 HISTORIARUM
886 75 1000 113 TlTi
1033 77 1183 114 L1V11.
1397 83 1535 119 cxxxix

80 186 263 233 tardiom·
312 202 385 227 nec
420 202 494 227 suo
524 185 703 241 quisque
738 185 853 241 operi
885 185 1035 227 artifex
1069 186 1223 227 (ulcerat.
1288 190 1537 233 Convocatis

79 240 229 283 deinde
259 244 444 285 onmium
475 242 725 299 populorum
761 242 1052 297 legationibus,
1075 242 1355 285 ¹⁶summatim
1381 251 1539 299 prioris

78 298 170 338 belli
191 306 364 341 eventus
383 302 606 347 recensuit,
624 301 892 353 laudatisque
912 302 1132 341 (deitatum
1151 316 1356 342 moisen-su
1373 310 1413 343 et
1432 308 1539 346 mili-

78 359 170 395 tum
190 360 360 407 virtute,
376 373 479 413 quas
500 357 587 412 ipse
609 369 673 396 res
691 356 898 397 flaons-iliu
916 359 1178 410 providisset,
1196 374 1385 414 quasque
1406 361 1447 400 1'11
1467 378 1539 417 op-

79 414 318 466 pugnandis
340 414 516 455 urbibus
545 413 727 453 hostium
750 413 956 467 gessisset,
979 415 1193 470 exposuit;
1241 424 1282 456 et
1304 415 1357 455 ad
1379 417 1539 472 reliqua

83 467 179 509 belli
202 471 443 512 cohortatus
464 479 524 511 est
546 470 689 525 paucis
710 470 877 511 edoctos
907 479 1113 525 quantum
1137 471 1352 528 Hispaniae
1373 475 1539 528 provin-

79 524 155 565 ciae
190 527 403 569 interesset
435 544 528 569 suas
572 535 711 582 partes
743 527 975 582 superiores
1010 544 1108 569 esse.
1171 529 1353 570 Dimisso
1388 530 1538 573 deinde

78 592 299 634 conventu,
324 585 467 640 jussis,
490 600 586 641 quae
617 583 855 624 ¹⁸omnibus
885 586 1177 634 conducerent,
1199 588 1431 640 quibusque
1458 588 1535 629 sibi

72 647 244 692 possent
271 656 338 682 res
367 657 531 683 servare
563 656 671 690 suas,
693 640 898 696 principio
928 642 1035 682 veris
1067 644 1130 682 M.
1157 644 1410 698 Perpernam
1441 660 1536 686 cum

79 695 264 753 ¹⁹viginti
286 698 454 740 milibus
476 697 681 755 peditum,
700 697 915 753 equitibus
930 699 1041 739 mille
1062 700 1303 755 quingentis
1320 700 1360 741 in
1382 700 1538 743 ‘²⁰Ilur-

78 768 253 795 caonum
284 764 451 810 gentem
482 755 593 796 misit
627 754 680 795 ad
710 755 910 796 tuendam
946 756 1126 811 regionis
1160 758 1251 812 ejus
1286 758 1536 800 maritimam

77 825 211 858 oram;
245 810 354 853 datis
375 812 609 869 praeceptis,
631 811 786 867 quibus
808 811 1025 853 itineribus
1046 813 1216 854 duceret
1239 814 1293 854 ad
1313 814 1537 856 defenden-

77 866 151 908 das
172 868 301 909 socias
332 870 469 919 urbes,
493 884 597 925 quas
618 868 648 892 ⁶⁶⁷¹
662 868 886 924 Pompeius
914 878 1194 925 oppugnaret,
1216 871 1456 927 quibusque
1476 873 1537 929 ip-

77 939 169 964 sum
190 939 339 981 agmen
363 926 548 983 Pompeii
571 941 622 966 ex
644 925 802 966 insidiis
823 925 1136 981 adgrederetur.

134 982 303 1022 EODEM
335 990 519 1039 tempore
551 991 591 1023 et
622 982 675 1023 ad
708 983 1054 1033 Herennuleium,
1084 984 1157 1039 qui
1188 984 1231 1025 in
1260 985 1407 1026 iisdem
1438 986 1536 1028 locis

77 1046 180 1088 erat,
203 1038 363 1080 litteras
388 1040 514 1090 misit,
537 1049 576 1081 et
598 1039 681 1079 ‘Min
712 1039 885 1080 alteram
916 1041 1171 1095 provinciam
1194 1042 1246 1082 ad
1268 1041 1359 1082 23L.
1378 1044 1537 1085 Hertu-

76 1094 218 1145 leium,
238 1097 501 1153 praecipiens,
525 1095 878 1152 quemadmodum
901 1097 1058 1138 bellum
1080 1098 1369 1139 administrare
1390 1100 1532 1149 vellet3

78 1160 175 1192 ante
204 1153 343 1194 omnia
372 1162 420 1195 ut
442 1154 501 1195 ita
522 1154 650 1194 socias
680 1152 869 1193 civitates
900 1162 1105 1203 tueretur,
1127 1170 1178 1195 ne
1199 1154 1284 1195 acie
1315 1171 1410 1196 cum
1444 1158 1536 1198 Me-

76 1208 175 1249 tello
197 1209 427 1260 dimicaret,
450 1210 516 1250 cui
538 1225 673 1265 neque
704 1208 953 1250 auctoritate
974 1225 1109 1265 neque
1130 1211 1290 1252 viribus
1311 1228 1387 1267 par
1407 1223 1532 1255 esset:

76 1279 128 1305 ne
148 1265 236 1321 ipse
257 1266 427 1322 quidem
450 1266 666 1307 consilium
683 1265 881 1306 fflinierat
902 1268 1101 1307 adversus
1123 1283 1217 1308 eum
1238 1271 1382 1318 eundi,
1400 1285 1536 1325 neque

76 1320 456 1376 inpraesentz'arum
463 1326 734 1364 incursurum
745 1337 839 1361 eum
849 1323 1058 1373 credebat,
1068 1324 1099 1364 si
1108 1325 1345 1365 traheretur
1357 1326 1513 1367 bellum
1524 1345 1532 1368 ;

75 1378 201 1429 hosti,
215 1394 311 1420 cum
332 1395 445 1420 mare
466 1381 518 1421 ab
540 1388 658 1435 tergo
679 1378 996 1435 provinciasque
1017 1396 1157 1421 omnes
1178 1382 1220 1421 in
1237 1390 1444 1437 potestate
1464 1384 1535 1424 ha-

75 1435 208 1485 beret,
230 1436 407 1477 navibus
427 1437 615 1492 undique
637 1443 892 1477 commeatus
915 1445 1129 1478 venturos:
1163 1438 1241 1493 ipsi
1262 1447 1418 1489 autem,
1440 1456 1535 1480 con-

77 1492 255 1548 sumptis
275 1493 412 1549 priore
433 1502 591 1543 aestate,
608 1509 704 1549 quae
725 1501 960 1548 praeparata
981 1494 1170 1545 fuissent,
1188 1495 1374 1536 omnium
1394 1512 1533 1537 rerum

75 1547 260 1605 inopiam
280 1550 386 1591 fore:
421 1552 675 1606 Perpernam
696 1549 738 1590 in
759 1549 1009 1591 maritimam
1041 1552 1251 1607 regionem
1272 1551 1534 1609 ²⁵superveu-

76 1665 158 1693 forte
188 1666 243 1705 qui
272 1665 455 1706 conjiciant,
482 1670 515 1697 in
545 1668 598 1697 hoc
628 1667 787 1696 servitium
828 1666 916 1696 Julio
939 1667 1069 1703 Caesari,
1086 1667 1121 1697 de
1143 1669 1231 1698 Bello
1253 1669 1348 1704 civili,
1368 1671 1393 1700 Ι.
1417 1670 1468 1699 59.
1485 1672 1532 1699 di-

77 1707 205 1737 tardior.
250 1710 295 1739 At
310 1711 456 1748 displicet
468 1712 628 1740 servitium
640 1711 700 1739 hoc
717 1719 789 1739 sen·
827 1714 945 1738 cuntur
967 1710 1243 1749 Illurgavonenses.
1288 1713 1461 1750 Ptolemaeo
1488 1714 1534 1744 ΙΙ.

77 1759 114 1780 su
131 1757 335 1790 usurpatum,
351 1762 408 1783 nec
426 1753 597 1783 Livianum
613 1757 671 1782 est.

122 1794 162 1822 16
185 1794 372 1824 Summattm
393 1797 511 1834 prioris
533 1796 610 1825 belli.
629 1817 637 1826 .
654 1817 662 1826 .
678 1816 686 1823 .
704 1796 786 1824 miti-

77 1838 143 1865 tum
166 1837 288 1866 virtute.
336 1839 418 1867 Haec
441 1839 636 1868 conveniunt
660 1839 698 1866 iis
714 1847 786 1875 quae

76 1880 283 1915 antecedunt,
305 1885 337 1910 et
359 1882 441 1918 loco,
460 1882 515 1919 qui
538 1885 570 1910 in
595 1882 702 1910 codice
725 1881 788 1920 legi

79 1929 142 1949 non
160 1926 273 1959 potest.

123 1962 161 1993 17
187 1964 320 1994 Consilio
329 1965 520 2003 providisset.
566 1967 648 1996 Haec
659 1976 786 2005 quoque

78 2006 154 2034 satis
169 2008 354 2037 indicantur
370 2017 475 2037 rerum
494 2011 584 2040 serie.

123 2048 162 2078 18
202 2049 350 2079 Omnibus
386 2051 596 2089 conducerent,
624 2052 787 2090 quibusque

78 2091 135 2120 sibi
159 2096 278 2130 possent
308 2102 354 2121 res
382 2102 512 2123 servare.
556 2096 787 2124 Antecedentia

78 2139 110 2162 et
126 2135 256 2173 reliquae
272 2136 373 2164 literae
391 2136 459 2166 haec
474 2137 659 2176 indigitant.

126 2177 162 2205 19
200 2178 320 2215 Viginti
355 2179 486 2209 milibus.
532 2180 621 2209 Libri
652 2185 787 2217 veteres,

79 2219 317 2257 Inscriptiones,
335 2226 370 2249 ut
386 2226 417 2250 et
433 2223 485 2252 hic
500 2224 599 2252 codex
613 2223 787 2252 Vaticanus

80 2261 163 2291 Livii
188 2271 272 2300 saepe
294 2263 413 2293 habent
434 2266 567 2297 milibus,
591 2266 691 2295 milia.
725 2266 786 2294 Sed

79 2309 110 2333 et
125 2305 193 2342 ipse
209 2315 334 2343 quoque
351 2316 426 2335 mox
442 2308 538 2337 habet
553 2308 644 2336 mille.

123 2348 164 2376 20
188 2347 396 2377 Ilurcaonum.
422 2350 605 2379 Ilurcaones
622 2359 710 2379 oram
721 2359 789 2379 ma-

78 2390 220 2418 ritimam
244 2391 283 2418 ad
307 2392 387 2420 ostia
410 2393 551 2421 fluminis
576 2393 700 2426 Hiberi,
717 2392 788 2421 Z'E-

80 2433 144 2467 bro,
169 2433 373 2462 habitabant:
414 2443 499 2463 nunc
522 2435 550 2463 la
569 2437 672 2473 partie
693 2436 787 2465 νηόν-ι’-

80 2474 198 2503 (Ιέοιιαῖε
218 2475 254 2504 de
275 2476 304 2504 la
329 2476 497 2515 Cutalogne
512 2480 541 2506 et
555 2477 585 2506 la
595 2478 700 2516 partie
723 2488 787 2516 sep·

82 2517 262 2546 tentrionale
298 2518 338 2548 du
375 2519 535 2557 Royaume
571 2520 606 2549 de
650 2521 788 2549 Valence.

83 2559 178 2587 Forte
215 2561 328 2590 melius
359 2563 547 2591 scriberetur
584 2563 790 2594 Herc-nonum.

83 2602 155 2640 Ipse
168 2601 279 2631 Livius
294 2603 410 2634 XXII.
426 2604 477 2635 21.
489 2606 567 2634 dixit
581 2606 612 2634 in
623 2615 701 2644 agro
711 2605 788 2635 Iler-

81 2645 272 2673 caonensium
282 2656 295 2679 ‚·
320 2652 352 2675 et
367 2647 434 2684 ipse
450 2657 526 2677 mox
542 2649 626 2678 infra
642 2651 673 2677 in
690 2649 788 2687 Frag-

81 2691 191 2715 mento
207 2693 363 2718 memorat
379 2689 598 2720 Ilercaoniam.
632 2692 645 2720 1
650 2701 669 2720 n
687 2693 787 2720 Plinio

83 2728 144 2757 111.
161 2729 191 2758 3.
209 2729 324 2766 legitur
339 2732 425 2769 regio
440 2733 647 2771 Ilergaonum.
667 2735 787 2763 'Multa

80 2775 128 2799 est
144 2773 228 2810 apud
244 2773 390 2811 antiquos
414 2776 580 2813 scriptores
599 2777 630 2804 in
649 2778 785 2806 scriben-

81 2813 127 2842 dis
158 2815 341 2845 nominibus
372 2817 516 2846 varietas.
563 2818 663 2848 Iidem
703 2820 786 2849 enim

828 1752 857 1781 6.
875 1751 1062 1793 ’Χλερκοίονεμ

870 1795 908 1825 21
935 1797 1110 1834 Pompeius.
1156 1798 1193 1826 In
1232 1798 1339 1826 codice
1376 1798 1535 1827 Vaticano

828 1838 975 1867 librarius
998 1840 1124 1876 scripsit
1139 1841 1304 1878 Pompeius,
1322 1840 1468 1879 Pompeii,
1489 1843 1536 1869 in-

823 1881 989 1919 ploratum.
1044 1881 1134 1912 Vitia
1161 1888 1236 1912 sunt
1267 1884 1537 1921 pronuntiationis

828 1929 859 1952 et
876 1924 1051 1962 scripturae,
1069 1934 1141 1962 quae
1157 1936 1196 1955 ex
1220 1926 1363 1954 nummis
1379 1930 1410 1954 et
1425 1926 1539 1965 lapidi-

827 1967 886 1995 bus
900 1967 1056 2005 corrigere
1074 1977 1211 2005 pronun]
1228 1972 1286 1997 est.

872 2009 911 2038 22
935 2009 976 2038 In
999 2011 1125 2039 alteram
1142 2012 1348 2049 provinciam.
1395 2011 1432 2039 In
1461 2011 1536 2041 His-

828 2052 956 2090 paniam
973 2053 1178 2088 ulteriorem;
1210 2054 1400 2091 videturque
1418 2054 1539 2083 Hertu-

828 2095 907 2123 leius
924 2094 1021 2124 fuisse
1037 2095 1069 2124 in
1088 2096 1261 2124 Lusitaniae
1276 2097 1404 2133 finibuS,
1418 2097 1446 2126 le
1457 2096 1540 2126 Por-

827 2137 924 2175 tugal,
956 2146 1029 2175 quae
1062 2146 1134 2175 pars
1164 2143 1232 2167 erat
1259 2138 1427 2177 Hispaniae
1458 2140 1538 2169 ulte-

828 2180 930 2209 rimis,

872 2222 914 2252 23
937 2222 977 2251 L.
1004 2223 1213 2252 Hcrtulm'um.
1259 2225 1426 2261 Perperam
1461 2225 1538 2263 Epi-

830 2270 915 2294 tome
940 2265 1074 2294 Liviana
1096 2266 1164 2294 libr.
1183 2266 1267 2295 XCI.
1293 2267 1399 2300 habet,
1416 2267 1539 2296 Ilerca-

830 2308 926 2341 leius‚·
966 2307 1159 2345 Fragmenta
1177 2309 1331 2342 Sallustii,
1348 2309 1538 2341 Hirtuleius.

830 2350 955 2378 Verum
973 2359 1090 2378 nomen
1106 2352 1213 2388 prodit
1229 2352 1471 2388 antiquissimus
1486 2353 1538 2383 hic

830 2392 918 2420 Livii
955 2394 1066 2426 codex,
1098 2399 1132 2422 ut
1163 2397 1248 2422 recte
1278 2395 1457 2423 observavit
1489 2396 1539 2426 Cl,

829 2436 945 2464 Bruns.

873 2477 914 2507 24
936 2478 1059 2506 Jm'emt
1081 2478 1225 2507 adversus
1240 2488 1306 2507 eum
1324 2479 1430 2513 cnudi,
1447 2489 1539 2517 rneque

831 2523 861 2549 in
882 2521 1119 2559 prccsentiarzcm
1136 2522 1342 2552 incursurum,
1388 2522 1469 2555 Quae
1486 2531 1537 2550 su-

829 2567 941 2602 perant
957 2564 988 2591 in
1008 2563 1080 2594 MS.
1093 2565 1199 2593 codice
1211 2565 1362 2602 locusque
1376 2573 1412 2592 ea
1424 2573 1537 2602 sugge-

830 2610 914 2636 runt.

873 2647 913 2678 25
937 2648 1209 2687 &perventur-mn.
1254 2648 1328 2676 Jam
1353 2657 1425 2685 pars
1448 2650 1535 2677 verbi

831 2692 968 2722 occurrit
983 2693 1015 2720 in
1031 2692 1102 2720 MS.
1120 2692 1239 2720 codice.
1284 2690 1321 2718 Id
1344 2700 1470 2728 quoque
1486 2691 1534 2718 in-

828 2736 908 2768 nuit,
927 2736 1011 2772 quod
1035 2743 1110 2763 mox
1136 2734 1291 2771 sequitur,
1310 2733 1454 2762 incautos.
1473 2754 1481 2762 .
1499 2753 1507 2762 .
1526 2753 1533 2761 .

827 2777 1051 2816 adgressurum.
