1805 3174
311 273 778 341 DISPUTAT
784 274 884 342 10
934 276 1270 344 BREVIS

65 447 167 496 DE
214 447 707 504 PONDERIBUS,
747 447 1094 510 PECUNIA,
1139 449 1517 500 MENSURls

307 595 343 631 A
373 593 530 632 LIVlO
562 594 889 632 IDENTIDEM
920 595 1270 635 MEMORATIS.

69 825 375 878 IMMENSA
401 841 566 876 exstant
593 832 646 874 dc
673 832 943 889 ponderibus,
966 835 1155 888 pecunia,
1179 836 1384 876 mensuris
1413 836 1527 891 apud

66 900 226 934 veteres
247 892 410 933 usitatis
426 890 654 932 volumina:
687 897 745 939 et,
764 890 833 943 qui
851 905 936 930 rem
955 891 1187 932 universam
1211 892 1428 948 complecti
1446 892 1528 933 dis-

67 948 241 990 serendo
271 948 386 998 velit,
417 947 642 989 latissimus
676 946 713 986 ei
749 946 994 1002 subjicietur
1029 948 1289 1004 explicandae
1324 949 1528 989 doctrinae

68 1019 250 1061 campus.
313 1005 400 1046 Nos
429 1020 519 1046 eam
549 1003 826 1045 delibabimus
856 1011 1035 1055 tantum,
1065 1014 1106 1046 et
1138 1014 1342 1060 quatenns
1373 1005 1445 1046 illa
1474 1006 1528 1047 ad

68 1062 388 1117 intelligendum
411 1061 581 1102 Livium
603 1061 830 1100 necessaria
850 1068 922 1100 est.

128 1120 287 1174 Atque,
311 1127 356 1159 ut
378 1134 402 1159 a
422 1117 676 1174 ponderibus
696 1117 956 1172 incipiamus,
978 1125 1104 1172 caput
1132 1118 1191 1158 rei
1214 1119 1356 1168 totius,
1380 1126 1421 1159 ct
1442 1134 1527 1159 ccr-
1541 1135 1596 1165 DE
1610 1142 1737 1165 powg.

71 1175 273 1217 tissimam
294 1177 384 1231 ejus
405 1173 676 1230 expediendae
697 1173 806 1213 viam
834 1173 999 1228 aperuit
1020 1175 1085 1214 vir
1106 1175 1246 1230 magni
1274 1176 1317 1215 in
1341 1174 1527 1216 Philoso-
1541 1186 1659 1208 ffllws·

70 1232 172 1288 phia
198 1232 389 1282 nominis,
417 1246 493 1272 nec
520 1230 656 1271 minus
683 1229 916 1271 eruditione
943 1229 1166 1286 multiplici
1195 1231 1343 1281 clarus,
1376 1232 1528 1274 Petrus
1622 1234 1627 1238 ’

74 1288 326 1330 Gassendus.
388 1289 487 1337 Hic,
524 1301 654 1342 quum
694 1286 941 1341 impetratus
981 1295 1086 1328 esset
1126 1302 1151 1328 a
1188 1288 1402 1329 Peiresxio
1440 1289 1527 1340 illo,
1542 1302 1693 1332 Gassend.
1707 1302 1747 1331 de

72 1359 196 1401 quem
225 1360 321 1386 vere
357 1344 585 1385 dixerimus
615 1342 848 1384 litterarum
878 1351 919 1384 et
950 1343 1231 1385 litteratorum
1260 1344 1528 1396 nutriculam,
1544 1346 1609 1394 vira
1626 1344 1747 1373 Peires-

73 1401 289 1443 modulusa
303 1409 494 1442 accurate
523 1413 741 1456 expressus
770 1415 821 1440 ex
852 1400 1014 1455 congio,
1046 1401 1117 1455 qui
1147 1401 1271 1442 hodie
1297 1402 1340 1442 in
1370 1387 1643 1444 aedibusxn,1.
1661 1387 1705 1416 ¹¹*

78 1458 341 1500 Farnesianis
369 1459 518 1498 Romae
545 1464 795 1506 asservatur,
817 1457 977 1512 positus
1003 1456 1103 1498 olim
1128 1457 1172 1498 in
1202 1457 1411 1514 Capitolio
1434 1460 1532 1501 Ves-

76 1515 237 1571 pasiani
258 1515 529 1570 temporibus,
552 1522 749 1569 tanquam
778 1512 912 1553 forma
931 1522 973 1555 et
994 1514 1205 1570 exemplar
1232 1515 1417 1555 omnium
1438 1532 1532 1557 con-

77 1572 258 1627 giorum,
279 1586 362 1612 non
389 1571 601 1612 dubitavit
622 1570 722 1625 quin
743 1578 855 1611 certo
882 1570 1174 1626 exploraturus
1195 1580 1300 1613 esset
1330 1573 1535 1614 Romanae

78 1628 198 1670 librae
228 1629 403 1684 pondus.
476 1629 617 1678 Quum
647 1627 756 1667 enim
787 1634 962 1676 constet,
993 1635 1038 1669 ut
1069 1628 1180 1668 infra
1209 1628 1408 1679 dicemus,
1440 1645 1534 1671 con-

78 1685 197 1740 gium
227 1685 369 1726 decem
398 1685 539 1741 pondo
559 1684 660 1733 vini,
683 1683 747 1723 vel
768 1697 904 1738 aquae,
929 1683 1059 1734 (idem
1082 1685 1191 1725 enim
1222 1685 1351 1726 ferme
1383 1687 1535 1727 utrius-

79 1757 161 1797 que
186 1742 358 1797 liquoris
387 1742 551 1797 pondus
571 1743 652 1795 est)
675 1740 816 1789 fuisse,
838 1740 909 1780 hic
939 1740 1050 1781 idem
1071 1742 1313 1797 congius,‘si
1336 1743 1447 1792 vino,
1469 1743 1535 1784 vel

81 1813 191 1854 aqua
224 1798 370 1855 plenus
411 1798 665 1854 ponderibus
701 1797 956 1838 nostratibus
996 1799 1272 1854 appendatur,
1309 1801 1535 1841 necessario

81 1856 257 1896 daturus
270 1864 332 1896 est
353 1870 497 1896 verum
518 1855 719 1895 librarum
742 1855 945 1894 Romanae
966 1855 1245 1910 nostratisque
1267 1854 1501 1896 discrimen.

141 1912 223 1953 Sed
243 1912 320 1952 hac
340 1912 384 1952 in
405 1927 448 1952 re
468 1926 644 1967 magnus
670 1911 805 1966 primo
826 1918 1013 1951 versatus
1042 1919 1104 1952 est
1125 1927 1252 1962 error,
1275 1926 1397 1966 quem
1418 1913 1537 1954 nobis

80 1968 292 2024 ingeniose
322 1968 656 2024 deprehendisse,
677 1975 734 2017 et,
755 1975 875 2008 eruto
904 1983 955 2008 ex
976 1968 1223 2023 ambagibus
1252 1969 1440 2010 obscurae
1470 1985 1538 2010 ve-

81 2026 250 2066 tustatis
277 2039 389 2075 vero,
411 2025 586 2066 feliciter
616 2024 839 2065 correxisse
866 2025 979 2065 visus
1009 2032 1070 2065 est
1100 2025 1349 2066 clarissimus
1380 2026 1538 2067 Labar-

84 2097 193 2131 reus,
225 2097 246 2122 e
285 2082 420 2137 Regia
448 2082 765 2137 inscriptionum
795 2088 837 2121 et
866 2081 1101 2122 litterarum
1139 2082 1385 2132 Academia,
1425 2083 1540 2124 edita

86 2153 209 2194 super
229 2138 307 2178 hoc
337 2139 504 2194 negotio
525 2138 764 2179 doctissima
793 2136 1089 2193 disputatione,
1113 2138 1236 2179 Tom-
1261 2139 1391 2180 VIII.
1416 2140 1539 2180 Com-

85 2196 384 2236 mentariorum
406 2195 769 2243 Academicorum,
790 2209 831 2249 p.
854 2195 949 2237 372.

145 2252 371 2302 Nimirum,
388 2267 518 2304 quum
534 2251 705 2307 congius
722 2251 998 2292 Farnesianus
1013 2251 1232 2308 inscriptas
1251 2252 1448 2308 praeferat
1464 2252 1538 2292 has
1551 2265 1691 2303 Congius
1706 2265 1753 2294 vi-

86 2316 207 2350 notas
228 2310 281 2350 P.
300 2308 356 2348 X.
377 2309 422 2349 id
443 2317 519 2359 est,
535 2309 675 2362 pondo
696 2309 840 2357 decem,
861 2315 903 2348 et
923 2315 1128 2364 praeterea
1147 2317 1305 2350 constet
1328 2325 1378 2350 ex
1411 2310 1537 2350 Festo
1548 2309 1581 2338 ¹¹¹
1597 2309 1706 2337 decem

87 2366 178 2422 lege
200 2366 403 2407 sancitum
433 2381 533 2415 esse,
556 2373 603 2407 ut
623 2366 787 2419 congius
807 2365 895 2406 vini
924 2367 1052 2406 decem
1065 2367 1205 2417 pondo
1234 2366 1323 2416 siet,
1344 2366 1538 2420 idemque
1550 2351 1665 2391 ‘mdo'

89 2422 236 2463 doceat
256 2430 377 2464 vetus
398 2423 574 2478 scriptor
605 2422 810 2469 Fannius;
843 2422 955 2477 quod
976 2423 1112 2478 primo
1131 2422 1246 2464 venit
1273 2423 1316 2463 in
1343 2430 1538 2472 mentem,

89 2478 135 2519 id
155 2493 296 2520 omnes
326 2479 466 2521 statim
487 2495 564 2535 pro
583 2487 696 2520 certo
725 2479 950 2535 arripuere,
973 2479 1115 2520 decem
1142 2479 1268 2520 libras
1292 2479 1433 2536 pondo
1454 2478 1538 2518 vini
1552 2492 1653 2530 Super
1667 2500 1704 2521 ea
1719 2499 1752 2520 re

91 2535 293 2576 contineri
323 2537 485 2591 congio,
508 2536 592 2577 sive
623 2544 789 2576 centum
816 2544 858 2577 et
883 2536 1032 2592 viginti
1063 2536 1204 2577 uncias
1233 2536 1391 2591 pondo:
1438 2535 1540 2575 duo-
1551 2544 1645 2565 error.

92 2592 227 2632 decim
257 2593 366 2634 enim
392 2593 524 2634 unciis
551 2592 659 2633 libra
688 2593 880 2633 Romana
908 2593 1165 2634 censebatur.
1227 2593 1316 2632 Nec
1346 2591 1540 2646 cuiquam

91 2647 212 2689 facile
234 2649 410 2705 suspicio
439 2650 632 2700 oriretur,
653 2665 740 2690 rem
770 2649 889 2691 aliter
910 2665 952 2691 se
971 2649 1123 2691 habere
1150 2648 1343 2705 potuisse.
1407 2647 1459 2688 Id
1482 2656 1542 2688 ta-

134 2751 150 2768 ²
166 2750 263 2822 Igunc
279 2751 446 2781 modulum
462 2761 479 2782 e
493 2753 606 2791 congio
628 2752 820 2782 Farnesiano
842 2760 1027 2791 expressum
1045 2751 1181 2790 possidet
1205 2751 1402 2781 Bibliotheca
1425 2750 1542 2790 Sange-

94 2801 175 2822 nove
200 2802 258 2822 ana
276 2793 409 2823 Parisiis.
