1816 3159
300 76 403 124 :xxii
825 72 1294 123 PRAEFATIO.

302 223 353 263 et
376 214 546 278 ignota
582 214 876 264 occurrant?
918 212 1074 277 Atqui
1100 213 1323 276 profecto
1359 210 1626 271 cujuslibet
1660 228 1749 275 po-

301 292 408 356 puli
431 292 652 347 historia,
680 308 783 338 non
808 308 883 339 res
908 297 1100 339 tantum
1130 291 1262 337 bello
1289 302 1472 352 gestas,
1497 291 1585 337 sed
1613 290 1750 353 leges

300 369 628 432 institutaque
654 367 815 431 gentis
851 367 1215 429 complectitur,
1241 385 1353 431 quae
1380 373 1430 414 et
1455 367 1750 416 delectatio-

301 464 411 494 nem
441 447 638 501 habent,
660 453 709 492 et
733 445 958 508 pluribus
982 462 1112 508 saepe
1131 445 1400 492 lectoribus
1424 444 1622 493 utilitati
1642 464 1752 495 esse

301 535 515 588 possunt
549 540 700 587 quam
726 523 1000 586 praeliorum
1028 522 1445 587 victoriarumque
1469 523 1704 573 narratio,

370 603 496 649 Sunt
530 601 613 666 qui
651 601 843 649 Livium
880 618 938 649 eo
977 601 1142 649 colore
1179 602 1468 658 defendant,
1495 602 1632 665 quod
1667 602 1755 649 illa

304 678 471 726 onmia
505 696 616 742 quae
638 679 689 726 in
712 695 771 726 eo
796 696 929 726 nunc
965 678 1271 742 requirimus
1299 677 1542 726 Romanis
1572 679 1753 742 quibus

303 756 550 803 scribebat
565 756 826 804 notissima
848 773 956 804 esse
976 756 1145 803 sciret:
1174 756 1380 803 Graecos
1406 763 1755 820 autem,quum

304 834 408 881 suis
433 834 606 897 ignota
624 834 910 891 scriberent,
929 851 1138 882 necesse
1159 832 1394 888 habuisse
1419 840 1602 882 cuncta
1624 834 1756 897 sigil-

303 912 442 960 latim
466 928 740 959 recensere.

371 990 471 1038 Sed
501 1007 560 1037 ex
586 989 761 1054 priscis
786 989 884 1038 illis
910 989 1148 1037 institutis
1185 991 1339 1037 multa
1364 1006 1484 1037 sane
1508 995 1755 1039 vetustate

305 1069 640 1126 exoleverant,
668 1068 825 1116 multa
846 1069 987 1116 novis
1014 1069 1206 1131 legibus
1236 1069 1475 1131 abrogata
1499 1074 1754 1117 mutatave

304 1148 525 1193 fuerant:
568 1163 677 1208 quae
713 1146 925 1209 proinde
961 1163 1134 1208 parum
1169 1152 1288 1193 nota
1324 1147 1472 1210 vulgo
1510 1147 1754 1196 Romanis

304 1231 488 1271 essent.
556 1224 670 1271 Jam
705 1238 820 1270 vero
856 1222 1029 1270 Livius
1064 1223 1113 1270 in
1151 1229 1292 1270 tanto
1329 1241 1480 1287 opere
1514 1241 1616 1272 non
1651 1241 1754 1272 suae

302 1302 458 1349 inodo
485 1301 641 1348 aetatis
679 1300 919 1359 homineS,
950 1302 1038 1348 sed
1062 1309 1109 1348 et
1134 1308 1361 1364 posteros
1396 1301 1573 1349 intueri
1608 1303 1767 1360 debe-¹

305 1380 404 1436 bat,
433 1381 494 1426 ad
517 1397 644 1443 quos
670 1379 756 1428 illa
791 1379 1056 1427 transmitti
1092 1396 1192 1427 non
1220 1386 1464 1443 poterant,
1484 1379 1577 1427 nisi
1601 1379 1757 1428 histo-

304 1459 415 1505 ricis
441 1457 758 1505 monimentis
794 1457 1220 1520 consignarentur.
1291 1457 1412 1505 Non
1449 1474 1576 1519 aegre
1598 1456 1646 1504 in
1676 1474 1756 1505 eo-

209 1548 223 1566 ·
305 1552 410 1582 rum
437 1535 738 1584 sententiam
776 1534 1147 1591 descendimus,
1173 1534 1259 1599 qui
1295 1534 1580 1583 existimant
1614 1535 1753 1583 illum

303 1613 620 1675 explicandae
653 1613 948 1676 eloquentiae
974 1613 1210 1675 cupidum
1239 1613 1473 1661 maluisse
1497 1613 1546 1661 in
1570 1613 1753 1676 praeliis

301 1691 591 1738 enarrandis
629 1698 867 1755 tanquam
906 1691 1063 1738 libero
1104 1708 1286 1754 eampo
1322 1691 1562 1750 exultare,
1602 1708 1753 1755 quam

302 1767 494 1829 legibus
532 1769 843 1832 exponendis
893 1785 1005 1816 cum
1043 1777 1254 1832 angusta
1287 1776 1337 1817 et
1374 1769 1514 1816 arida
1551 1769 1755 1817 materia

302 1845 497 1893 luctari.

86 1938 265 1968 contentio.
372 1923 501 1970 Sunt
525 1931 693 1971 tamen
717 1940 828 1986 quae
863 1923 945 1971 ille
969 1923 1164 1971 silentio
1199 1923 1475 1978 tramiserit‚
1501 1924 1551 1971 in
1575 1923 1754 1987 quibus

86 1991 140 2010 nes
156 1981 193 2010 (lv
210 1983 267 2010 (¹0-

83 2018 488 2064 1i0101,1j...11-magna
530 2018 642 2048 sese
684 2001 933 2064 aperiebat
974 2001 1260 2048 ostentandi
1299 2000 1481 2063 ingenii
1523 2001 1751 2050 facultas.

86 2066 146 2101 rio,
164 2067 202 2097 (lc
220 2067 264 2096 Α·

85 2109 211 2139 ..emino
306 2080 471 2133 Quam
497 2080 619 2134 fuse,
645 2095 798 2142 quain
816 2078 1090 2125 luculenter
1109 2078 1455 2126 contentiones
1482 2078 1546 2125 de
1571 2077 1753 2126 Marcii

83 2151 286 2193 1³¹¹b¹i⁰³¹¹d0³
308 2156 562 2204 Coriolani
580 2156 788 2217 judicio,
814 2162 917 2203 tum
944 2156 1078 2218 apud
1104 2155 1448 2211 Plutarchum,
1469 2155 1754 2206 tummaxi-

85 2203 143 2223 «XC.

87 2236 172 2267 Plut.
187 2237 218 2267 5¹¹
303 2251 381 2282 me
397 2235 530 2298 apud
551 2232 851 2295 Dionysium
871 2231 1215 2295 explicantur?
1250 2231 1530 2295 Dionysius
1547 2232 1751 2296 quidem

86 2280 220 2311 R'larcio.

86 2322 255 2395 pisiam).
303 2313 452 2360 etiam
488 2312 696 2360 modum
720 2311 929 2358 fortasse
957 2310 1109 2371 justae
1144 2310 1437 2358 narrationis
1473 2310 1751 2373 egreditur:

87 2388 217 2440 Livsn.
235 2409 289 2440 35.
304 2391 393 2437 sed
427 2389 599 2437 Livius
628 2389 678 2437 in
714 2389 919 2436 alteram
955 2397 1146 2452 partem
1176 2396 1369 2452 peccat,
1394 2389 1513 2435 dum
1547 2404 1607 2436 ea
1641 2406 1752 2452 quae

302 2467 413 2530 plus
440 2466 561 2514 satis
599 2467 734 2529 apud
761 2467 992 2515 Graecum
1018 2467 1313 2530 scriptorem
1351 2466 1558 2514 dilatata
1582 2482 1754 2514 occur-

298 2551 428 2600 runt,
452 2545 558 2608 ipse
584 2544 729 2592 nimis
752 2544 804 2592 in
828 2552 1093 2607 angustum
1117 2544 1268 2608 cogit,
1293 2550 1343 2591 et
1366 2549 1639 2592 monstrata
1662 2560 1752 2607 po-

300 2623 394 2670 tius
419 2638 570 2687 quam
597 2622 827 2685 exposita
851 2622 1025 2671 lectori
1050 2621 1326 2686 relinquere
1350 2628 1598 2686 properat.
1635 2621 1754 2671 Dis-

300 2700 482 2748 cordiae
519 2701 584 2748 de
618 2699 871 2748 Aventino
907 2701 1229 2762 publicando,
1268 2707 1319 2747 et
1355 2717 1488 2748 anno
1525 2700 1749 2765 sequenti

302 2777 366 2824 de
403 2777 601 2825 delectu
637 2794 694 2826 ac
731 2777 796 2824 de
831 2776 938 2840 lege
977 2777 1186 2841 Agraria
1220 2795 1248 2825 a
1281 2777 1532 2840 Dionysio
1569 2779 1651 2826 lib.
1679 2777 1745 2825 X.
