1805 3174
517 101 978 151 PRAEFATIO.
1404 106 1486 153 xxi

34 240 187 288 fuisse
212 241 260 288 in
287 241 671 302 litterisjudicii,
690 243 993 290 documento
1012 247 1085 290 est
1111 241 1321 298 Seneca,
1343 247 1418 306 cuj
1430 263 1484 293 us

33 319 221 380 stylum
245 327 294 367 et
313 321 585 368 orationem
613 322 693 368 ille
718 322 975 384 ingeniose
1001 326 1051 367 et
1076 337 1186 368 vere
1211 321 1483 386 descripse-

30 404 119 451 rat,
147 414 298 460 quum
324 415 433 446 eum
461 399 650 447 diceret
674 417 874 446 arenam
899 416 1008 447 esse
1035 398 1141 446 sine
1168 398 1323 446 calce.
1498 407 1546 465 {51-
1563 406 1637 438 ibid·
1655 419 1686 439 n·

98 473 210 522 Nec
238 494 350 524 vero
384 477 469 524 illa
494 477 767 526 leviuscula
804 494 1055 540 urgem=1S‚
1081 478 1214 541 quod
1243 478 1292 524 in
1319 453 1649 540 parvis'liii-„mia

30 551 276 600 interdum
301 554 449 601 rebus
476 554 673 602 Livium
701 555 936 602 memoria
963 554 1211 601 fefellerit:
1251 562 1303 601 ut
1327 537 1648 617 quumssssfssfflun

30 629 78 676 in
107 630 339 679 Pleminii
376 640 533 679 morte
570 632 820 679 narranda
857 639 1123 696 postquam
1162 631 1244 680 lib.
1274 630 1479 678 XXIX.

30 723 139 770 cap.
167 712 246 756 ⁶22.
280 709 404 755 duas
443 709 663 756 diversas
701 708 963 772 opiniones
995 708 1247 771 exposuit,
1272 726 1483 773 quarum

31 785 233 848 quidem
272 786 482 849 priorem
523 788 718 834 videtur
752 787 993 850 potiorem
1030 787 1279 842 habuisse,
1316 804 1482 834 rursus

30 863 114 912 lib.
154 863 407 913 XXXIV.
434 880 545 928 cap.
583 872 664 912 44.
703 864 924 920 alteram,
963 873 1198 926 tanquam
1235 881 1398 911 veram
1434 870 1484 911 ct

26 941 377 998 indubitatam,
401 942 506 989 sine
527 943 628 989 ulla
647 942 818 1005 prioris
840 942 1094 989 mentione
1114 943 1289 1000 refert3
1327 959 1483 1006 quum

31 1019 227 1066 duobus
255 1019 461 1066 diversis
487 1019 570 1067 lib.
592 1019 848 1067 XXXVI.
871 1019 1013 1075 locis,
1033 1036 1214 1082 nempe
1240 1037 1384 1083 capp.
1404 1027 1481 1069 21.

28 1103 77 1142 et
101 1102 180 1144 38.
222 1096 296 1144 M.
323 1096 486 1143 Fulvii
514 1096 788 1144 Nobilioris
826 1095 1125 1159 triumphum
1154 1098 1360 1145 totidem
1385 1100 1482 1146 fere

28 1173 292 1238 utrobique
327 1174 487 1221 verbis
523 1181 779 1222 memorat.
851 1174 978 1221 Haec
1017 1182 1068 1222 et
1105 1175 1284 1223 similia
1324 1177 1483 1224 multa

27 1253 281 1300 annotavit
316 1260 363 1300 et
388 1252 592 1316 collegit
616 1253 688 1300 vir
725 1252 1022 1309 eruditione,
1050 1253 1322 1316 diligentia,
1348 1254 1483 1317 inge-

24 1329 93 1376 nii
134 1330 411 1393 sagacitate
457 1330 909 1393 praestantissimus,
948 1330 1060 1377 Jac.
1088 1330 1379 1378 Perizonius
1430 1331 1481 1379 in

25 1406 559 1454 Animadversionibus
600 1406 886 1454 Historicis.
961 1406 1055 1453 Sed
1094 1407 1142 1453 hi
1168 1407 1369 1470 quidem
1397 1409 1482 1454 mi-

25 1486 132 1532 nuti
157 1502 344 1533 errores
371 1484 658 1532 difficillime
685 1485 951 1547 praecaveri
987 1493 1210 1547 possunt,
1238 1493 1288 1532 et
1311 1485 1360 1532 in
1392 1501 1478 1532 eos

25 1571 156 1610 recte
183 1560 318 1610 cadit
342 1562 430 1609 illa
456 1561 747 1620 excusati03
793 1562 945 1626 Operi
968 1563 1113 1628 longo
1129 1563 1223 1624 fas
1247 1571 1315 1611 est
1339 1563 1474 1610 obre-

16 1657 134 1704 pere
155 1657 384 1687 somnum.

91 1716 189 1764 Illa
226 1716 451 1780 graviora
491 1723 622 1771 sunt,
671 1716 807 1779 quod
847 1731 924 1763 res
970 1733 1169 1779 quoque
1216 1718 1475 1775 maximas,
1491 1733 1654 1781 nes-saepe

24 1812 149 1859 quas
175 1795 237 1842 ab
267 1811 326 1842 eo
358 1794 520 1858 operis
557 1794 774 1858 suscepti
809 1794 952 1849 ratio,
980 1802 1030 1841 et
1053 1795 1255 1842 lectoris
1294 1795 1475 1843 utilitas
1489 1787 1649 1850 ἒᾙῗζᾞῖἷ

23 1873 326 1935 postulabat,
355 1881 439 1919 aut
472 1872 674 1920 omnino
712 1872 1036 1935 praetermisit,
1063 1881 1148 1920 aut
1181 1874 1329 1921 verbo
1365 1862 1694 1935 tet.i-{,i},',{},¹};,{'f¹'

28 1949 161 2013 gisse
197 1950 315 1997 satis
341 1950 541 2007 habuit3
590 1951 726 2014 quod
752 1951 802 1997 in
825 1951 883 1998 iis
909 1968 1019 2014 quae
1045 1969 1107 1998 ex
1132 1951 1238 1999 aliis
1267 1951 1477 2015 scripto·
1599 1934 1615 1946 O

22 2027 171 2082 ribuS‚
198 2043 257 2074 ac
281 2027 549 2088 praesertim
575 2044 636 2074 ex
666 2026 882 2088 Polybio
909 2028 1189 2091 exscripsit,
1217 2036 1480 2078 auctorum

23 2105 219 2153 illorum
257 2103 523 2167 aliquoties
560 2110 779 2151 mentem
814 2121 910 2151 nec
955 2112 1215 2153 assecutus
1257 2113 1348 2162 est,
1385 2124 1478 2155 nec

23 2182 235 2246 proinde
283 2188 516 2229 accurate
562 2181 950 2244 repraesentavit.
1023 2180 1150 2230 Haec
1189 2183 1291 2231 duo
1332 2185 1476 2233 nobis

24 2260 290 2310 tractanda
314 2267 362 2307 et
385 2259 648 2323 probanda
674 2267 805 2307 sunt.

50 2376 57 2382 „
90 2338 169 2387 Ac
204 2338 363 2402 primo
399 2337 618 2401 quidem,
644 2337 755 2400 quis
789 2352 891 2384 non
928 2344 977 2384 et
999 2337 1215 2399 miretur,
1239 2347 1287 2387 et
1324 2341 1473 2389 etiam
1489 2350 1631 2398 Utleges

25 2416 378 2475 stomachetur,
402 2431 557 2479 quum
593 2415 759 2462 videat
794 2414 931 2478 leges
970 2416 1172 2463 Romuli
1208 2425 1259 2464 et
1293 2419 1473 2467 Numae
1488 2394 1660 2466 ξ’ἶῖζὲἐῖρῒ

25 2494 156 2542 circa
196 2493 484 2556 religionem
522 2509 581 2540 ac
622 2492 810 2539 cultum
849 2493 1073 2549 deorum,
1111 2494 1244 2542 circa
1282 2496 1474 2543 civilem

24 2571 387 2639 militaremque
411 2570 694 2634 reipublicae
724 2570 1221 2632 administrationem,
1247 2573 1381 2621 circa
1404 2591 1475 2619 re-

25 2648 119 2712 gis,
143 2656 362 2704 senatus,
388 2649 661 2713 populique
678 2648 808 2711 jura,
833 2648 903 2696 ita
928 2649 1120 2697 exiliter
1143 2656 1191 2697 et
1207 2650 1378 2711 jejune
1400 2650 1473 2696 in-

25 2727 237 2781 dicatas,
262 2732 317 2772 ut
342 2725 640 2788 Dionysium
678 2724 1120 2773 Halicarnasseum
1158 2733 1329 2788 postea
1357 2725 1474 2772 Plu-

28 2803 353 2865 tarchumque
388 2802 437 2849 in
461 2818 637 2849 manus
674 2802 982 2850 sumentibus
1008 2819 1138 2849 nova
1173 2803 1274 2849 fere
1307 2803 1473 2850 omnia

712 2893 740 2919 B
763 2886 786 2920 3
