1816 3159
734 305 1317 363 ¹FRAGMENTUM

870 457 1036 493 LIBRI
1066 457 1183 491 XCI.

498 578 1556 648 HISTORIARUM

665 740 825 781 ‘²T1T1
859 739 1017 780 LIVII
1053 740 1374 782 PATAVINI.

297 963 551 1017 ¹NOCTE
590 984 727 1017 tamen
763 972 1059 1038 insequenti‚³
1072 974 1162 1030 ipso
1202 975 1490 1031 pervigilante,
1524 976 1566 1017 in
1606 975 1751 1018 eodem

297 1030 386 1071 loco
406 1032 486 1072 alia
506 1032 687 1074 excitata
708 1041 836 1074 turrls
855 1046 991 1088 prima
1010 1031 1102 1071 luce
1122 1046 1201 1072 mn
1203 1033 1323 1073 aculo
1343 1033 1533 1075 hostibus
1555 1033 1657 1075 fuit:

1700 1048 1752 1074 Sl-

297 1088 399 1138 mul‚
421 1097 462 1130 et
483 1089 626 1146 oppidi
658 1090 798 1139 tumis,
821 1104 916 1145 quae
941 1087 1169 1130 maximum
1200 1091 1565 1146 propugnaculum
1594 1091 1748 1141 fuerat,

344 1190 358 1219 l
384 1191 620 1231 Fragmentum.
667 1193 818 1229 Egregios
834 1192 955 1220 labores
971 1199 1002 1219 e-

296 1234 394 1262 ruditi
412 1235 470 1263 viri
488 1233 667 1273 Benjamini
682 1235 852 1263 Kennicott
863 1235 894 1262 in
908 1235 1002 1263 eden-

295 1276 344 1304 dis
362 1277 471 1305 Bibliis
484 1277 648 1306 Hebraicis
663 1278 865 1306 laudaveram
877 1277 907 1305 in
921 1277 1004 1315 prio·

295 1327 328 1347 re
346 1319 447 1348 Taciti
472 1320 609 1349 editione
633 1321 727 1350 Tum.
749 1319 811 1350 111.
834 1329 904 1358 pag·
929 1319 1001 1348 567.

297 1370 354 1390 nec
371 1366 440 1391 tum
458 1372 529 1400 spes
543 1362 605 1391 fuit
621 1373 673 1392 eos
690 1364 720 1391 in
741 1364 893 1392 Romanoe
904 1363 1002 1391 histo-

295 1404 351 1433 riae
368 1406 539 1434 utilitatem
557 1415 710 1436 cessuros.
746 1407 781 1435 ld
799 1411 905 1434 tamen
920 1406 1003 1435 felici

295 1447 458 1477 literarum
473 1449 538 1477 fato
555 1451 699 1483 conti-git,
714 1459 786 1478 cum
805 1449 849 1478 Cl.
865 1449 906 1477 V.
925 1451 1003 1478 Pau-

293 1490 489 1520 lus-Iacobus
505 1491 611 1521 Bruns
624 1493 811 1521 vaticanam
829 1492 1002 1522 Bibliothe-

292 1541 365 1561 cam
380 1542 464 1562 anno
486 1534 580 1564 1772.
597 1535 757 1569 inviseret,
775 1536 922 1573 antiquos
945 1536 999 1573 qui

294 1574 339 1604 ibi
351 1577 560 1606 adservantur
576 1587 672 1608 sacrae
690 1578 861 1616 Scripturae
877 1579 999 1608 codices

292 1617 498 1657 lustraturus,
516 1626 551 1650 ut
567 1623 680 1650 studiis
698 1623 746 1650 Cl.
765 1621 933 1651 Kennicott
951 1622 999 1651 in-

293 1662 436 1692 serviret.
482 1664 569 1692 Dum
601 1665 686 1693 enim
719 1674 771 1694 cos
802 1666 998 1701 recensebat,

292 1703 340 1732 illi
356 1705 480 1734 oblatus
503 1710 549 1735 est
570 1708 666 1736 codex
692 1708 839 1743 Latinus,
855 1708 1000 1745 designa-

293 1750 345 1775 tus
363 1747 423 1778 N0.
439 1747 491 1778 24.
506 1750 537 1778 in
555 1749 752 1780 Bibliotheca
771 1749 1000 1779 Palatino-Va-

293 1789 411 1827 ticana,
427 1792 481 1829 qui
498 1793 593 1821 libros
609 1792 731 1827 Tobiae,
748 1793 820 1822 Jobi
837 1797 868 1820 et
886 1793 1001 1821 Esther

292 1834 572 1870 complectebatur.
589 1835 827 1865 Animadvertit
838 1835 883 1864 Cl.
896 1836 1000 1864 Bruns

292 1875 433 1905 codicem
458 1877 549 1907 illum
573 1887 641 1907 esse
664 1888 703 1907 ex
719 1888 829 1907 eorum
853 1887 999 1916 numero,

293 1926 384 1954 quos,
409 1923 445 1947 ut
468 1924 599 1951 utamur
621 1921 827 1950 Ciceroniano
851 1922 945 1950 verbo
968 1922 999 1950 in

293 1960 445 1996 Epistolis
461 1963 499 1992 ad
525 1962 712 1993 Familiares
728 1963 807 1993 VII.
826 1963 874 1992 18.
892 1965 1000 2002 appel-

293 2002 358 2031 lare
381 2012 550 2041 possumus
573 2007 807 2045 palimpsestos‚
824 2007 855 2035 id
878 2012 926 2035 cst
942 2008 1000 2036 ite·

292 2053 364 2073 rum
382 2047 524 2085 scriptos.
570 2049 696 2087 Nempe
708 2050 910 2087 parsimoniae
927 2059 999 2079 cau-

293 2096 340 2123 sa,
355 2093 386 2117 et
403 2091 443 2118 ob
466 2092 726 2121 membranarum
750 2093 926 2129 raritatem,
944 2102 1000 2121 an-

294 2130 455 2168 tiquorum
470 2134 623 2164 librorum
636 2135 791 2173 scriptura
806 2136 931 2173 pumice
946 2136 1002 2166 dc-

293 2173 428 2208 lebatur,
439 2176 625 2215 extritisque
639 2177 701 2206 illis
713 2179 908 2207 membranis
925 2180 999 2208 novi

294 2216 366 2244 libri
401 2218 664 2248 inscribebantur.
710 2220 808 2249 Porro
846 2230 919 2249 cum
952 2221 998 2250 Cl.

293 2258 398 2288 Bruns
414 2261 447 2289 in
463 2261 586 2297 Tobiae,
598 2263 672 2292 Jobi
684 2267 715 2291 et
727 2263 842 2292 Esther
857 2264 998 2293 codicem

292 2300 466 2337 incidisset,
495 2313 633 2343 eumque
659 2306 872 2344 palimpsestis
896 2315 998 2335 mem-

293 2343 399 2373 branis
422 2350 565 2376 constare
584 2349 854 2386 deprehendisset,
869 2349 999 2378 curiosi-

294 2389 359 2415 tate
385 2397 443 2417 sua
466 2390 600 2439 dignum
628 2396 716 2419 ratus
742 2395 789 2419 est
813 2400 885 2428 quae
909 2392 996 2429 prius

293 2429 420 2459 fuerant
443 2433 560 2469 scripta
584 2434 616 2462 in
639 2434 805 2472 fugacibus
830 2434 995 2463 literarum

295 2473 436 2511 vestigiis
464 2475 665 2513 investigare.
718 2476 904 2506 observavit
933 2477 997 2515 pri-

294 2524 385 2544 mum
402 2516 433 2544 in
452 2517 562 2545 multis
585 2519 844 2547 membranarum
868 2520 995 2549 illarum

294 2558 418 2596 paginis
442 2559 574 2597 scriptas
603 2561 680 2589 olim
710 2561 807 2589 fuisse
837 2563 997 2591 Ciceronis

291 2602 462 2636 orationes,
493 2611 571 2640 quas
602 2604 685 2642 typis
708 2604 808 2632 editas
831 2605 996 2633 habemus.

292 2643 408 2672 Oculos
423 2642 491 2683 ejus
506 2646 627 2683 gratius
649 2646 787 2675 detinuit
801 2647 913 2676 titulus
928 2647 998 2676 aliis

293 2687 488 2715 membranis
503 2688 718 2718 minutissimo
729 2689 909 2718 charactere
924 2698 998 2718 exa-

294 2733 382 2758 ratus
405 2737 478 2759 1.113.
502 2738 573 2768 250¹·
592 2738 686 2760 'rm-1.
710 2739 818 2762 mvn.
862 2731 996 2761 Librum

294 2772 380 2800 enim
413 2773 502 2801 illum
536 2774 566 2802 in
599 2774 664 2803 Titi
695 2775 777 2803 Livii
807 2775 997 2803 editionibus

295 2815 402 2844 deesse
418 2822 617 2854 compertum
634 2818 777 2847 hab-ebat.
824 2818 994 2846 Curiosita-

1049 1195 1112 1219 tem
1137 1189 1205 1229 ejus
1228 1193 1331 1222 adhuc
1354 1194 1557 1230 accendebat,
1571 1193 1655 1231 quod
1679 1199 1753 1230 pars

1048 1233 1101 1261 illa
1126 1235 1206 1264 Livii
1230 1235 1260 1263 in
1279 1236 1328 1264 his
1350 1236 1546 1264 membranis
1569 1236 1701 1272 unciali,
1718 1238 1755 1263 ut

1047 1276 1232 1312 loquuntur,
1249 1279 1442 1315 charactere,
1457 1287 1494 1308 ac
1517 1279 1648 1316 proinde
1671 1277 1754 1307 anti-

1047 1320 1213 1355 quissimo,
1230 1320 1342 1350 fuisset
1358 1321 1434 1350 olim
1458 1325 1597 1351 exarata.
1639 1321 1754 1351 Aciem

1048 1370 1123 1400 ergo
1139 1364 1303 1392 oculorum
1328 1364 1479 1400 intendit,
1499 1368 1534 1393 ut
1550 1363 1700 1393 extritam
1716 1363 1756 1392 il-

1048 1405 1111 1435 lam
1132 1405 1213 1434 Livii
1229 1411 1367 1444 partem,
1380 1412 1499 1444 quanta
1515 1411 1620 1445 posset
1636 1406 1756 1445 perspi-

1047 1449 1180 1477 cacitate
1196 1454 1227 1477 et
1251 1450 1429 1488 diligentia,
1444 1450 1563 1488 legeret
1585 1458 1622 1478 ac
1637 1448 1754 1478 descri-

1048 1493 1143 1522 beret.
1190 1491 1282 1520 Illam
1307 1498 1415 1531 postea
1438 1501 1521 1522 anno
1546 1492 1629 1522 1773
1652 1492 1756 1522 Ham-

1045 1534 1136 1572 burgi
1153 1535 1236 1573 typis
1252 1536 1369 1565 edidit:
1398 1535 1536 1565 confisus
1552 1544 1616 1564 non
1632 1535 1753 1570 defore,

1044 1578 1098 1617 qui
1113 1579 1411 1615 praestantissimum
1426 1578 1581 1608 Romanae
1591 1582 1623 1608 et
1633 1577 1753 1616 Hispa-

1045 1630 1095 1650 nae
1123 1621 1322 1659 antiquitatis
1349 1626 1597 1651 monumentum
1623 1630 1681 1660 pro
1705 1621 1753 1651 rei

1043 1664 1199 1703 gravitate
1215 1664 1419 1693 illustrarent.
1459 1664 1633 1702 Exemplar
1651 1664 1754 1693 Ham·

1046 1706 1209 1744 burgianae
1240 1707 1398 1742 editionis„
1424 1706 1571 1736 Londino
1598 1708 1751 1743 missum,

1046 1754 1169 1783 nactus,
1182 1749 1261 1778 illud
1278 1751 1386 1779 statim
1404 1754 1435 1779 et
1452 1750 1680 1788 Supplemento
1695 1758 1751 1778 ex-

1045 1792 1142 1829 plevi,
1157 1796 1188 1820 et
1203 1792 1436 1830 adnotationes,
1451 1793 1566 1831 quibus
1589 1801 1668 1830 opus
1684 1797 1753 1821 erat

1045 1835 1185 1863 maxime
1201 1835 1240 1863 ad
1254 1839 1393 1864 veterem
1403 1836 1637 1874 Geographiam
1650 1834 1750 1872 expli-

1044 1877 1194 1914 eandam,
1205 1878 1321 1907 addidi.
1347 1877 1416 1907 Nec
1427 1886 1530 1907 tamen
1545 1886 1650 1906 meam
1666 1877 1749 1906 hanc

1043 1920 1184 1957 opellam·
1194 1925 1264 1949 tum
1279 1920 1310 1949 in
1324 1921 1429 1950 lucem
1442 1921 1546 1958 emisi,
1555 1921 1638 1959 quod
1650 1920 1750 1948 satius

1044 1963 1190 1991 duxerim
1215 1963 1304 1992 illam
1331 1973 1405 1993 cum
1431 1965 1530 1993 altera
1553 1964 1612 1992 hac
1644 1962 1749 1992 Taciti

1043 2005 1180 2034 editione
1196 2003 1399 2045 conjungere.

1087 2048 1106 2077 2
1134 2047 1199 2077 Titi
1216 2048 1312 2077 Livii.
1358 2049 1463 2078 Tanta
1478 2053 1526 2078 est
1541 2049 1626 2086 apud
1642 2048 1749 2077 litera-

1043 2100 1116 2119 rum
1140 2096 1171 2120 et
1193 2092 1333 2121 historiae
1357 2093 1475 2130 peritos
1497 2092 1535 2122 T.
1557 2091 1642 2121 Livii
1663 2099 1751 2120 com·

1044 2133 1217 2167 mendatio,
1231 2138 1266 2163 ut
1279 2143 1444 2163 summum
1458 2136 1497 2164 sit
1511 2135 1656 2163 omnium
1669 2134 1752 2163 desi·

1044 2176 1180 2209 derium,
1208 2177 1291 2214 quod
1316 2186 1433 2215 magna
1460 2178 1649 2216 scriptorum
1679 2174 1749 2216 ejus

1044 2223 1132 2255 parte
1148 2224 1284 2248 careant.
1321 2220 1487 2257 Superiore
1502 2220 1620 2250 saeculo
1637 2228 1751 2257 quam-

1044 2262 1219 2290 maximum
1243 2262 1387 2291 laetitiam
1405 2263 1443 2290 iis
1458 2263 1566 2292 attulit
1587 2263 1752 2292 Johannes

1046 2303 1197 2338 Honion,
1223 2304 1387 2333 societatis
1408 2306 1499 2342 Jesu‚
1525 2314 1599 2335 cum
1631 2305 1748 2333 librum

1044 2354 1169 2377 xxxul.
1190 2347 1228 2377 Τ.
1253 2347 1349 2384 Livii,
1371 2356 1466 2386 quern
1494 2349 1526 2377 in
1552 2347 1750 2377 Bibliotheca

1044 2389 1194 2419 Ecclesiae
1211 2391 1408 2420 Cathedralis
1423 2390 1611 2428 Bambergae
1626 2397 1750 2426 repere-

1040 2436 1102 2467 rat,
1120 2433 1321 2462 Paterbornae
1341 2433 1442 2462 edidit
1456 2441 1539 2462 anno
1557 2432 1650 2462 1617.
1670 2431 1747 2460 Pars

1039 2474 1110 2503 libri
1135 2483 1205 2506 xc1.
1222 2476 1295 2505 licet
1318 2476 1445 2513 exigua,
1460 2484 1555 2513 quam
1577 2476 1622 2504 Cl.
1641 2475 1748 2504 Bruns

1041 2525 1142 2554 nuper
1163 2519 1284 2548 invenit
1300 2519 1332 2547 in
1356 2518 1555 2547 Bibliotheca
1570 2517 1744 2553 Vaticana,

1041 2560 1231 2590 industriam
1253 2561 1460 2590 exstimulare
1481 2561 1668 2598 animosque
1690 2559 1745 2588 ad-

1041 2603 1114 2632 dere
1129 2605 1235 2639 debet,
1249 2607 1285 2632 ut
1302 2603 1570 2632 Bibliothecarum
1586 2602 1681 2632 foruli
1697 2601 1746 2639 ip-

1042 2644 1132 2682 sique
1148 2646 1270 2675 codices
1286 2646 1483 2683 palimpsesti
1507 2644 1746 2683 diligentissime

1042 2687 1263 2725 inspiciantur,
1279 2697 1318 2717 ne
1334 2689 1410 2726 quid
1426 2689 1530 2717 adhuc
1545 2688 1641 2716 lateat
1656 2695 1746 2725 mag-

1041 2738 1082 2757 na
1104 2740 1176 2760 cum
1202 2731 1294 2760 laude
1317 2735 1349 2759 et
1364 2731 1510 2760 omniurn
1532 2730 1745 2768 gratulatione

1041 2774 1276 2809 proferendum.
1302 2773 1352 2801 Ne
1363 2774 1521 2802 veteribus
1530 2773 1658 2810 quidem
1673 2771 1745 2800 Mo-

1041 2815 1172 2846 nialium
1190 2816 1395 2846 Bibliothecis
1418 2815 1642 2845 abstinendum
1659 2814 1746 2844 vide-
