1816 3159
279 131 352 164 422

365 234 528 265 Tarentini
541 234 633 272 legati
650 234 847 269 Annibalem,
860 236 967 267 24,13.

367 288 472 307 eorum
511 278 631 307 obsides
671 278 751 314 apud
800 278 969 310 Romanos,

326 331 419 359 quum
445 321 576 357 fugisset.
600 321 637 348 ab
666 320 751 354 urbe,
782 320 902 347 retracti
935 319 971 347 de

325 375 398 393 saxo
425 365 625 401 dejiciuntur,
651 367 704 397 25,
729 368 758 393 7.
786 362 972 390 Tarentino-

328 418 394 436 rum
412 408 556 440 dcfectio,
577 411 603 433 Β.
622 411 650 433 et
666 415 744 444 seqs.

370 460 473 479 eorum
492 450 597 478 classis
615 449 704 476 caedit
721 452 751 475 et
769 447 878 485 mergit
895 447 974 476 clas-

327 504 398 522 sem·
414 495 637 526 Romanorum,
658 493 712 526 26,
737 495 788 521 39.
810 490 973 519 Tarentini

327 538 490 567 caeduntnr
506 546 523 564 a
540 537 571 562 δ’.
591 535 705 569 Pers-io,
729 534 801 562 ibid.

366 589 470 618 prcem
496 581 608 616 petunt
629 587 646 606 a
667 577 815 606 Roma-xis
840 585 908 604 cum
936 576 972 604 li-

327 624 446 653 bertate
462 631 496 650 ac
521 620 639 658 legibus
663 620 739 656 suis,
765 624 815 653 27,
834 623 884 647 21.
909 619 971 647 vicl.

328 671 357 696 et
375 670 426 694 25.

286 706 448 738 Tarentini
464 707 594 745 equites.
612 711 667 741 35,
685 710 735 734 28.
752 709 778 733 cl
797 709 847 735 29.

285 752 476 781 'Faventinus
493 760 573 785 ager,
592 754 642 783 27,
660 753 713 777 40.

283 794 472 824 Tarentinus
490 797 608 832 portus.
626 797 677 824 23,
695 796 746 820 33.

286 837 338 877 Sp.
354 838 503 875 Tarpeius
534 840 644 874 praeest
667 835 727 864 arci
756 834 918 868 Romanae,
946 837 974 865 1,

333 886 380 910 ll..
404 881 469 918 ejus
493 880 566 914 filia,
584 879 689 907 aTito
715 877 821 910 Tatio,
845 876 974 904 Sabino-

330 934 397 954 rum
416 933 497 958 rege,
515 931 590 951 auro
613 925 770 959 corrupta,
795 919 907 957 accipit
929 928 975 947 ar-

330 973 431 997 matos
448 966 578 995 Sabinos
595 964 626 992 in
647 974 758 995 arcem,
774 963 803 991 ib
821 963 848 990 «l.

285 1012 334 1050 Sp.
363 1009 506 1047 Tarpeio,
541 1008 673 1038 consuli.
713 1011 748 1035 ut
794 1005 975 1040 magistratu

331 1054 421 1089 abiit,
439 1053 503 1081 dies
516 1052 611 1086 dicta,
622 1056 653 1083 3,
668 1054 718 1079 31.
747 1050 865 1083 legatus
878 1048 979 1076 mitti-

329 1102 381 1125 tur
393 1097 428 1125 ad
439 1095 619 1126 exercitum,
635 1092 825 1122 Aventinum
839 1091 975 1119 insiden-

331 1145 407 1175 tem,
426 1142 475 1168 50.
500 1141 620 1166 creatur
635 1136 780 1164 tribunus
798 1134 908 1171 plebis,
923 1135 975 1162 65.

287 1183 421 1221 Tarpeia
434 1190 536 1218 rupes,
546 1185 577 1215 7,
592 1183 638 1207 10,

288 1227 438 1264 Tarpeius
462 1233 562 1254 monS,
588 1226 615 1257 l,
632 1226 681 1250 55.

290 1269 454 1307 Tarpeium
475 1274 593 1298 saxum,
607 1265 667 1293 vid.
683 1264 807 1292 Saxum.

290 1311 468 1349 Tarquinii,
486 1309 557 1338 urbs
583 1306 728 1342 Etruriae,
757 1310 785 1341 1,
799 1308 850 1334 34.
878 1306 931 1340 26,
948 1308 978 1332 3.

334 1360 387 1390 27,
401 1359 429 1384 4.

290 1398 532 1436 Tarquinienses
556 1396 593 1424 ad
623 1393 828 1431 Tarquinium
868 1391 982 1428 Super-

335 1444 407 1472 bum
432 1442 462 1470 in
488 1440 573 1478 regni
608 1436 829 1476 passessionem
855 1434 980 1462 restitu-

334 1486 446 1514 endum
471 1492 556 1512 arma
581 1481 722 1518 capiunt,
754 1482 786 1513 2,
811 1480 840 1506 6.
875 1485 982 1514 pugna

335 1529 417 1557 inter
439 1537 491 1556 eos
507 1530 536 1555 et
552 1526 725 1559 Romanos,
754 1521 827 1550 hid.
855 1520 980 1549 domum

339 1572 468 1605 abeunt,
483 1574 512 1600 7.

293 1613 533 1653 'l'arquinienses
556 1611 668 1640 bellum
702 1608 840 1637 inferunt
868 1607 983 1635 Roma-

337 1659 398 1694 nis,
417 1662 447 1691 5,
469 1659 514 1685 16.
540 1654 730 1692 populantur
745 1660 851 1689 agrum
866 1649 982 1678 Rorna-

336 1711 425 1734 num,
445 1699 518 1728 ilrd.
541 1698 723 1730 vincuntur,
741 1694 814 1722 ibsd.
832 1692 983 1732 populan-

337 1748 388 1772 tur
404 1752 508 1778 agrum
525 1741 713 1773 Romanum,
738 1742 769 1770 7,
791 1741 836 1765 12.
861 1736 984 1764 caedunt

338 1788 509 1822 Romanos,
525 1787 556 1812 et
580 1786 735 1811 trecentos
757 1784 874 1818 septem
905 1778 983 1807 mili-

338 1835 385 1858 tes
424 1829 634 1857 Romanorum
670 1828 777 1862 captos
809 1822 986 1858 immolant,

343 1877 392 1902 15.
415 1871 588 1900 sacerdotes
604 1877 724 1903 eorum,
740 1865 894 1905 anguibus
910 1874 986 1903 prae-

340 1916 426 1951 latis,
458 1913 560 1942 furiali
590 1913 712 1940 incessu
742 1910 901 1938 Romanos
923 1912 984 1936 ter-

340 1962 421 1994 rent,
438 1961 470 1992 7,
492 1960 538 1986 17.
564 1955 744 1988 vincuntur,
766 1952 840 1980 ibid.
865 1951 897 1979 in
922 1960 985 1981 eos,

341 2002 423 2039 quod
440 2000 552 2028 milites
575 1998 734 2026 Romanos
762 1995 988 2027 immolassent,

342 2045 500 2077 saevitum,
539 2045 585 2071 19.
619 2040 760 2068 inducias
784 2036 989 2076 quadraginta

342 2095 494 2117 annorum
521 2085 702 2121 impetrant,
730 2085 778 2109 22.
804 2081 989 2118 pollicentur

299 2154 305 2158 .
341 2129 478 2167 Scipioni
494 2128 590 2156 lintea
605 2127 636 2154 in
652 2126 728 2157 vela,
743 2128 795 2158 28,
809 2127 860 2152 45.

299 2171 534 2210 Tarquiniensis
551 2179 634 2207 ager,
652 2171 683 2204 6,
697 2172 726 2196 4.

300 2218 335 2246 L.
351 2214 515 2253 Tarquinii
530 2213 624 2242 Prisci
641 2220 736 2246 genus
764 2213 794 2238 et
812 2217 937 2242 nomen,
959 2212 988 2244 1,

342 2264 395 2288 34.
418 2258 583 2286 institutus
595 2260 682 2284 tutor
698 2253 799 2283 liberis
810 2253 901 2290 regis,
913 2251 988 2280 ibid.

342 2302 441 2331 ambit
474 2308 613 2334 regnum,
648 2301 699 2326 35.
740 2296 877 2333 eligitur,
916 2294 987 2322 ibid.

343 2350 468 2373 centurn
485 2344 517 2371 in
546 2343 650 2371 Patres
675 2340 762 2377 legit.
786 2338 855 2366 ibid.
873 2337 986 2366 bellum

344 2387 423 2425 gerit
452 2396 522 2415 cum
539 2384 672 2419 Latinis,
691 2383 762 2411 Jbia'.
781 2381 888 2409 Cicero
904 2389 989 2408 max-

343 2431 405 2458 imo
433 2429 572 2463 designat
597 2428 712 2462 loc-um,
734 2424 809 2453 ibid.
834 2432 922 2451 muro
945 2423 989 2451 la-

344 2473 434 2511 pideo
463 2471 567 2499 urbem
599 2469 786 2497 circumdare
812 2469 912 2504 parat,
935 2468 988 2495 36.

345 2515 467 2544 Sabinis
484 2513 577 2541 infert.
593 2512 720 2545 bellum,
737 2518 850 2546 cosque
872 2508 987 2540 fundit,

346 2558 421 2587 ibid.
435 2559 461 2584 ct
476 2559 527 2586 37.
553 2555 664 2583 bellum
681 2553 755 2581 facit
779 2552 911 2587 Latinis,
936 2555 987 2580 38.

345 2601 446 2631 multa
461 2607 564 2627 eorum
581 2596 695 2634 oppida
711 2595 807 2632 capit,
824 2594 898 2623 ibid.
921 2594 988 2631 ejus

345 2651 451 2682 opera,
470 2641 542 2670 ibid.
557 2639 721 2673 occiditur,
731 2642 781 2665 40.

304 2689 338 2716 L.
358 2684 547 2722 Tarquinius
571 2690 699 2720 reguum
718 2680 865 2713 adfectat,
891 2682 919 2709 1,
935 2681 987 2707 46.

346 2727 510 2766 Tarquinii
535 2726 629 2755 Prisci
663 2724 757 2752 filium
792 2722 893 2759 plures
926 2721 990 2748 edi·

346 2773 416 2801 dere
431 2774 584 2801 auctores,
610 2768 682 2796 ibid.
699 2766 852 2795 instinctu
879 2763 990 2799 conju-

347 2816 393 2851 gis
407 2822 534 2851 regnum
551 2810 682 2846 invadit,
696 2814 746 2840 47.
773 2816 865 2846 quare
878 2806 987 2843 Super-

347 2859 376 2885 ni
409 2865 520 2884 nomen
546 2854 589 2882 illi
618 2853 764 2887 inditum,
788 2855 840 2881 49.
862 2851 986 2878 patrum

346 2901 492 2943 primores
509 2897 668 2933 interficit,
693 2896 764 2924 ibid.
792 2892 986 2930 circumsepit

733 123 909 161 INDEX
940 124 998 159 IN

1032 122 1076 158 T.
1108 120 1241 158 len

1043 236 1163 270 ‘corpus
1182 230 1320 263 armatis,
1343 230 1415 259 ibid.
1439 229 1556 268 primus
1582 237 1697 258 more-m

1056 275 1237 303 consulendi
1253 278 1394 302 senatum
1412 273 1515 306 solvit,
1537 273 1609 301 ibid.
1641 273 1699 300 La-

1058 318 1142 346 tinos
1181 318 1237 346 sibi
1277 317 1433 351 conciliat,
1456 316 1529 345 ibid.
1567 315 1698 344 Octavio

1060 360 1201 389 Mamilio
1229 361 1406 389 Tusculano
1437 360 1532 388 filiam
1566 363 1698 396 nuptum

1060 404 1124 434 (rt,
1142 403 1215 431 ibid.
1245 403 1276 431 in
1302 413 1371 432 eum
1400 402 1560 431 invehitur
1573 401 1700 429 Turnus

1061 446 1251 481 Herdonius,
1269 451 1317 474 50.
1335 446 1481 484 opprimit
1492 444 1699 475 Herdonium,

1061 493 1110 517 51.
1127 490 1193 525 ejus
1209 489 1244 516 ad
1272 489 1397 517 Latinos
1422 489 1533 520 oratio,
1550 496 1619 515 cum
1637 486 1705 523 qui-

1062 533 1118 561 bus
1134 532 1235 560 foedus
1257 536 1396 567 renovat,
1421 536 1472 560 52.
1497 531 1617 560 Volscis
1639 529 1704 557 bel-

1062 576 1124 603 lum
1148 575 1180 602 in
1204 575 1276 610 fert,
1298 584 1464 612 eorumque
1488 574 1592 602 urbem
1611 573 1702 601 Sues-

1060 627 1123 646 sam
1148 617 1316 647 Pometiam
1341 619 1369 646 vi
1393 618 1487 655 capit,
1514 621 1563 645 53.
1587 616 1703 644 Gabios

1060 661 1166 689 fraude
1183 661 1276 698 capit,
1294 661 1367 689 ibid.
1385 665 1413 689 et
1430 665 1478 689 54.
1503 669 1607 697 pacem
1625 658 1699 687 facit

1061 714 1129 733 cum
1148 704 1271 741 AEquis,
1286 708 1316 732 et
1333 713 1400 732 cum
1410 703 1518 731 Tuscis
1535 703 1636 731 foedus
1657 711 1703 730 re-

1063 752 1170 782 novat,
1194 751 1245 776 55.
1269 747 1398 775 aedificat
1421 746 1508 775 Jovis
1533 744 1703 784 Capitolini

1063 791 1170 825 aedcrn,
1196 790 1266 819 ibid.
1311 790 1371 818 alia
1397 790 1462 826 ejus
1493 798 1594 826 opera.
1627 788 1700 816 ibid.

1063 834 1195 861 Ardeam
1213 833 1344 866 obsidet,
1370 837 1418 863 57.
1445 832 1569 869 pellitur
1591 832 1705 866 Roma,

1064 879 1113 904 60.
1140 877 1279 913 regnavit
1295 885 1393 904 annos
1410 876 1544 912 quinque
1560 879 1590 902 et.
1607 874 1704 909 vigin-

1063 920 1100 954 ti,
1117 919 1186 947 ibid.
1210 919 1320 947 bellum
1338 918 1476 951 molitur,
1505 923 1536 953 2,
1553 920 1583 945 6.
1608 917 1707 955 primo

1063 972 1081 991 a
1099 962 1280 991 Veientibus
1304 966 1334 990 tt
1358 960 1635 998 Tarquiniensibus
1653 960 1705 989 ad-

1059 1006 1162 1042 jutus,
1179 1007 1190 1033 17
1210 1006 1250 1033 id.
1268 1005 1376 1034 deinde¹
1389 1005 1561 1037 aPorsena,
1579 1008 1607 1033 9.
1619 1003 1706 1032 relic-

1063 1053 1115 1076 tus
1131 1048 1168 1076 ab
1184 1048 1302 1084 eodem,
1319 1048 1489 1076 exsulatum
1507 1047 1572 1076 abit
1586 1047 1709 1076 Tuscu·

1064 1092 1141 1127 lum,
1160 1095 1206 1120 15.
1222 1100 1364 1129 pugnans
1381 1091 1418 1118 ad
1434 1090 1586 1128 Regillum
1605 1090 1705 1118 lacum

1065 1134 1255 1169 vulneratur,
1275 1139 1320 1164 19,
1337 1134 1468 1162 moritur
1485 1134 1604 1169 Cumis,
1623 1137 1675 1161 21.

1022 1179 1126 1208 Aruns
1151 1177 1353 1214 Tarquinius,
1371 1177 1499 1214 Superbi
1523 1177 1618 1212 filius,
1639 1173 1715 1204 Del.

1064 1221 1142 1257 phos
1159 1220 1269 1248 missus
1296 1220 1430 1258 portenti
1456 1228 1573 1256 caussa,
1603 1224 1632 1255 1,
1658 1221 1708 1247 56.

1066 1272 1133 1291 cum
1151 1263 1184 1291 L.
1207 1263 1305 1291 Junio
1321 1263 1421 1291 Bruto
1442 1266 1573 1301 pugnat,
1590 1262 1708 1291 utrius-

1068 1315 1126 1343 que
1143 1306 1249 1337 exitio,
1268 1310 1297 1337 2,
1316 1308 1344 1334 6.

1024 1350 1092 1379 Sex,
1115 1348 1317 1386 Tarquinius,
1349 1347 1477 1385 Superbi
1510 1346 1589 1376 filius
1619 1347 1711 1376 mini-

1067 1400 1146 1425 mus,
1184 1396 1211 1427 1,
1249 1395 1300 1420 53.
1339 1391 1454 1420 Gabios
1484 1391 1585 1429 prodit
1615 1391 1710 1428 patri,

1066 1435 1140 1464 ibid.
1157 1439 1186 1463 et
1203 1438 1253 1463 54.
1278 1434 1426 1462 Lucretiae
1444 1434 1504 1462 vim
1532 1434 1637 1469 infert,
1657 1437 1709 1463 58.

1067 1477 1182 1506 Gabios
1205 1477 1290 1506 exsul
1312 1477 1482 1515 profectuS,
1512 1477 1711 1514 interficitur,

1068 1523 1118 1548 60.

1024 1563 1061 1592 Τ.
1087 1563 1291 1601 Tarquinius,
1322 1562 1451 1601 Superbi
1482 1562 1577 1598 filius,
1612 1566 1641 1595 1,
1659 1564 1711 1591 56.

1068 1609 1187 1645 pugnat
1203 1607 1240 1635 ad
1255 1606 1410 1646 Regillum
1426 1607 1539 1643 lacum,
1558 1610 1591 1643 2,
1612 1609 1659 1636 19.
1684 1609 1715 1635 et

1069 1654 1120 1678 ΩΟ.

1027 1692 1133 1721 Aruns
1154 1692 1356 1729 Tarquinius,
1381 1692 1510 1731 Superbi
1532 1692 1638 1728 frater,
1655 1691 1713 1720 mi-

1069 1736 1110 1764 tis
1139 1735 1254 1770 ingenii
1278 1736 1417 1773 juvenis,
1443 1736 1519 1764 clam
1550 1735 1590 1764 ab
1619 1744 1713 1763 uxore

1070 1779 1203 1810 tollitur,
1224 1782 1253 1814 1,
1271 1780 1324 1807 46.

1030 1820 1064 1849 1..
1079 1822 1266 1858 Tarquinius
1283 1821 1470 1856 collatinus,
1492 1820 1595 1859 Egerii
1622 1820 1715 1855 filius,

1072 1863 1246 1893 Lucretiam
1271 1872 1355 1892 suam
1380 1864 1499 1898 laudat,
1531 1867 1558 1897 1,
1576 1867 1626 1894 57.
1650 1864 1713 1892 vid.

1072 1907 1224 1935 Lucretia.
1249 1906 1420 1935 Collatinus
1447 1910 1568 1935 creatur
1592 1907 1714 1943 consul,

1073 1954 1121 1979 60.
1140 1950 1282 1978 abdicato
1308 1948 1485 1983 consulatu,
1512 1950 1544 1978 iu
1573 1949 1715 1979 exsilium

1072 1993 1150 2028 abit,
1169 1997 1200 2027 2,
1218 1997 1247 2022 2.

1031 2034 1270 2074 Tarquiniorum
1318 2035 1452 2064 nominis
1497 2035 1600 2064 odium
1635 2036 1717 2074 apud

1072 2080 1242 2110 Romanos,
1268 2083 1298 2115 2,
1316 2081 1344 2106 2.
1367 2077 1605 2116 Tarquiniorum
1636 2079 1718 2109 bona

1075 2126 1219 2160 repetunt
1235 2121 1341 2159 legati,
1359 2125 1388 2150 4.
1411 2130 1517 2150 eorum
1541 2121 1623 2150 bona
1644 2122 1717 2151 diri-

1076 2166 1216 2202 piuntur,
1231 2167 1284 2193 aut
1300 2168 1534 2199 consecrantur,
1550 2168 1579 2192 5.

1032 2208 1065 2236 L.
1087 2207 1281 2245 Tarquitius,
1303 2207 1438 2244 patriciae
1464 2206 1578 2244 gentis,
1603 2207 1716 2245 magis-

1073 2254 1119 2279 ter
1136 2251 1288 2288 equitum,
1305 2254 1336 2281 3.
1355 2254 1407 2280 27.

1030 2294 1210 2327 Tarracina,
1228 2296 1341 2329 22,15.
1359 2295 1451 2328 27,4.
1467 2296 1585 2327 28,11.
1597 2296 1651 2327 40,
1663 2295 1716 2321 45.

1072 2337 1239 2366 Tarracina
1268 2335 1398 2364 colonia.
1430 2336 1492 2364 vid.
1528 2336 1649 2363 Anxur.
1689 2335 1718 2364 ei

1075 2384 1205 2417 negatur
1221 2378 1341 2407 vacatio
1357 2378 1399 2406 rei
1416 2377 1544 2414 navalis,
1560 2380 1614 2414 36,
1628 2381 1660 2407 3.

1030 2423 1204 2452 Tarracinae
1218 2421 1344 2454 flumen,
1362 2425 1414 2453 24,
1432 2425 1483 2449 44.

1030 2467 1176 2501 Tarraco,
1194 2467 1246 2497 21,
1264 2466 1315 2492 61.
1335 2465 1387 2497 26,
1408 2467 1455 2494 17.
1471 2466 1525 2498 40,
1538 2466 1589 2491 40.

1031 2508 1215 2537 'sarraconis
1231 2509 1352 2544 portus,
1369 2509 1421 2538 22,
1440 2509 1492 2534 22.

1031 2549 1270 2579 Tarraconensis
1281 2551 1468 2582 conventus,
1485 2550 1538 2583 26,
1556 2552 1603 2579 19.

1030 2593 1191 2628 Tartessii,
1212 2591 1371 2628 Hispaniae
1388 2591 1504 2628 populi,
1521 2595 1574 2627 23,
1593 2594 1644 2621 26.

1031 2636 1153 2667 Tatius,
1171 2634 1229 2662 vid.
1243 2633 1334 2661 Titus
1350 2633 1471 2663 Tatius.

1031 2677 1206 2707 Taulantiis
1222 2676 1344 2714 populis
1366 2677 1547 2706 immunitas
1562 2677 1646 2713 data,
1663 2679 1717 2710 45,

1075 2723 1128 2748 26.

1030 2763 1272 2792 Taurasinorum
1289 2770 1372 2798 ager,
1390 2765 1444 2798 40,
1458 2765 1509 2791 38.

1030 2806 1165 2839 Taurea,
1181 2805 1242 2833 vid.
1256 2804 1422 2833 dubellius.

1029 2849 1167 2878 Taurilia
1189 2847 1264 2881 ludi,
1291 2856 1344 2884 per
1372 2847 1500 2876 biduum
1527 2846 1600 2876 facti
1618 2845 1721 2883 religi-

1072 2892 1140 2921 onis
1157 2900 1275 2925 caussa,
1292 2894 1346 2926 39,
1363 2894 1416 2918 22.
