1805 3174
531 77 914 117 HISTORIARUM
948 76 1160 115 LIBROS.
1477 85 1550 123 327

137 190 179 221 Q.
198 188 312 218 Fabius
328 187 511 224 Ambustus,
528 188 675 224 dictator,
693 193 727 225 9,
746 193 775 219 7.

136 234 177 264 Q.
194 232 308 261 Fabius
326 233 437 267 Buteo,
454 235 578 269 praetor,
595 233 724 261 sortitur
742 232 817 261 His-

180 276 301 312 paniam
320 275 509 309 ulteriorem,
526 279 579 306 33.
598 279 686 304 94.εἰ
704 277 755 304 96.

136 320 176 350 Q.
194 319 307 347 Fabius
325 320 438 348 Buteo.
454 322 579 355 praetor,
598 319 727 347 sortitur
743 319 816 347 Gal-

177 362 247 390 liam
273 362 474 400 provinciam,
492 366 544 392 40.
568 365 612 389 18.
627 362 654 390 ei
673 371 818 400 proroga-

174 408 228 433 tur
251 405 428 443 imperium,
446 407 499 433 36.
527 409 648 433 creatur
675 405 818 433 triumvir

174 448 303 477 coloniae
323 448 520 483 deducenda’,
545 452 596 477 43.
620 448 817 486 quinquevir,

174 496 210 520 ut
234 492 270 520 de
294 492 406 520 finibus
423 495 586 523 statueret,
605 496 815 526 cognosceret,

175 539 228 569 45,
251 539 295 563 13.

134 578 165 609 Q
200 578 327 613 Fabius,
344 577 472 605 Maximi
497 577 588 609 filius,
614 578 734 613 Gurges
760 575 815 606 ali-

174 624 253 657 quot
289 624 458 652 matronas,
498 621 595 659 stupri
634 621 809 656 damnatas,

173 665 306 692 mulctat
322 664 463 701 pecunia.
485 667 533 699 10,
547 668 597 693 31.
615 665 815 693 aedcmVene-

174 707 214 735 ris
231 711 317 735 curat
334 707 519 741 faciendam,
535 707 608 735 ibid.
628 709 748 739 consul,
764 712 815 738 47.

131 751 172 782 Q.
189 750 303 779 Fabius
321 749 435 785 Labeo,
448 755 584 788 quaestor
595 750 745 787 urbanus,
758 756 813 786 33,

171 797 226 823 49.
244 793 271 821 ei
296 802 442 830 magnum
458 797 613 822 certamen
630 803 699 822 cum
717 803 813 822 sacer-

171 837 296 865 dotibus
310 841 435 874 propter
446 837 599 865 tributum
619 837 813 871 solvendum.

171 879 244 909 ibid.
264 884 385 908 creatur
408 883 534 917 praetor,
558 884 612 915 37,
630 885 679 911 47.
704 885 814 918 proeest

171 923 273 956 classi,
291 927 341 951 59.
355 923 472 959 trajicit
486 923 516 950 in
532 923 667 954 Cretam.
683 927 732 951 60.
748 924 814 961 ejus

172 967 263 994 resin
281 966 470 1002 Asiagestae,
488 970 541 997 38,
559 970 610 995 39.
627 967 814 1004 triumphat,

171 1013 220 1039 47Δ
240 1009 423 1038 candidatus
440 1009 634 1042 consulatus.
648 1020 703 1038 nec
721 1011 814 1039 semel

172 1053 324 1090 repulsam
351 1062 471 1090 passus,
503 1057 557 1087 39,
587 1057 640 1081 39.
670 1053 814 1082 triumvir

170 1096 291 1123 duabus
306 1095 439 1124 coloniis
455 1096 653 1132 deducendis,
670 1101 719 1125 44.
737 1106 812 1125 con-

172 1139 231 1171 sul,
247 1142 300 1167 45.
313 1138 464 1177 pontifex,
481 1142 535 1172 40,
554 1142 606 1167 49.

127 1181 168 1214 Q.
192 1180 306 1210 Fabius
337 1181 492 1210 Maximus
524 1181 691 1216 Rulianus,
716 1181 812 1210 aedilis

168 1224 296 1260 curulis,
308 1229 337 1257 8,
356 1228 404 1253 18.
415 1225 526 1254 iterum
537 1225 706 1254 secundum
719 1235 811 1263 quos·

169 1268 238 1296 dam
254 1267 407 1300 auctores,
429 1272 477 1303 10,
494 1272 522 1298 9.
537 1273 567 1297 et
583 1272 633 1297 ll.

211 1311 357 1345 magister
372 1312 530 1348 equitum,
552 1315 580 1344 8,
597 1316 648 1342 99.
664 1311 811 1340 adversus

168 1353 330 1392 imperium
349 1355 382 1383 1..
399 1354 680 1393 Papiriidictatoris
694 1357 813 1393 pugnat

168 1407 237 1426 cum
270 1397 476 1434 Samnitibus,
508 1401 537 1426 et
567 1407 710 1436 prospere
748 1407 810 1426 reni

166 1441 260 1478 gerit,
275 1444 325 1469 30.
355 1444 535 1469 concremat
561 1450 646 1469 arma
673 1441 811 1476 hostilia,

169 1484 242 1512 ibid.
260 1484 401 1512 citatura
413 1484 575 1519 dictatore,
590 1488 639 1512 32⁴
653 1493 718 1512 sese
735 1483 809 1512 reci·

168 1526 214 1564 pit
231 1527 268 1554 ad
286 1527 421 1562 triarios,
438 1527 489 1564 qui
508 1535 576 1555 eum
595 1527 739 1556 dictatori
753 1527 810 1554 eri-

167 1570 272 1607 piunt,
288 1569 360 1598 ibex-l.
378 1569 460 1608 sugit
477 1570 621 1605 Romam,
645 1575 697 1599 33.
722 1579 810 1598 noxae

166 1614 333 1641 damnatus
349 1613 482 1641 donatur
506 1613 633 1651 populo.
656 1617 709 1641 35.
727 1616 811 1641 veta-

166 1660 218 1684 tur
234 1656 399 1693 quicquam
423 1665 478 1694 pro
501 1657 686 1694 magistratu
710 1665 810 1692 agere,

166 1702 217 1728 36.
235 1703 358 1727 creatur
373 1699 495 1734 consul,
511 1703 562 1728 38.

208 1742 355 1778 interrex,
381 1746 413 1777 9,
430 1747 460 1773 7.
485 1742 629 1778 dictator,
652 1745 703 1772 99.
726 1742 811 1780 capit

167 1784 349 1817 Saticulam,
366 1785 439 1815 ibid.
456 1785 555 1814 vincit
571 1785 739 1821 Samnites,
757 1789 808 1814 93.

164 1828 277 1857 iterum
296 1828 418 1864 consul,
433 1832 487 1858 33.
502 1829 647 1857 adversus
658 1829 809 1857 Etruscos

164 1871 500 1910 proficiscitur,eosque
509 1872 681 1905 fundit,35.
692 1876 721 1901 et
729 1881 809 1910 seqq.

161 1913 267 1952 jussus
284 1923 301 1943 a
317 1918 443 1950 senatu,
461 1915 498 1944 L.
515 1915 672 1952 Papirium
695 1915 809 1943 Curso-

167 1966 243 1990 rem,
255 1958 305 1986 cui
319 1957 452 1986 infestus
466 1957 609 1995 privatim
621 1961 700 1994 erat,
711 1958 809 1986 dicta-

164 2003 262 2029 torem
279 2001 367 2036 dicit,
386 2004 438 2029 38.
464 2001 504 2030 ob
520 2001 640 2039 egregie
657 2001 810 2039 perdomi-

164 2046 229 2072 tam
246 2043 404 2072 Etruriam
427 2043 455 2072 ei
478 2044 682 2073 continuatur
696 2053 809 2073 consu-

165 2086 258 2120 latus,
271 2090 324 2116 41.
340 2086 436 2115 vincit
447 2086 602 2116 Samnites
617 2090 648 2116 et
661 2087 810 2123 Umbros,

165 2128 241 2158 ibid.
264 2129 291 2158 ei
321 2132 508 2168 prorogatur
542 2130 720 2168 imperium,
757 2134 809 2159 49.

165 2181 275 2200 censor
297 2181 418 2201 omnem
451 2172 604 2202 forensem
629 2173 752 2202 turbam
776 2173 808 2202 in

165 2219 300 2253 quatuor
316 2217 449 2244 urbanas
469 2216 569 2245 tribus
593 2216 733 2253 conjicit,
756 2218 807 2244 46.

164 2258 295 2287 Maximi
320 2268 493 2297 cognomen
510 2259 536 2287 ei
562 2259 665 2294 datur,
680 2259 752 2287 ilsd.
770 2259 809 2287 ab

163 2311 200 2330 eo
238 2302 434 2337 institutum,
472 2306 507 2330 ut
542 2301 662 2339 equites
702 2301 809 2330 Idibus

164 2344 363 2376 Quintilibus
378 2345 667 2377 transveherentur,
691 2345 767 2373 ibid.

206 2387 324 2416 invitus
338 2389 447 2417 consul
460 2391 604 2426 quartum
616 2392 807 2423 creatur‚10,

167 2433 215 2459 13.
232 2430 332 2459 vincit
348 2431 518 2467 Samnites,
540 2435 585 2460 14.
610 2431 808 2459 consulatum

163 2477 297 2506 recusat,
317 2477 365 2503 15.
376 2475 484 2503 consul
499 2474 658 2512 quintum,
678 2477 727 2502 99.
741 2474 808 2510 ejus

164 2520 319 2545 certamen
341 2527 411 2546 cum
436 2519 468 2546 P.
493 2517 589 2545 Decio
623 2517 742 2555 collega
772 2518 808 2545 de

163 2560 343 2596 provinciis,
368 2564 418 2589 94.
442 2561 566 2598 egregia
588 2561 655 2597 ejus
679 2560 710 2588 in
735 2568 808 2598 agro

166 2601 321 2631 Sentinati
338 2603 479 2638 victoria,
499 2607 550 2633 97.
570 2608 599 2632 ct
623 2607 672 2634 99.
697 2603 808 2632 trium-

165 2644 257 2682 phat,
271 2649 324 2674 30.

123 2687 163 2718 Q.
181 2687 295 2716 Fabius
312 2688 676 2725 MaximusVerrucosus,
690 2690 809 2724 legatus

167 2730 388 2764 Carthaginem
400 2732 549 2764 mittitur.
567 2736 675 2768 91,18.
689 2732 809 2769 prodic-

166 2776 250 2801 tator
261 2777 394 2810 creatur,
413 2778 466 2809 99,
483 2778 511 2804 8.
529 2775 623 2803 libros
641 2775 810 2813 Sibyllinos

166 2815 276 2855 inspici
293 2818 444 2854 postulat,
466 2817 558 2856 idque
583 2818 749 2856 pervincit,
779 2823 808 2849 9.

907 187 972 224 ejus
999 187 1129 216 consilia
1154 188 1190 215 de
1219 187 1298 216 bello
1323 191 1468 226 gerendo,
1499 194 1544 220 11.

907 240 1041 268 pugnaui
1066 231 1228 263 detrectat,
1266 235 1312 259 19.
1347 234 1413 269 ejus
1451 238 1546 272 arten,

905 274 978 302 ibid.
1011 274 1193 312 magistrum
1225 274 1364 312 equitum
1397 277 1543 307 infestum

906 318 989 345 sanis
1006 317 1142 346 consiliis
1159 318 1264 353 habet,
1282 318 1351 346 ibid.
1366 323 1395 347 et
1416 324 1461 348 14.
1478 321 1544 357 ejus

904 360 1064 389 cunctatio
1080 364 1110 389 et
1127 361 1158 389 in
1182 361 1290 389 castris
1313 364 1344 389 et
1361 362 1392 389 in
1410 363 1483 392 urbe
1500 365 1547 392 in-

905 404 1004 437 famis,
1027 408 1071 431 15.
1087 403 1125 432 ab
1141 404 1294 432 Annibale
1310 404 1477 439 deluditur,
1497 410 1545 435 16.

904 451 932 473 vl
955 451 998 477 17.
1016 456 1170 476 sacrorum
1188 456 1296 476 caussa
1312 448 1440 477 Romam
1455 458 1544 478 voca-

904 494 967 525 tur,
1011 494 1057 519 18.
1099 491 1281 519 inviolatum
1317 491 1355 520 ab
1388 492 1545 522 Annibale

905 542 1010 570 agrum
1029 543 1118 562 suum
1131 534 1237 562 vendit
1250 534 1379 572 captivis
1393 536 1546 564 redimen-

904 577 964 611 dis,
990 580 1040 605 93.
1068 587 1102 605 eo
1134 577 1272 610 absente,
1299 578 1457 607 Minucius
1481 588 1544 608 rem

905 628 967 647 non
986 620 1172 658 improspere
1189 621 1279 656 gerit,
1297 625 1346 649 94.
1364 621 1420 660 ipsi
1441 632 1543 660 mqua-

903 667 956 690 tur
972 663 1117 700 magister
1132 665 1286 701 equitum,
1305 667 1355 694 95.
1373 669 1402 693 et
1419 668 1470 695 96.
1494 667 1545 695 cui

904 706 1068 739 laboranti,
1108 712 1139 735 et
1170 717 1247 744 pene
1273 708 1337 744 jam
1363 708 1456 741 victo,
1483 710 1543 738 fert

903 750 1074 787 suppetiaS,
1100 754 1151 778 99.
1170 754 1199 778 et
1223 755 1274 780 99.
1292 751 1442 788 magister
1457 752 1544 790 equi-

902 796 968 821 tum
994 792 1051 821 snb
1075 793 1142 829 ejus
1168 794 1330 831 imperium
1354 796 1542 833 auspicium-

903 845 962 873 que
978 841 1089 874 sponte
1106 837 1196 870 redit,
1210 842 1260 865 30.
1279 841 1386 866 exacto
1403 840 1543 868 semestri

901 879 1167 915 imperio‚ab‹licat
1184 890 1215 908 se
1228 881 1393 915 dictatura,
1411 885 1461 909 31.
1475 882 1542 919 ejus

901 923 938 951 ad
950 923 985 951 L.
996 923 1142 951 AEmilum
1154 924 1292 952 Paullum
1304 924 1461 953 consulem
1474 934 1543 954 ora-

900 966 958 1001 tio,
978 970 1028 996 39.
1053 965 1120 1002 ejus
1142 967 1305 996 consilium
1330 971 1400 1006 post
1422 969 1542 998 cladem

903 1008 1116 1045 Cannensem,
1133 1014 1184 1039 55.

942 1056 1063 1080 creatur
1079 1053 1230 1089 pontifex,
1248 1057 1301 1088 93,
1328 1057 1378 1082 91.
1399 1054 1544 1084 duumvir

900 1095 1017 1123 :edibus
1032 1095 1391 1125 dedicaiirlis.3’i.corisul
1403 1099 1543 1135 tertium,

898 1136 974 1167 ibid.
989 1138 1055 1175 ejus
1072 1147 1119 1167 res
1135 1142 1241 1176 gestae.
1259 1141 1399 1168 46—48.

941 1181 1008 1217 ejus
1020 1181 1121 1210 oratio
1145 1182 1181 1210 de
1204 1181 1345 1210 creandis
1362 1183 1542 1213 consulibus

899 1232 990 1262 quam
1015 1225 1296 1262 praestantissimis,
1310 1229 1362 1257 94.
1387 1230 1415 1255 8.
1432 1228 1541 1256 consul

899 1271 1044 1304 quartum
1073 1272 1205 1302 creatur,
1235 1273 1263 1299 9.
1290 1268 1462 1298 Casilinum
1485 1280 1540 1308 op-

898 1314 1031 1348 pugnat,
1061 1315 1107 1341 19.
1133 1311 1252 1350 legatus
1276 1311 1339 1340 filio
1363 1314 1485 1342 consuli
1503 1314 1542 1342 ad

899 1353 1077 1382 Suessulam
1097 1354 1195 1390 venit,
1208 1357 1262 1383 44.

940 1396 1142 1425 Annibalem]
1157 1398 1286 1427 Romam
1300 1400 1540 1435 oppugnandam

897 1440 1041 1468 veniente
1075 1445 1181 1469 censet
1214 1440 1440 1471 abscedendum
1477 1452 1539 1472 non

897 1491 963 1510 esse
980 1492 997 1511 a
1012 1483 1129 1521 Capua.
1145 1486 1198 1518 96,
1219 1488 1246 1512 8.

939 1526 1048 1554 consul
1078 1527 1236 1563 quintum.
1269 1531 1320 1560 97,
1345 1531 1374 1557 7.
1407 1527 1540 1556 Senatus

897 1569 1053 1607 princeps,
1082 1573 1128 1597 11.
1156 1570 1337 1598 Marcellum
1362 1579 1415 1608 per
1437 1571 1541 1600 literas

897 1616 1015 1646 monet,
1033 1615 1068 1640 ut
1084 1622 1176 1650 quam
1193 1614 1340 1641 acerrimo
1364 1614 1444 1642 bello
1460 1614 1540 1642 deti-

897 1658 969 1683 neat
1003 1656 1203 1688 Annibalem,
1239 1659 1288 1684 19.
1313 1657 1480 1686 Manduria
1510 1658 1541 1687 vi

896 1701 999 1736 capta,
1009 1698 1130 1727 obsidet
1146 1699 1316 1727 Tarentum
1334 1703 1363 1727 et
1375 1700 1470 1738 capit,
1492 1705 1542 1731 15.

896 1741 980 1770 Deos
997 1741 1092 1771 iratos
1100 1742 1381 1779 Tarentinisjubet
1394 1743 1539 1782 relinqui,

900 1786 946 1812 16.

938 1827 1059 1856 Livium
1073 1831 1105 1856 et
1122 1827 1294 1863 Neronem,
1309 1829 1465 1865 consules,
1479 1830 1537 1859 sibi

895 1874 1006 1899 mutuo
1030 1871 1222 1906 reconciliat,
1248 1875 1301 1905 97,
1316 1876 1368 1900 35.
1386 1872 1538 1910 Scipioni.

896 1913 927 1942 in
958 1913 1096 1943 Africam
1134 1914 1351 1943 transcendere
1389 1916 1540 1954 cupienti.

896 1957 1088 1994 adversatur,
1102 1960 1155 1994 98,
1172 1961 1223 1986 40.
1248 1957 1314 1994 ejus
1330 1959 1443 1992 oratio,
1467 1959 1540 1989 ibid.

895 2004 925 2028 ct
945 2010 1026 2039 seqq.

938 2043 1019 2072 truci
1036 2042 1176 2072 oratione
1192 2046 1224 2072 et
1238 2043 1397 2073 sententia
1419 2043 1539 2083 Scipio·

896 2095 965 2115 nem
985 2087 1160 2125 impugnat,
1175 2090 1229 2122 99,
1248 2090 1295 2117 19.

939 2129 1082 2165 moritur,
1099 2133 1153 2162 30,
1171 2131 1223 2158 96.
1240 2129 1306 2166 ejus
1322 2129 1443 2166 laudes,
1460 2129 1537 2160 ibid.

855 2170 896 2202 Q.
913 2172 1041 2208 Fabius,
1065 2172 1146 2201 filius
1169 2173 1394 2210 praecedentis,
1410 2177 1537 2212 praetor,

897 2219 948 2249 94,
966 2219 996 2245 9.
1015 2215 1145 2244 sortitur
1167 2216 1328 2253 Apuliam,
1356 2220 1403 2244 19.
1427 2216 1539 2245 absens

895 2263 1018 2287 creatur
1034 2258 1156 2293 consul,
1175 2263 1225 2287 43.
1244 2262 1362 2297 patrem
1375 2259 1467 2296 jubet
1484 2260 1537 2288 de-

896 2303 1143 2339 scendereequ0‚
1153 2302 1371 2330 44.Altinium
1381 2302 1538 2340 Arpinum

890 2344 983 2381 jubet
999 2345 1121 2380 vinciri,
1137 2347 1187 2373 45.
1205 2345 1287 2382 capit
1304 2345 1418 2382 Arpos,
1442 2348 1496 2374 46.

854 2388 893 2420 Q.
912 2388 1025 2416 Fabius
1041 2388 1161 2425 legatus
1178 2388 1216 2416 ab
1240 2388 1285 2417 M.
1301 2388 1388 2416 Livio
1411 2388 1539 2417 consule

896 2431 1026 2460 Romam
1037 2431 1074 2460 ad
1092 2434 1234 2459 senatum
1252 2431 1399 2466 mittitur,
1417 2436 1469 2466 98,
1486 2435 1517 2462 9.

853 2475 892 2506 Q.
911 2474 1037 2506 Fabius,
1055 2483 1154 2511 augur
1170 2474 1202 2502 in
1227 2474 1327 2503 locum
1346 2475 1443 2512 patris
1459 2474 1538 2503 elec·

894 2521 958 2549 tus.
977 2521 1029 2551 30,
1047 2519 1097 2545 96.
1115 2517 1259 2553 moritur,
1274 2521 1328 2549 33,
1346 2521 1399 2545 49.

854 2560 893 2592 Q.
911 2561 1040 2597 Fabius,
1057 2564 1204 2598 quaestor,
1221 2564 1274 2593 39.
1293 2564 1343 2590 99.

854 2604 893 2635 Q.
922 2604 1038 2632 Fabius
1061 2604 1229 2636 Maximus,
1261 2606 1387 2641 praetor,
1407 2600 1537 2629 sortitur

891 2647 1139 2684 jurisdictionem
1156 2647 1362 2683 peregrinam,
1379 2648 1432 2679 40,
1454 2647 1501 2672 18.

854 2691 892 2723 Q.
922 2690 1036 2719 Fabius
1060 2689 1230 2724 Maximus,
1257 2689 1338 2716 filius
1361 2687 1394 2715 L.
1419 2686 1536 2715 AEmilii

895 2731 995 2761 Paulli
1011 2733 1162 2766 consulis,
1179 2736 1233 2766 44,
1249 2734 1303 2758 35.
1322 2729 1455 2758 nuncius
1471 2729 1538 2758 vic·

895 2776 984 2805 toriae
1000 2776 1037 2804 de
1053 2777 1161 2804 Perseo
1177 2773 1316 2802 mittitur
1328 2772 1471 2807 Romam,
1484 2776 1538 2801 45.

895 2823 951 2855 45,
978 2822 1004 2847 1.
1030 2817 1167 2846 mittitur
1182 2824 1200 2845 a
1216 2819 1302 2854 patre
1325 2816 1361 2845 ad
1379 2815 1537 2851 AEginium

962 2876 986 2899 Υ
1014 2866 1038 2898 ‘t
