1805 3174
560 84 654 132 PR
671 84 1015 133 AEFATIO.
1392 93 1512 141 xlvii

56 226 352 274 sertationes
377 242 495 273 suas
522 224 815 288 epistolicas
840 226 1047 274 dicaret.
1102 226 1184 275 Sic
1210 227 1356 290 igitur
1381 233 1511 279 ordi-

56 312 162 352 tur:
209 306 504 353 Mwioulam
538 304 677 359 lianc,
704 305 756 351 in
790 323 886 368 qua
919 307 1287 354 meditationum
1322 310 1511 371 aliquot

39 383 238 444 formas
257 392 303 431 ec
328 383 550 431 tirocinii
568 383 621 429 in
651 382 773 430 Tito
795 383 948 432 Livio
972 385 1067 432 mei
1083 393 1277 447 partem
1295 391 1509 442 oneravi,

56 462 240 523 optimo
254 462 408 508 sidere
424 462 620 517 ituram,
639 470 682 509 et
699 461 760 508 ab
776 463 906 509 omni
912 463 1134 525 procella
1149 471 1303 511 tutam
1319 465 1513 528 reipub-

58 538 167 585 licoe
180 538 356 602 populi
372 537 598 585 Romani
612 555 723 585 oras
737 540 1194 588 circumerraturam
1212 543 1389 601 censui,
1399 545 1442 590 si
1462 546 1515 590 in

58 617 163 680 ejus
172 616 433 664 acroscolio
453 615 890 665 Reverendissimoe
904 615 1226 666 Celsitudinis
1242 628 1337 668 tuoe
1345 638 1515 669 nomen

53 712 151 757 pro
166 711 419 758 parasemo
443 696 772 760 insculperem,
794 704 840 743 ct
863 696 987 744 lianc
1005 697 1050 744 ei
1079 696 1308 746 Tutelam
1325 699 1518 748 invoca-

57 790 173 821 rem.
246 772 425 821 Cetera
450 774 515 821 ad
541 774 773 822 eamdem
798 790 1025 822 normam
1045 781 1229 823 exacta
1246 782 1376 824 sunt.
1426 777 1518 825 At-

59 858 243 909 tamen,
263 852 695 916 quemadmodum
715 852 950 915 Virgilius
970 869 1024 901 se
1050 854 1115 901 de
1135 852 1287 901 Ennii
1307 855 1514 919 sterqui-

61 929 181 977 linio
207 946 381 977 aurum
407 930 645 993 colligere
670 930 833 979 aiebat
849 952 862 990 3
903 931 973 979 ita
998 931 1049 979 in
1074 931 1149 979 his
1184 931 1297 980 Jac.
1324 932 1518 980 Grono-

62 1007 125 1055 vii
161 1007 416 1065 fruticetis,
448 1015 498 1057 et
531 1009 669 1058 velut
704 1026 878 1073 aspero
915 1010 1217 1073 horridoque
1253 1010 1382 1066 solo,
1414 1011 1519 1073 opi-

64 1102 198 1134 mam
232 1087 487 1134 interdum
521 1089 744 1151 praedam
769 1087 937 1136 venari
973 1094 1024 1135 et
1047 1087 1280 1150 excipere
1313 1088 1445 1145 licet,
1470 1095 1518 1135 et

62 1164 402 1212 exhaurienda
422 1165 472 1212 in
495 1164 723 1228 legendis
749 1166 857 1227 ejus
878 1165 1316 1213 dissertationibus
1340 1165 1521 1212 moles-

63 1243 132 1291 tia
155 1242 312 1290 multa
334 1242 549 1291 utilitate
579 1250 833 1308 pensatur,
860 1250 916 1292 ut
938 1243 990 1292 in
1013 1243 1199 1293 nostris
1222 1243 1358 1292 notis
1383 1242 1521 1292 iden-

63 1321 220 1369 tidem
245 1316 531 1385 apparebit.

130 1399 331 1448 Eodem
356 1400 457 1447 fere
480 1405 706 1463 tempore
729 1416 832 1464 quo
869 1400 1005 1463 apud
1033 1400 1254 1448 Batavos
1285 1398 1521 1464 prodibat
1532 1410 1715 1442 Amic-111.

65 1477 288 1526 sociatus
311 1477 569 1543 utriusque
587 1478 829 1526 Gronovii
847 1479 1004 1535 labor,
1026 1477 1228 1526 Parisiis
1245 1494 1378 1526 nova
1400 1493 1521 1541 quo·
1532 1509 1599 1528 mo.

66 1573 167 1620 que
192 1554 317 1603 Livii
342 1555 496 1603 editio
520 1555 719 1619 publice
742 1555 1001 1619 proposita
1029 1561 1122 1616 est,
1146 1556 1393 1603 adornata
1416 1572 1445 1603 a
1470 1554 1518 1603 J.

1533 1455 1586 1484 DE
1604 1454 1716 1484 Duu—

67 1632 279 1695 Dujatio
305 1633 370 1680 ad
395 1649 543 1680 usum
568 1633 676 1682 Ser.
703 1632 963 1697 Delphini.
1034 1632 1201 1695 Hujus
1227 1634 1390 1698 operis
1415 1633 1519 1681 uni-
1536 1647 1611 1695 Ejus
1625 1644 1726 1688 operis

1533 1700 1676 1720 universa

67 1727 262 1759 versam
285 1711 497 1758 formam
519 1726 669 1759 nemo
687 1727 790 1759 non
814 1728 984 1774 aequus
1001 1711 1270 1760 aestimator
1288 1712 1520 1760 laudave-
1536 1734 1632 1764 forma
1647 1733 1715 1763 iau-

68 1788 151 1838 rit.
223 1787 376 1837 Notae
400 1787 645 1853 ejusmodi
680 1794 810 1845 sunt,
836 1795 890 1836 ut
912 1805 1082 1836 earum
1118 1795 1307 1846 auctor,
1334 1806 1438 1838 non
1464 1806 1525 1838 ea

70 1873 266 1915 tantum
301 1884 412 1931 quae
447 1866 615 1930 gloriae
651 1866 757 1923 sibi,
783 1867 873 1914 sed
903 1874 953 1915 et
976 1885 1086 1931 quae
1111 1884 1264 1931 quam
1299 1867 1524 1931 plurimis

71 1944 275 1992 utilitati
310 1962 421 1993 esse
455 1952 678 2009 possent,
715 1945 1026 2009 spectavisse
1060 1945 1315 2005 videatur3
1359 1952 1526 1994 textus

71 2021 228 2086 ipsius
257 2021 452 2070 Liviani
485 2022 903 2080 emendationem,
929 2022 1265 2072 difficiliorum
1300 2023 1524 2072 locorum

71 2099 549 2163 interpretationem,
573 2100 776 2159 rituum,
801 2101 984 2164 legum,
1011 2107 1108 2151 etc.
1134 2102 1333 2150 brevem
1368 2102 1523 2166 expli-

71 2177 336 2235 cationem,
360 2178 573 2242 plurima
609 2179 672 2226 de
708 2179 1087 2243 Geographicis,
1120 2196 1224 2228 non
1259 2196 1424 2243 pauca
1459 2180 1525 2227 ad

75 2255 331 2303 historiam
356 2256 518 2320 ipsam
543 2255 855 2319 pertinentia.
925 2256 1162 2320 Explevit
1194 2257 1342 2304 etiam
1366 2256 1528 2317 Duja-

76 2333 175 2382 tius
195 2351 384 2399 eaquae
419 2333 470 2381 in
494 2333 682 2382 ultimis
717 2333 803 2397 qui
827 2339 1029 2382 exstant
1063 2333 1192 2382 Livii
1225 2333 1358 2381 libris
1393 2331 1527 2380 exci-

79 2413 270 2462 derant.
339 2411 573 2476 Denique
607 2427 846 2474 magnum
882 2427 983 2458 suae
1019 2410 1228 2458 editioni
1269 2425 1530 2458 ornamen-

79 2497 184 2539 tum
219 2490 421 2553 adjecit,
458 2489 805 2553 supplementa
839 2489 891 2537 in
926 2490 1096 2538 locum
1133 2488 1369 2536 librorum
1406 2485 1531 2534 Livii

83 2567 459 2631 deperditorum
486 2584 516 2615 a
539 2566 587 2614 J.
615 2566 957 2614 Freinshemio
994 2566 1313 2623 concinnata,
1339 2572 1395 2612 ut
1414 2564 1533 2611 inte-

80 2660 220 2707 grum
246 2643 492 2692 Romanae
525 2644 744 2692 historiae
769 2659 950 2708 corpus
975 2661 1006 2691 a
1030 2644 1251 2693 Romulo
1283 2643 1347 2690 ad
1373 2648 1531 2689 extre-

82 2737 165 2769 ma
199 2721 298 2769 fere
333 2721 640 2786 principatus
675 2721 894 2785 Augusti
928 2728 1154 2784 tempora
1188 2726 1427 2783 perpetuo
1462 2726 1530 2767 te-

80 2815 200 2848 nore
223 2800 521 2864 perductum
544 2798 748 2847 lectoris
776 2799 933 2847 oculis
957 2798 1287 2847 exhiberetur.

1536 1775 1660 1808 dabilis.
