1816 3159
85 285 239 317 Stadium.

83 408 232 440 Milliare.

81 466 167 500 Quot
178 469 279 499 stadia

80 514 112 538 et
129 511 276 542 milliaria

83 552 114 580 in
132 553 221 583 leuca

80 598 229 626 nostrate.

72 1082 99 1110 A
106 1085 233 1121 :uphem

73 1134 126 1161 pes
139 1129 267 1157 cubicus

70 1168 243 1200 Romanus.

66 1542 204 1577 Medius,

65 1584 154 1612 tertii
174 1594 244 1622 pars

64 1629 235 1665 auiphmae.

61 1768 213 1809 Congius,

57 1815 193 1852 semipes
209 1826 246 1845 cu
255 1833 267 1841 -

61 1854 158 1885 bicus.

50 2389 152 2421 Sexta·
163 2394 219 2422 ius.

48 2615 198 2648 Hemina.

41 2729 239 2762 Quarum-inv.

301 61 362 98 civ
818 71 1230 117 DISPUTATIO

299 184 392 211 rum
414 173 583 228 patebat
605 176 806 221 ducentos
833 183 1114 240 quadraginta
1133 188 1175 228 in
1198 188 1369 245 longum
1391 192 1532 248 pedes,
1554 195 1596 235 in
1618 195 1749 237 latum

298 236 466 270 centum
487 240 528 272 et
550 233 712 289 viginti.

358 285 564 339 Stadium,
587 306 780 334 mensura
802 294 965 347 Graeca,
982 308 1070 341 erat
1091 310 1258 343 centum
1275 304 1425 360 viginti
1447 308 1637 364 quinque
1657 325 1750 365 pas-

299 355 438 392 suum,
461 359 642 400 quorum
664 349 842 403 quilibet
864 354 1054 410 quinque
1075 357 1255 412 pedibus
1277 363 1533 405 censebatur.

360 399 544 442 Milliare
567 404 805 447 Romanum
827 424 903 464 par
923 420 1011 453 erat
1032 422 1125 455 octo
1147 416 1301 457 stadiis.

357 456 470 498 Hinc
499 458 620 501 facile
649 470 711 504 est
742 465 876 506 stadia
904 476 946 509 et
976 469 1169 511 milliaria
1189 473 1243 513 ad
1263 474 1475 517 leucarum
1511 487 1747 521 nostrarum

297 515 582 556 communium
599 518 799 562 rationem
813 523 991 579 exigere.
1053 527 1209 579 Leuca,
1225 531 1370 586 quales
1385 534 1534 589 viginti
1557 537 1746 592 quinque

295 570 475 623 gradum
507 587 637 615 unum
668 578 886 621 meridiani
918 585 1124 625 terrestris
1154 587 1338 642 explent,
1359 590 1485 632 habet
1506 592 1745 649 hexapedas

296 627 418 666 2282.
482 629 626 672 Stadia
641 632 773 687 igitur
793 636 879 678 duo
894 638 1023 680 ferme
1040 650 1080 682 et
1098 641 1262 698 viginti,
1280 644 1365 686 duo
1385 647 1579 690 milliaria
1598 659 1639 691 et
1656 666 1746 707 sep-

295 683 474 738 tingenti
506 687 815 745 quinquaginta
836 709 996 750 passus,
1019 696 1178 739 leucam
1210 702 1470 755 conficerent,
1493 706 1525 747 si
1557 722 1630 762 pes
1660 708 1746 749 Ro-

293 754 441 781 manus
471 743 568 798 pedi
600 755 741 788 nostro
770 765 846 805 par
867 761 984 794 esset.
1049 755 1130 796 Sed
1152 756 1184 797 si
1206 757 1469 812 discriminis,
1492 763 1607 818 quod
1636 765 1745 806 inter

294 804 523 854 utrumque
552 801 738 854 interest,
759 807 866 848 ratio
897 808 1116 861 habeatur,
1139 814 1273 856 stadia
1301 816 1388 858 fere
1408 827 1592 874 quatuor
1621 830 1662 863 et
1683 822 1743 863 vi-

290 853 412 907 ginti,
437 856 517 897 tria
538 858 731 901 milliaria
750 862 792 902 in
815 864 975 907 leucam
997 867 1245 924 imputanda
1265 883 1399 916 erunt.

348 911 472 960 Quod
501 924 659 970 spectat
681 918 734 958 ad
766 935 979 964 mensuras
1010 940 1144 975 cavaS,
1167 943 1234 968 eas
1255 945 1395 972 omnes
1425 948 1522 988 quae
1552 934 1594 974 in
1618 935 1742 977 Livio

289 965 517 1010 identidem
555 974 835 1030 appellantur,
873 979 925 1019 ad
963 991 1197 1024 nostrarum
1235 987 1435 1029 rationem
1471 991 1638 1046 exigere
1672 1008 1742 1034 ne-

288 1026 510 1067 cessarium
533 1028 744 1073 duximus.

344 1082 579 1138 Amphora,
603 1088 687 1128 sive
709 1090 974 1144 quadrantal,
997 1105 1084 1138 erat
1111 1097 1200 1153 ipse
1220 1115 1293 1156 pes
1313 1102 1486 1145 cubicus
1508 1105 1739 1158 Romanus,

288 1145 392 1179 teste
421 1140 456 1179 F
459 1143 593 1182 annio⁶
658 1146 739 1186 Sed
793 1163 893 1189 uum
914 1151 956 1190 in
978 1153 1084 1206 pede
1114 1154 1306 1198 Romano
1328 1159 1519 1202 undecim
1549 1162 1635 1204 fere
1657 1165 1739 1207 sint

286 1194 455 1248 pollices
480 1197 743 1252 Parisienses,
760 1162 985 1254 2decima1n
1007 1209 1167 1264 pollicis
1189 1222 1365 1268 partem,
1383 1232 1480 1271 quae
1501 1219 1618 1261 abest
1638 1222 1737 1277 pedi

287 1251 492 1303 Romano,
510 1256 780 1313 negligimus)
799 1277 872 1316 pes
893 1264 1065 1306 cubicus
1088 1268 1304 1311 Romanus
1326 1273 1431 1313 solos
1447 1274 1627 1318 habebat
1648 1279 1737 1334 pol-

286 1306 380 1348 lices
401 1310 569 1353 cubicos
590 1314 701 1355 mille
723 1324 928 1360 trecentos
949 1322 1123 1377 triginta
1144 1341 1290 1377 unum,
1315 1330 1459 1384 quales
1480 1332 1605 1374 habet
1622 1335 1735 1376 mille

284 1366 567 1421 septingentos
588 1371 738 1426 viginti
769 1383 862 1416 octo
882 1392 955 1431 pes
976 1388 1115 1421 noster
1142 1383 1326 1425 cubicus.
1390 1387 1542 1444 Itaque
1572 1406 1644 1445 pes
1665 1407 1736 1433 cu-

282 1420 400 1462 bicus
432 1424 648 1468 Romanus
678 1438 740 1470 est
761 1431 814 1471 ad
834 1433 984 1488 pedem
1015 1437 1209 1480 cubicum
1240 1450 1481 1494 nostratem,
1505 1454 1553 1487 ut
1574 1448 1655 1492 31¹3.
1679 1450 1732 1490 ad

286 1478 322 1517 4⁴.
346 1479 432 1520 sive
453 1489 501 1522 ut
523 1484 589 1525 37.
612 1484 666 1525 ad
688 1488 753 1527 48.

340 1536 515 1579 Modius
544 1542 659 1596 apud
691 1543 902 1587 Romanos
931 1549 1050 1604 pedis
1081 1553 1144 1592 sui
1176 1554 1310 1596 cubici
1343 1558 1466 1599 tertia
1497 1575 1593 1615 pars
1627 1572 1730 1614 erat,

313 1594 637 1638 uemadmodum
659 1601 774 1655 apud
795 1618 883 1654 nos,
901 1607 1043 1647 nostri.
1108 1610 1261 1667 Itaque
1276 1613 1419 1654 eadem
1440 1625 1502 1657 est
1518 1617 1625 1659 inter
1646 1634 1732 1661 mo—

279 1606 369 1690 {iios
406 1652 643 1695 Romanum
678 1666 719 1698 et
748 1668 990 1712 nostratem,
1022 1680 1119 1720 quae
1149 1668 1256 1709 inter
1291 1670 1417 1725 pedes
1447 1673 1614 1716 cubicos
1645 1677 1730 1718 Ro-

278 1720 447 1748 manum
469 1718 510 1750 et
536 1710 808 1756 parisiensem
829 1717 947 1759 ratio.

335 1764 521 1821 Congius
542 1776 603 1809 est
626 1771 801 1827 semipes
822 1774 1039 1818 Romanus
1066 1780 1253 1833 cubicus,
1275 1792 1422 1826 octava
1441 1802 1536 1842 pars
1557 1791 1728 1846 ampho-

274 1834 344 1860 rae.
407 1822 489 1863 Sed
524 1840 658 1880 quum
699 1831 872 1885 congius
911 1833 965 1873 ad
1004 1837 1214 1879 metienda
1247 1840 1409 1896 liquida
1440 1843 1724 1899 adhiberetur,

274 1877 575 1922 aestimabimus
605 1898 716 1934 eum,
740 1895 786 1927 ut
812 1896 853 1929 et
875 1898 1031 1932 ceteras
1060 1893 1170 1936 infra
1189 1896 1329 1952 ipsum
1360 1914 1587 1951 mensuras,
1610 1904 1653 1945 in
1674 1906 1725 1947 iis

274 1937 477 1976 mensuris
508 1953 613 1993 quas
643 1956 838 1984 vocamus
864 1948 1026 1998 pintus,
1058 1959 1099 1991 et
1130 1967 1272 1993 earum
1305 1957 1507 2010 partibus.
1571 1961 1724 2017 Itaque

272 1992 445 2046 congius
475 2004 657 2046 centum,
690 2007 737 2039 ut
772 2000 892 2042 initio
928 2003 1127 2057 diximus,
1161 2011 1302 2051 uncias
1339 2013 1548 2055 Romanas
1582 2019 1723 2073 pondo

272 2047 356 2087 vini
379 2050 583 2105 capiebat,
605 2054 762 2109 quibus
782 2072 901 2112 pares
930 2071 1026 2103 sunt
1050 2064 1163 2113 1043.
1198 2069 1331 2109 unciae
1355 2069 1618 2124 parisienses,
1637 2075 1721 2117 sive

271 2102 387 2145 librae
418 2122 503 2157 sex,
527 2110 659 2151 unciae
689 2121 797 2163 octo,
819 2130 915 2156 cum
948 2133 1030 2159 una
1051 2130 1167 2162 sexta
1198 2125 1331 2166 unciae
1361 2136 1490 2182 parte.
1551 2131 1613 2172 At
1634 2133 1720 2174 vini

270 2160 333 2200 vel
354 2177 476 2218 aquae
502 2168 629 2218 pinta
653 2167 729 2219 (sic
750 2171 859 2212 enim
891 2173 1007 2229 loqui
1038 2192 1200 2219 necesse
1227 2190 1304 2232 est,
1327 2184 1359 2223 si
1390 2185 1612 2228 verborum
1644 2189 1720 2229 cir-

267 2218 421 2268 cuitus,
439 2229 479 2262 et
496 2222 691 2279 ambages
712 2226 844 2268 vitare
860 2230 1074 2287 volumus)
1097 2251 1151 2276 aes
1166 2245 1238 2278 uat
1256 2239 1360 2280 duas
1382 2240 1508 2282 libras
1521 2244 1715 2298 pondere.

270 2274 423 2330 Itaque
453 2280 627 2333 congius
657 2283 846 2337 capiebat
878 2294 960 2328 tres
992 2290 1076 2330 vini
1099 2252 1163 2332 vel
1194 2309 1317 2350 aquae
1344 2299 1491 2351 pinta-s
1519 2308 1560 2341 et
1590 2302 1718 2356 paulo

267 2332 447 2387 amplius
468 2345 661 2390 quartam
678 2342 819 2392 pintae
838 2352 1011 2398 partem.

326 2389 554 2442 sextarius,
578 2403 695 2435 sexta
714 2411 810 2452 pars
830 2401 981 2455 congii,
1005 2404 1376 2451 sexdecim.uncias
1398 2411 1608 2454 Romanas
1629 2414 1713 2457 vini

266 2444 405 2498 pondo
425 2462 519 2487 cum
542 2451 731 2507 quinque
752 2453 960 2498 drachmis
980 2468 1021 2500 et
1038 2476 1122 2502 una
1143 2465 1266 2506 tertia
1282 2466 1489 2508 drachmae
1510 2478 1629 2524 parte
1649 2487 1713 2512 ca-

265 2500 420 2555 piebat,
444 2503 591 2546 libram
628 2507 897 2552 parisiensem
929 2530 1023 2556 cum
1056 2519 1178 2560 uncia
1198 2530 1238 2562 et
1260 2524 1439 2573 semisse,
1461 2540 1507 2565 ac
1537 2528 1712 2582 proinde

264 2558 396 2613 major
416 2569 503 2601 erat
525 2577 573 2601 ea
594 2578 786 2606 mensura
806 2583 933 2623 quam
955 2587 1151 2616 vocamus
1172 2580 1354 2632 ellopiae.

321 2616 517 2666 Hemina,
548 2634 644 2674 pars
675 2621 848 2664 dimidia
877 2636 965 2669 erat
997 2633 1182 2682 sextarii,
1204 2650 1250 2675 ac
1281 2636 1455 2691 proinde
1486 2642 1708 2695 superabat

261 2686 350 2711 cam
372 2687 606 2716 mensuram
629 2693 726 2732 quae
747 2681 861 2735 apud
882 2697 956 2724 nos
978 2685 1133 2727 dicitur
1154 2691 1440 2745 demi-septier.

275 2759 278 2762 .
319 2730 581 2779 Quartarius,
618 2744 769 2788 quarta
802 2753 897 2791 pars
933 2744 1115 2791 sextarii,
1149 2761 1226 2787 uon
1266 2750 1446 2792 multum
1482 2754 1707 2796 excedebat.

259 2798 353 2825 cum
376 2787 608 2839 modulum,
631 2806 756 2846 quem
778 2793 955 2837 dicimus
973 2801 1151 2851 poissmz.
