1841 3179
610 118 636 156 P
652 120 680 156 R
694 119 739 156 Αἰ
752 120 778 157 1’Ἰ
791 121 820 157 Λ
832 121 863 157 T
875 122 888 156 1
904 121 947 156 Ο.
1439 135 1509 161 cxv>

53 231 93 267 el
106 241 159 268 oze
172 230 265 282 quis
278 229 489 269 lac-tionem
512 229 737 269 Lirianam
754 235 1041 283 aggressusstt
1062 244 1154 270 moa:
1169 233 1509 286 i12>tf>1·zar0pin[0-

50 298 157 325 num
176 287 363 339 scopulos
383 291 421 326 et
441 286 618 326 divers-ce
631 288 817 327 [enesionis
836 293 967 341 syrtes
988 289 1223 338 flellesei-ens,
1242 291 1352 328 velat
1370 305 1511 341 angue

51 348 278 396 conspecto,
299 342 515 398 παλίνορσος
546 344 673 398 ὰφιςᾷ.
736 344 841 384 Haec
872 353 956 385 tam
988 346 1207 400 magnifica
1237 345 1348 386 dicta
1370 355 1511 387 utrum

50 397 173 439 factis
194 399 437 455 aequaverit,
453 414 593 449 necne,
616 401 779 455 ignoro:
813 417 906 442 nam
936 401 1066 456 ipsius
1087 401 1371 443 examinandae
1394 404 1511 444 nobis

50 455 182 496 otium
204 471 286 497 non
307 456 403 505 fuit,
427 467 468 498 et
490 465 653 498 tantum
685 457 799 512 quod
823 458 885 498 his
907 457 1001 499 inde
1032 459 1265 515 descriptis,
1287 459 1418 500 oculis
1439 461 1509 500 ab<

51 511 136 553 lata
163 522 235 554 est.
298 513 542 564 Badianam,
564 513 725 569 opinor,
747 514 990 556 criminatur
1022 515 1143 557 foedis
1174 516 1406 571 emplastris
1436 517 1508 557 oli-

49 568 201 625 disque
221 569 481 626 malagmatis
511 570 703 612 oblitam:
737 571 858 627 cujus
880 572 921 611 in
951 587 1024 613 ora
1044 572 1165 613 video
1195 572 1397 614 asteriscis
1428 574 1508 627 sig-

51 634 148 667 nata
180 626 320 668 dubiae
352 628 570 682 scripturae
601 627 703 678 loca,
734 636 776 669 et
807 644 1106 685 nonnunquam
1137 645 1278 671 eorum
1316 628 1507 672 emenda-

50 683 204 724 tionem
236 692 457 731 tentatam3
506 685 577 726 sed
608 685 696 725 haec
727 685 867 740 potius
898 685 1107 727 laudanda
1142 696 1182 728 et
1213 686 1432 736 industria,
1465 696 1506 729 et

49 740 252 782 modestia
271 750 371 783 erat.
436 742 587 797 Itaque
618 741 719 782 nihil
743 742 818 782 hac
840 742 1106 784 insultatione
1137 743 1376 794 deterritus,
1399 759 1507 785 anno

48 798 238 853 sequenti
272 798 457 840 Lutetiae
488 814 537 840 ex
569 798 731 840 officina
762 799 894 840 Nicol.
930 800 1128 841 Saveterii
1168 800 1336 841 Livium
1371 801 1507 843 emisit

48 854 243 896 Andreas
266 855 550 906 Leveseatius,
566 871 661 897 sane
679 871 772 897 cum
789 872 835 897 eo
852 856 966 912 quod
987 857 1244 912 Magontiaci
1266 868 1505 908 accesserat,

48 926 123 952 nec
153 927 458 969 usquequaque
487 913 703 954 adhaerens
733 928 807 969 per
830 913 1010 954 Badium
1032 914 1074 954 in
1096 914 1231 970 ipsum
1264 930 1414 970 corpus
1445 930 1506 956 re-

47 969 196 1024 ceptis:
245 969 297 1011 de
327 969 585 1026 marginibus
616 978 753 1012 tamen
784 970 947 1011 easdem
979 978 1111 1021 notas,
1150 980 1349 1026 tanquam
1390 971 1505 1012 haud

47 1025 230 1077 inutiles,
252 1027 458 1083 repetivit.
520 1029 671 1068 Annus
692 1027 850 1083 delapsi
872 1027 997 1069 seculi
1024 1028 1183 1084 primus
1205 1036 1245 1069 et
1267 1028 1506 1082 trigesimus

47 1097 155 1123 novo
194 1099 361 1125 rursum
396 1099 470 1126 nos
505 1093 711 1141 proventu
746 1084 898 1126 beavit.
959 1093 1051 1126 tum
1081 1085 1189 1126 enim
1224 1086 1267 1125 in
1299 1085 1506 1126 Helvetiis

47 1139 190 1182 Simon
214 1142 425 1198 Grynaeus
455 1142 623 1183 ultimos
651 1141 839 1198 quinque
870 1141 1011 1191 libros,
1035 1149 1218 1197 repertos
1240 1141 1281 1182 in
1303 1142 1506 1183 membra-

45 1197 109 1238 nis
139 1198 254 1253 apud
286 1199 589 1240 Monasterium
622 1197 936 1248 Laurissenum,
968 1198 1097 1254 vulgo
1128 1199 1368 1248 Lorssense,
1396 1214 1418 1239 e
1443 1214 1504 1240 re-

43 1254 166 1309 gione
198 1255 495 1311 Borbetomagi
524 1264 638 1297 trans
669 1256 881 1307 Rhenum,
903 1270 978 1311 per
1007 1256 1076 1296 Jo.
1102 1255 1372 1306 Frobenium,
1398 1256 1507 1312 pub-

45 1311 122 1352 lice
143 1311 346 1354 exhibuit.
408 1313 620 1368 Dignatus
650 1321 711 1354 est
732 1312 838 1353 hanc
860 1327 1030 1368 quoque
1056 1312 1230 1368 prologo
1261 1312 1505 1353 Desiderius

44 1368 99 1409 ad
131 1370 224 1410 Car.
250 1369 524 1425 Montjoium:
568 1378 609 1410 et
631 1369 772 1411 scribit
803 1369 1059 1425 archetypon
1089 1368 1216 1410 fuisse
1247 1368 1503 1410 admirandae

44 1425 281 1477 vetustatiS,
301 1426 438 1483 prisco
459 1442 571 1467 more
592 1425 825 1468 litterarum
847 1435 1051 1482 perpetua
1072 1425 1172 1467 serie
1194 1426 1252 1467 ita
1273 1425 1502 1482 depictum,

46 1491 96 1524 ut
117 1481 406 1525 difficillimum
437 1483 544 1525 foret
565 1483 740 1525 verbum
762 1499 786 1524 a
806 1483 933 1525 verbo
963 1482 1169 1533 dirimere,
1192 1482 1270 1524 nisi
1300 1480 1438 1532 docto,
1460 1492 1502 1525 et

44 1547 221 1590 attento,
244 1548 285 1581 et
306 1540 347 1580 in
367 1540 447 1581 hoc
476 1541 615 1597 ipsum
645 1540 888 1582 exercitato:
922 1539 1034 1581 unde
1055 1555 1136 1580 non
1166 1554 1315 1595 parum
1346 1540 1501 1595 negotii

43 1596 172 1638 fuisse
192 1598 236 1638 in
257 1597 443 1654 parando
464 1598 705 1654 exemplari,
723 1597 839 1654 quod
860 1596 996 1653 operis
1018 1596 1221 1638 utendum
1243 1595 1498 1638 traderetur:

44 1668 120 1694 nec
140 1654 298 1696 minore
319 1669 418 1696 cura
438 1670 565 1711 quam
581 1654 663 1695 fide
684 1654 958 1710 advigilatum
980 1669 1080 1704 esse,
1098 1668 1149 1694 ne
1171 1668 1347 1708 usquam
1369 1652 1411 1693 in
1432 1652 1501 1694 de-

45 1710 262 1752 scribendo
283 1712 336 1752 ab
358 1712 586 1769 archetypo
615 1711 889 1753 recederetur.
912 1710 1075 1767 adjecta
1104 1718 1165 1752 est
1197 1709 1369 1750 Henrici
1402 1709 1503 1750 Gla-

45 1768 158 1809 reani
190 1768 481 1825 Chronologia.
543 1768 746 1810 Haeredes
772 1768 874 1809 Aldi
906 1767 1090 1809 Manutii
1121 1775 1162 1808 et
1184 1766 1368 1807 Andreae
1390 1767 1502 1807 Asu-

45 1824 129 1865 lani
148 1825 316 1867 biennio
337 1835 431 1882 post
453 1842 504 1867 ex
525 1826 602 1867 hac
624 1826 759 1867 tribus
789 1825 999 1881 prioribus
1027 1833 1225 1880 quartum
1248 1832 1407 1865 tomum
1430 1823 1502 1863 ad-

45 1882 255 1924 diderunt.
319 1884 438 1924 Beati
471 1883 662 1924 Rhenani
685 1891 724 1924 et
749 1881 1004 1938 Sigismundi
1037 1881 1200 1922 Gelenii
1231 1880 1401 1936 quando
1431 1895 1502 1935 ap-

44 1939 249 1995 paruisset
281 1940 458 1981 sociatus
488 1940 618 1990 labor,
641 1955 773 1996 quum
805 1939 1056 1987 dubitarem,
1080 1939 1203 1979 Conr.
1229 1936 1402 1978 Gesneri
1433 1936 1501 1976 Bi-

44 1995 293 2038 bliothecam
324 1997 532 2038 consului:
575 1997 650 2038 etsi
681 1996 784 2038 citra
814 1996 918 2045 illos,
941 2011 1047 2052 quos
1077 1994 1278 2043 recensui,
1301 2002 1499 2049 tanquam

44 2053 302 2103 remotiores,
322 2054 450 2095 aciem
479 2052 719 2096 intentionis
748 2053 972 2109 abruptam
1001 2051 1228 2101 habuisset,
1257 2051 1332 2091 hos
1363 2058 1500 2092 tamen

44 2109 204 2161 obvios,
227 2118 318 2152 tum
339 2110 502 2167 utique,
524 2126 571 2152 ac
592 2109 912 2167 propinquiores
933 2108 1128 2151 subtilius
1158 2116 1416 2164 persecutam
1438 2122 1501 2147 ra-

46 2174 128 2208 tus.
189 2167 252 2208 At
273 2167 344 2208 illa
371 2183 437 2208 me
457 2183 482 2209 a
501 2167 637 2224 primo
657 2167 789 2222 magis
818 2165 1038 2221 implicuit.
1061 2180 1156 2206 nam
1179 2165 1257 2205 sub
1290 2163 1409 2205 Beati
1430 2178 1501 2204 no-

45 2224 171 2273 mine,
193 2223 478 2266 annotationes
498 2224 720 2280 utriusque
735 2224 778 2264 in
798 2231 1007 2264 exstantes
1025 2221 1137 2262 Livii
1152 2221 1279 2262 libros
1297 2220 1500 2283 Lugduni

47 2295 231 2322 seorsum
252 2289 393 2322 narrat
414 2281 561 2322 exiisse
581 2296 689 2322 anno
711 2293 898 2328 MDXLII3
933 2279 1010 2320 sub
1034 2277 1304 2334 Sigismundi,
1328 2276 1501 2317 Bassseae

46 2352 142 2378 cum
172 2338 263 2394 ipso
296 2337 433 2389 Livio,
455 2346 496 2380 et
524 2353 707 2380 seorsum
739 2336 944 2393 Lugduni
976 2349 1139 2377 MDxLI:
1173 2349 1305 2390 quum
1337 2333 1500 2397 interim

48 2393 282 2436 Glareanus
309 2410 402 2436 suas
426 2395 576 2436 Carolo
592 2395 641 2435 V.
658 2393 907 2450 Imperatori
936 2392 1178 2434 inscriberet
1201 2404 1341 2440 MDxL,
1363 2398 1405 2431 et
1427 2390 1502 2430 1b1-

45 2449 141 2491 dem
163 2450 352 2493 laudaret
375 2452 410 2492 F
413 2451 679 2493 robenianam
700 2450 923 2492 editionem
943 2464 1069 2506 opera
1089 2458 1131 2490 et
1151 2447 1369 2510 diligentia
1390 2446 1502 2510 Rhe-3

48 2507 145 2548 nani
167 2516 208 2549 et
239 2508 404 2550 Gelenii
434 2508 597 2550 fultam.
660 2509 848 2549 Recurro
878 2506 932 2548 ad
961 2522 1023 2557 ea,
1046 2521 1142 2562 quae
1164 2504 1242 2546 sub
1274 2503 1365 2544 Titi
1388 2503 1500 2543 Livn

49 2563 213 2605 nomine
242 2565 358 2620 prius
388 2565 494 2607 lecta
523 2580 671 2622 parum
703 2564 1001 2606 satisfecerant:
1035 2572 1076 2604 et
1096 2562 1155 2604 ibi
1176 2560 1339 2602 invenio
1371 2559 1502 2620 Deca-

49 2620 124 2662 des
143 2629 228 2662 tres
247 2636 342 2662 cum
373 2621 591 2664 dimidiata
611 2637 708 2672 una,
730 2636 825 2662 cum
857 2619 1215 2662 emendationibus
1235 2626 1277 2658 et
1297 2622 1502 2678 annotati-

48 2677 200 2718 onibus
238 2677 456 2720 doctorum
491 2679 769 2736 quorumdam
803 2677 987 2718 virorum
1022 2675 1204 2733 prolatas
1236 2688 1261 2713 a
1294 2671 1502 2713 Frobenlo

51 2747 251 2775 MDxxxv.
314 2735 436 2776 Hanc
470 2735 601 2792 igitur
641 2751 726 2777 esse
767 2734 945 2784 decrevi,
987 2747 1113 2789 quam
1155 2729 1410 2786 quaerebam:
1462 2734 1503 2767 et

52 2805 162 2831 nunc
196 2791 348 2847 ipsum,
379 2792 481 2833 dum
513 2793 603 2834 haec
633 2793 786 2842 scribo,
817 2792 860 2832 in
893 2790 1083 2832 auctione
1116 2787 1310 2847 volumen
1341 2791 1503 2847 nactus,

52 2856 203 2903 praeter
231 2849 578 2903 exspectationem
601 2849 733 2891 video.
796 2849 996 2893 Erasmus
1016 2846 1083 2886 hie
1113 2858 1282 2899 quoque
1304 2855 1344 2881 in
1367 2841 1506 2881 limine

868 2919 948 2955 HQ
