<?xml version="1.0" encoding="UTF-8"?>
<!DOCTYPE html PUBLIC "-//W3C//DTD XHTML 1.0 Transitional//EN"
    "http://www.w3.org/TR/xhtml1/DTD/xhtml1-transitional.dtd">
<html xmlns="http://www.w3.org/1999/xhtml" xml:lang="en" lang="en">
 <head>
  <title>
</title>
<meta http-equiv="Content-Type" content="text/html;charset=utf-8" />
  <meta name='ocr-system' content='tesseract 3.04.00' />
  <meta name='ocr-capabilities' content='ocr_page ocr_carea ocr_par ocr_line ocrx_word'/>
</head>
<body>
  <div class='ocr_page' id='page_1' title='image "./historiarumaburb04livyuoft/historiarumaburb04livyuoft_0244.png"; bbox 0 0 1826 3149; ppageno 0'>
   <div class='ocr_carea' id='block_1_1' title="bbox 345 86 1775 1107">
    <p class='ocr_par' dir='ltr' id='par_1_1' title="bbox 345 86 1775 1107">
     <span class='ocr_line' id='line_1_1' title="bbox 362 86 1217 127; baseline -0.004 0"><span class='ocrx_word' id='word_1_1' title='bbox 362 93 438 127; x_wconf 75' lang='lat'><em>236</em></span> <span class='ocrx_word' id='word_1_2' title='bbox 909 86 1217 125; x_wconf 88' lang='lat' dir='ltr'><strong>EPITOMAE</strong></span> 
     </span>
     <span class='ocr_line' id='line_1_2' title="bbox 359 195 1763 263; baseline 0.001 -25"><span class='ocrx_word' id='word_1_3' title='bbox 359 199 460 238; x_wconf 86' lang='lat' dir='ltr'><em>clam</em></span> <span class='ocrx_word' id='word_1_4' title='bbox 480 196 514 225; x_wconf 74' lang='lat'><em>⁷⁵</em></span> <span class='ocrx_word' id='word_1_5' title='bbox 528 198 689 263; x_wconf 66' lang='lat' dir='ltr'><em>Cypron</em></span> <span class='ocrx_word' id='word_1_6' title='bbox 703 198 902 263; x_wconf 71' lang='lat' dir='ltr'><em>profugit.</em></span> <span class='ocrx_word' id='word_1_7' title='bbox 925 203 976 246; x_wconf 79' lang='lat' dir='ltr'><em>et,</em></span> <span class='ocrx_word' id='word_1_8' title='bbox 997 210 1113 251; x_wconf 82' lang='lat' dir='ltr'><em>quum</em></span> <span class='ocrx_word' id='word_1_9' title='bbox 1133 197 1264 238; x_wconf 76' lang='lat' dir='ltr'><em>sorori</em></span> <span class='ocrx_word' id='word_1_10' title='bbox 1283 195 1364 250; x_wconf 73' lang='lat' dir='ltr'><em>ejus</em></span> <span class='ocrx_word' id='word_1_11' title='bbox 1388 197 1624 250; x_wconf 66' lang='lat' dir='ltr'><em>Cleopatrae,</em></span> <span class='ocrx_word' id='word_1_12' title='bbox 1647 210 1763 251; x_wconf 85' lang='lat' dir='ltr'><em>quam</em></span> 
     </span>
     <span class='ocr_line' id='line_1_3' title="bbox 354 254 1765 309; baseline 0.001 -15.004"><span class='ocrx_word' id='word_1_13' title='bbox 354 254 471 308; x_wconf 84' lang='lat' dir='ltr'><em>(filia</em></span> <span class='ocrx_word' id='word_1_14' title='bbox 501 254 584 309; x_wconf 76' lang='lat' dir='ltr'><em>ejus</em></span> <span class='ocrx_word' id='word_1_15' title='bbox 609 256 768 309; x_wconf 50' lang='lat' dir='ltr'><em>viragine</em></span> <span class='ocrx_word' id='word_1_16' title='bbox 791 268 868 308; x_wconf 77' lang='lat' dir='ltr'><em>per</em></span> <span class='ocrx_word' id='word_1_17' title='bbox 887 255 965 295; x_wconf 84' lang='lat' dir='ltr'><em>vim</em></span> <span class='ocrx_word' id='word_1_18' title='bbox 994 268 1230 307; x_wconf 80' lang='lat' dir='ltr'><em>compressa,</em></span> <span class='ocrx_word' id='word_1_19' title='bbox 1253 260 1373 308; x_wconf 84' lang='lat' dir='ltr'><em>atque</em></span> <span class='ocrx_word' id='word_1_20' title='bbox 1402 255 1446 293; x_wconf 86' lang='lat' dir='ltr'><em>in</em></span> <span class='ocrx_word' id='word_1_21' title='bbox 1475 255 1765 296; x_wconf 78' lang='lat' dir='ltr'><em>matrimonium</em></span> 
     </span>
     <span class='ocr_line' id='line_1_4' title="bbox 354 310 1775 365; baseline 0.001 -13.004"><span class='ocrx_word' id='word_1_22' title='bbox 354 311 497 364; x_wconf 87' lang='lat' dir='ltr'><em>ducta)</em></span> <span class='ocrx_word' id='word_1_23' title='bbox 528 313 825 365; x_wconf 77' lang='lat' dir='ltr'><em>repudiaverat,</em></span> <span class='ocrx_word' id='word_1_24' title='bbox 848 325 1014 364; x_wconf 84' lang='lat' dir='ltr'><em>regnum</em></span> <span class='ocrx_word' id='word_1_25' title='bbox 1035 324 1060 350; x_wconf 86' lang='lat' dir='ltr'><em>a</em></span> <span class='ocrx_word' id='word_1_26' title='bbox 1080 312 1232 363; x_wconf 76' lang='lat' dir='ltr'><em>populo</em></span> <span class='ocrx_word' id='word_1_27' title='bbox 1270 313 1405 351; x_wconf 83' lang='lat' dir='ltr'><em>datum</em></span> <span class='ocrx_word' id='word_1_28' title='bbox 1446 318 1557 362; x_wconf 85' lang='lat' dir='ltr'><em>esset,</em></span> <span class='ocrx_word' id='word_1_29' title='bbox 1593 310 1775 361; x_wconf 39' lang='lat' dir='ltr'><em>infensus⁸</em></span> 
     </span>
     <span class='ocr_line' id='line_1_5' title="bbox 345 344 1765 423; baseline 0.001 -15"><span class='ocrx_word' id='word_1_30' title='bbox 345 370 497 422; x_wconf 80' lang='lat' dir='ltr'><em>filium,</em></span> <span class='ocrx_word' id='word_1_31' title='bbox 529 383 639 423; x_wconf 82' lang='lat' dir='ltr'><em>quem</em></span> <span class='ocrx_word' id='word_1_32' title='bbox 667 384 716 408; x_wconf 70' lang='lat' dir='ltr'><em>ex</em></span> <span class='ocrx_word' id='word_1_33' title='bbox 746 369 820 408; x_wconf 89' lang='lat' dir='ltr'><em>illa</em></span> <span class='ocrx_word' id='word_1_34' title='bbox 848 344 1032 416; x_wconf 69' lang='lat' dir='ltr'><em>lidbebat,</em></span> <span class='ocrx_word' id='word_1_35' title='bbox 1057 368 1186 420; x_wconf 75' lang='lat' dir='ltr'><em>Cypri</em></span> <span class='ocrx_word' id='word_1_36' title='bbox 1212 369 1371 418; x_wconf 86' lang='lat' dir='ltr'><em>occidit,</em></span> <span class='ocrx_word' id='word_1_37' title='bbox 1393 375 1587 422; x_wconf 77' lang='lat' dir='ltr'><em>caputque</em></span> <span class='ocrx_word' id='word_1_38' title='bbox 1615 368 1697 421; x_wconf 66' lang='lat' dir='ltr'><em>&lt;jus</em></span> <span class='ocrx_word' id='word_1_39' title='bbox 1725 375 1765 409; x_wconf 87' lang='lat' dir='ltr'><em>et</em></span> 
     </span>
     <span class='ocr_line' id='line_1_6' title="bbox 359 425 1765 478; baseline 0.001 -13"><span class='ocrx_word' id='word_1_40' title='bbox 359 439 506 474; x_wconf 81' lang='lat' dir='ltr'><em>manus,</em></span> <span class='ocrx_word' id='word_1_41' title='bbox 529 432 567 465; x_wconf 86' lang='lat' dir='ltr'><em>et</em></span> <span class='ocrx_word' id='word_1_42' title='bbox 588 427 713 478; x_wconf 78' lang='lat' dir='ltr'><em>pedes</em></span> <span class='ocrx_word' id='word_1_43' title='bbox 743 426 861 465; x_wconf 82' lang='lat' dir='ltr'><em>matri</em></span> <span class='ocrx_word' id='word_1_44' title='bbox 885 426 1007 465; x_wconf 81' lang='lat' dir='ltr'><em>misit.</em></span> <span class='ocrx_word' id='word_1_45' title='bbox 1066 425 1285 466; x_wconf 85' lang='lat' dir='ltr'><em>Seditiones</em></span> <span class='ocrx_word' id='word_1_46' title='bbox 1314 440 1339 465; x_wconf 86' lang='lat' dir='ltr'><em>a</em></span> <span class='ocrx_word' id='word_1_47' title='bbox 1369 427 1593 466; x_wconf 82' lang='lat' dir='ltr'><em>triumviris</em></span> <span class='ocrx_word' id='word_1_48' title='bbox 1623 426 1765 466; x_wconf 85' lang='lat' dir='ltr'><em>Fulvio</em></span> 
     </span>
     <span class='ocr_line' id='line_1_7' title="bbox 358 482 1765 536; baseline 0.001 -13"><span class='ocrx_word' id='word_1_49' title='bbox 358 484 523 531; x_wconf 84' lang='lat' dir='ltr'><em>Flacco,</em></span> <span class='ocrx_word' id='word_1_50' title='bbox 565 489 604 521; x_wconf 81' lang='lat' dir='ltr'><em>et</em></span> <span class='ocrx_word' id='word_1_51' title='bbox 647 483 689 522; x_wconf 83' lang='lat' dir='ltr'><em>C.</em></span> <span class='ocrx_word' id='word_1_52' title='bbox 729 482 924 533; x_wconf 78' lang='lat' dir='ltr'><em>Graccho,</em></span> <span class='ocrx_word' id='word_1_53' title='bbox 953 488 992 522; x_wconf 89' lang='lat' dir='ltr'><em>et</em></span> <span class='ocrx_word' id='word_1_54' title='bbox 1021 482 1065 522; x_wconf 87' lang='lat' dir='ltr'><em>C.</em></span> <span class='ocrx_word' id='word_1_55' title='bbox 1087 483 1266 535; x_wconf 78' lang='lat' dir='ltr'><em>Papirio</em></span> <span class='ocrx_word' id='word_1_56' title='bbox 1289 483 1483 531; x_wconf 86' lang='lat' dir='ltr'><em>Carbone,</em></span> <span class='ocrx_word' id='word_1_57' title='bbox 1520 497 1620 536; x_wconf 84' lang='lat' dir='ltr'><em>agro</em></span> <span class='ocrx_word' id='word_1_58' title='bbox 1659 484 1765 524; x_wconf 83' lang='lat' dir='ltr'><em>divi-</em></span> 
     </span>
     <span class='ocr_line' id='line_1_8' title="bbox 359 539 1766 594; baseline 0 -14"><span class='ocrx_word' id='word_1_59' title='bbox 359 541 489 580; x_wconf 88' lang='lat' dir='ltr'><em>dendo</em></span> <span class='ocrx_word' id='word_1_60' title='bbox 522 541 681 586; x_wconf 85' lang='lat' dir='ltr'><em>creatis,</em></span> <span class='ocrx_word' id='word_1_61' title='bbox 716 540 928 580; x_wconf 74' lang='lat' dir='ltr'><em>excitatcc:</em></span> <span class='ocrx_word' id='word_1_62' title='bbox 972 539 1112 593; x_wconf 85' lang='lat' dir='ltr'><em>quibus</em></span> <span class='ocrx_word' id='word_1_63' title='bbox 1144 554 1259 592; x_wconf 86' lang='lat' dir='ltr'><em>quum</em></span> <span class='ocrx_word' id='word_1_64' title='bbox 1295 540 1350 580; x_wconf 89' lang='lat' dir='ltr'><em>P.</em></span> <span class='ocrx_word' id='word_1_65' title='bbox 1381 540 1517 592; x_wconf 79' lang='lat' dir='ltr'><em>Scipio</em></span> <span class='ocrx_word' id='word_1_66' title='bbox 1549 540 1766 594; x_wconf 72' lang='lat' dir='ltr'><em>Africanus</em></span> 
     </span>
     <span class='ocr_line' id='line_1_9' title="bbox 360 596 1762 650; baseline 0.001 -14"><span class='ocrx_word' id='word_1_67' title='bbox 360 598 655 637; x_wconf 79' lang='lat' dir='ltr'><em>adversaretur.-</em></span> <span class='ocrx_word' id='word_1_68' title='bbox 669 597 880 650; x_wconf 83' lang='lat' dir='ltr'><em>sortisque</em></span> <span class='ocrx_word' id='word_1_69' title='bbox 901 610 950 636; x_wconf 86' lang='lat' dir='ltr'><em>ac</em></span> <span class='ocrx_word' id='word_1_70' title='bbox 981 597 1139 637; x_wconf 80' lang='lat' dir='ltr'><em>validus</em></span> <span class='ocrx_word' id='word_1_71' title='bbox 1155 598 1204 636; x_wconf 86' lang='lat' dir='ltr'><em>de</em></span> <span class='ocrx_word' id='word_1_72' title='bbox 1222 597 1289 637; x_wconf 89' lang='lat' dir='ltr'><em>die</em></span> <span class='ocrx_word' id='word_1_73' title='bbox 1308 598 1466 637; x_wconf 83' lang='lat' dir='ltr'><em>domum</em></span> <span class='ocrx_word' id='word_1_74' title='bbox 1487 611 1527 637; x_wconf 86' lang='lat' dir='ltr'><em>se</em></span> <span class='ocrx_word' id='word_1_75' title='bbox 1548 596 1762 649; x_wconf 77' lang='lat' dir='ltr'><em>recepisset,</em></span> 
     </span>
     <span class='ocr_line' id='line_1_10' title="bbox 359 653 1767 707; baseline 0.002 -15"><span class='ocrx_word' id='word_1_76' title='bbox 359 659 531 693; x_wconf 83' lang='lat' dir='ltr'><em>mortuus</em></span> <span class='ocrx_word' id='word_1_77' title='bbox 562 654 604 693; x_wconf 87' lang='lat' dir='ltr'><em>in</em></span> <span class='ocrx_word' id='word_1_78' title='bbox 625 654 801 693; x_wconf 89' lang='lat' dir='ltr'><em>cubiculo</em></span> <span class='ocrx_word' id='word_1_79' title='bbox 832 655 1013 694; x_wconf 83' lang='lat' dir='ltr'><em>inventus</em></span> <span class='ocrx_word' id='word_1_80' title='bbox 1033 659 1105 694; x_wconf 88' lang='lat' dir='ltr'><em>est.</em></span> <span class='ocrx_word' id='word_1_81' title='bbox 1167 653 1357 706; x_wconf 77' lang='lat' dir='ltr'><em>Suspecta</em></span> <span class='ocrx_word' id='word_1_82' title='bbox 1370 655 1480 707; x_wconf 83' lang='lat' dir='ltr'><em>fuit,</em></span> <span class='ocrx_word' id='word_1_83' title='bbox 1505 660 1707 707; x_wconf 80' lang='lat' dir='ltr'><strong><em>tamquam</em></strong></span> <span class='ocrx_word' id='word_1_84' title='bbox 1727 655 1767 695; x_wconf 89' lang='lat' dir='ltr'><em>ei</em></span> 
     </span>
     <span class='ocr_line' id='line_1_11' title="bbox 358 711 1766 764; baseline 0.001 -15"><span class='ocrx_word' id='word_1_85' title='bbox 358 724 545 750; x_wconf 80' lang='lat' dir='ltr'><em>venenum</em></span> <span class='ocrx_word' id='word_1_86' title='bbox 575 711 760 761; x_wconf 80' lang='lat' dir='ltr'><em>dedisset,</em></span> <span class='ocrx_word' id='word_1_87' title='bbox 780 711 1017 763; x_wconf 75' lang='lat' dir='ltr'><em>Sempronia</em></span> <span class='ocrx_word' id='word_1_88' title='bbox 1047 724 1160 759; x_wconf 74' lang='lat' dir='ltr'><em>uxor,</em></span> <span class='ocrx_word' id='word_1_89' title='bbox 1181 711 1276 750; x_wconf 76' lang='lat' dir='ltr'><em>binc</em></span> <span class='ocrx_word' id='word_1_90' title='bbox 1304 712 1488 759; x_wconf 70' lang='lat' dir='ltr'><em>maxime,</em></span> <span class='ocrx_word' id='word_1_91' title='bbox 1520 712 1625 764; x_wconf 86' lang='lat' dir='ltr'><em>quod</em></span> <span class='ocrx_word' id='word_1_92' title='bbox 1652 725 1766 751; x_wconf 89' lang='lat' dir='ltr'><em>soror</em></span> 
     </span>
     <span class='ocr_line' id='line_1_12' title="bbox 357 767 1765 823; baseline 0.001 -17"><span class='ocrx_word' id='word_1_93' title='bbox 357 772 455 807; x_wconf 88' lang='lat' dir='ltr'><em>esset</em></span> <span class='ocrx_word' id='word_1_94' title='bbox 488 767 752 808; x_wconf 72' lang='lat' dir='ltr'><em>Gracchorum</em></span> <span class='ocrx_word' id='word_1_95' title='bbox 770 783 786 815; x_wconf 91' lang='lat'><em>;</em></span> <span class='ocrx_word' id='word_1_96' title='bbox 815 782 898 807; x_wconf 87' lang='lat' dir='ltr'><em>cum</em></span> <span class='ocrx_word' id='word_1_97' title='bbox 929 767 1069 820; x_wconf 83' lang='lat' dir='ltr'><em>quibus</em></span> <span class='ocrx_word' id='word_1_98' title='bbox 1097 768 1278 808; x_wconf 78' lang='lat' dir='ltr'><em>simultas</em></span> <span class='ocrx_word' id='word_1_99' title='bbox 1306 767 1508 823; x_wconf 68' lang='lat' dir='ltr'><em>Africano</em></span> <span class='ocrx_word' id='word_1_100' title='bbox 1520 769 1683 821; x_wconf 86' lang='lat' dir='ltr'><em>fuerat.</em></span> <span class='ocrx_word' id='word_1_101' title='bbox 1715 769 1765 808; x_wconf 86' lang='lat' dir='ltr'><em>de</em></span> 
     </span>
     <span class='ocr_line' id='line_1_13' title="bbox 356 823 1765 878; baseline 0.002 -15"><span class='ocrx_word' id='word_1_102' title='bbox 356 830 482 864; x_wconf 87' lang='lat' dir='ltr'><em>morte</em></span> <span class='ocrx_word' id='word_1_103' title='bbox 503 830 632 865; x_wconf 84' lang='lat' dir='ltr'><em>tamen</em></span> <span class='ocrx_word' id='word_1_104' title='bbox 652 823 732 878; x_wconf 69' lang='lat' dir='ltr'><em>‹jus</em></span> <span class='ocrx_word' id='word_1_105' title='bbox 761 824 870 865; x_wconf 88' lang='lat' dir='ltr'><em>nulla</em></span> <span class='ocrx_word' id='word_1_106' title='bbox 890 825 1056 877; x_wconf 74' lang='lat' dir='ltr'><em>quaestio</em></span> <span class='ocrx_word' id='word_1_107' title='bbox 1081 831 1187 866; x_wconf 88' lang='lat' dir='ltr'><em>acta.</em></span> <span class='ocrx_word' id='word_1_108' title='bbox 1247 825 1312 865; x_wconf 90' lang='lat' dir='ltr'><em>Eo</em></span> <span class='ocrx_word' id='word_1_109' title='bbox 1332 823 1529 876; x_wconf 68' lang='lat' dir='ltr'><em>defuncto,</em></span> <span class='ocrx_word' id='word_1_110' title='bbox 1550 826 1765 866; x_wconf 80' lang='lat' dir='ltr'><em>seditiones</em></span> 
     </span>
     <span class='ocr_line' id='line_1_14' title="bbox 356 881 1765 932; baseline 0.001 -12"><span class='ocrx_word' id='word_1_111' title='bbox 356 881 629 922; x_wconf 77' lang='lat' dir='ltr'><em>triumvirales</em></span> <span class='ocrx_word' id='word_1_112' title='bbox 648 882 782 922; x_wconf 85' lang='lat' dir='ltr'><em>acrius</em></span> <span class='ocrx_word' id='word_1_113' title='bbox 811 887 1059 922; x_wconf 73' lang='lat' dir='ltr'><em>exarserunt.</em></span> <span class='ocrx_word' id='word_1_114' title='bbox 1122 882 1167 922; x_wconf 86' lang='lat' dir='ltr'><em>C.</em></span> <span class='ocrx_word' id='word_1_115' title='bbox 1191 881 1441 932; x_wconf 76' lang='lat' dir='ltr'><em>Sempronius</em></span> <span class='ocrx_word' id='word_1_116' title='bbox 1461 883 1595 922; x_wconf 86' lang='lat' dir='ltr'><em>consul</em></span> <span class='ocrx_word' id='word_1_117' title='bbox 1624 888 1765 922; x_wconf 85' lang='lat' dir='ltr'><em>contra</em></span> 
     </span>
     <span class='ocr_line' id='line_1_15' title="bbox 355 938 1764 992; baseline -0.001 -12"><span class='ocrx_word' id='word_1_118' title='bbox 355 939 541 991; x_wconf 53' lang='lat' dir='ltr'><em>«Iapydas</em></span> <span class='ocrx_word' id='word_1_119' title='bbox 564 938 696 991; x_wconf 79' lang='lat' dir='ltr'><em>primo</em></span> <span class='ocrx_word' id='word_1_120' title='bbox 715 953 796 980; x_wconf 86' lang='lat' dir='ltr'><em>rem</em></span> <span class='ocrx_word' id='word_1_121' title='bbox 826 938 930 978; x_wconf 79' lang='lat' dir='ltr'><em>male</em></span> <span class='ocrx_word' id='word_1_122' title='bbox 948 939 1069 992; x_wconf 80' lang='lat' dir='ltr'><em>gessit</em></span> <span class='ocrx_word' id='word_1_123' title='bbox 1087 956 1098 977; x_wconf 90' lang='lat'><em>.·</em></span> <span class='ocrx_word' id='word_1_124' title='bbox 1136 953 1225 978; x_wconf 76' lang='lat' dir='ltr'><em>mox</em></span> <span class='ocrx_word' id='word_1_125' title='bbox 1244 939 1416 979; x_wconf 78' lang='lat' dir='ltr'><em>victoria</em></span> <span class='ocrx_word' id='word_1_126' title='bbox 1446 940 1596 979; x_wconf 82' lang='lat' dir='ltr'><em>cladem</em></span> <span class='ocrx_word' id='word_1_127' title='bbox 1626 953 1764 992; x_wconf 79' lang='lat' dir='ltr'><em>accep·</em></span> 
     </span>
     <span class='ocr_line' id='line_1_16' title="bbox 357 994 1764 1049; baseline 0.003 -15"><span class='ocrx_word' id='word_1_128' title='bbox 357 1001 439 1035; x_wconf 90' lang='lat' dir='ltr'><em>tam</em></span> <span class='ocrx_word' id='word_1_129' title='bbox 470 997 695 1038; x_wconf 80' lang='lat' dir='ltr'><em>emendavit</em></span> <span class='ocrx_word' id='word_1_130' title='bbox 724 997 873 1036; x_wconf 81' lang='lat' dir='ltr'><em>virtute</em></span> <span class='ocrx_word' id='word_1_131' title='bbox 905 995 961 1036; x_wconf 89' lang='lat' dir='ltr'><em>D.</em></span> <span class='ocrx_word' id='word_1_132' title='bbox 981 996 1104 1038; x_wconf 71' lang='lat' dir='ltr'><em>«Iunii</em></span> <span class='ocrx_word' id='word_1_133' title='bbox 1133 995 1263 1045; x_wconf 80' lang='lat' dir='ltr'><em>Bruti,</em></span> <span class='ocrx_word' id='word_1_134' title='bbox 1286 994 1380 1049; x_wconf 69' lang='lat' dir='ltr'><em>ejus,</em></span> <span class='ocrx_word' id='word_1_135' title='bbox 1403 997 1474 1049; x_wconf 80' lang='lat' dir='ltr'><em>qui</em></span> <span class='ocrx_word' id='word_1_136' title='bbox 1502 996 1764 1038; x_wconf 84' lang='lat' dir='ltr'><em>Lusitaniam</em></span> 
     </span>
     <span class='ocr_line' id='line_1_17' title="bbox 355 1052 580 1107; baseline 0.004 -15"><span class='ocrx_word' id='word_1_137' title='bbox 355 1052 580 1107; x_wconf 78' lang='lat' dir='ltr'><em>subegerat.</em></span> 
     </span>
    </p>
   </div>
   <div class='ocr_carea' id='block_1_2' title="bbox 974 1167 1099 1231">
    <p class='ocr_par' dir='ltr' id='par_1_2' title="bbox 974 1167 1099 1231">
     <span class='ocr_line' id='line_1_18' title="bbox 974 1167 1099 1231; baseline -0.016 -12"><span class='ocrx_word' id='word_1_138' title='bbox 974 1167 1099 1231; x_wconf 79' lang='lat' dir='ltr'><em>LX,</em></span> 
     </span>
    </p>
   </div>
   <div class='ocr_carea' id='block_1_3' title="bbox 342 1281 1765 2137">
    <p class='ocr_par' dir='ltr' id='par_1_3' title="bbox 342 1281 1765 2137">
     <span class='ocr_line' id='line_1_19' title="bbox 412 1281 1763 1336; baseline 0.001 -13"><span class='ocrx_word' id='word_1_139' title='bbox 412 1283 468 1323; x_wconf 87' lang='lat' dir='ltr'><em>L.</em></span> <span class='ocrx_word' id='word_1_140' title='bbox 509 1282 691 1323; x_wconf 79' lang='lat' dir='ltr'><em>Aurelius</em></span> <span class='ocrx_word' id='word_1_141' title='bbox 728 1282 863 1322; x_wconf 87' lang='lat' dir='ltr'><em>consul</em></span> <span class='ocrx_word' id='word_1_142' title='bbox 900 1281 932 1308; x_wconf 64' lang='grc' dir='ltr'><strong>Ἠ</strong></span> <span class='ocrx_word' id='word_1_143' title='bbox 947 1282 1184 1323; x_wconf 81' lang='lat' dir='ltr'><em>rebellantes</em></span> <span class='ocrx_word' id='word_1_144' title='bbox 1221 1284 1372 1324; x_wconf 86' lang='lat' dir='ltr'><em>Sardos</em></span> <span class='ocrx_word' id='word_1_145' title='bbox 1406 1282 1574 1336; x_wconf 82' lang='lat' dir='ltr'><em>subegit.</em></span> <span class='ocrx_word' id='word_1_146' title='bbox 1652 1282 1763 1325; x_wconf 77' lang='lat' dir='ltr'><em>7⁵M</em></span> 
     </span>
     <span class='ocr_line' id='line_1_20' title="bbox 355 1339 1763 1393; baseline 0 -13"><span class='ocrx_word' id='word_1_147' title='bbox 355 1340 524 1380; x_wconf 84' lang='lat' dir='ltr'><em>Fulvius</em></span> <span class='ocrx_word' id='word_1_148' title='bbox 552 1340 723 1380; x_wconf 88' lang='lat' dir='ltr'><em>Flaccus</em></span> <span class='ocrx_word' id='word_1_149' title='bbox 744 1340 904 1392; x_wconf 81' lang='lat' dir='ltr'><em>primus</em></span> <span class='ocrx_word' id='word_1_150' title='bbox 938 1339 1234 1392; x_wconf 74' lang='lat' dir='ltr'><em>Transalpinos</em></span> <span class='ocrx_word' id='word_1_151' title='bbox 1267 1341 1439 1393; x_wconf 80' lang='lat' dir='ltr'><em>Ligures</em></span> <span class='ocrx_word' id='word_1_152' title='bbox 1467 1340 1568 1380; x_wconf 89' lang='lat' dir='ltr'><em>bello</em></span> <span class='ocrx_word' id='word_1_153' title='bbox 1597 1341 1763 1389; x_wconf 83' lang='lat' dir='ltr'><em>domuit,</em></span> 
     </span>
     <span class='ocr_line' id='line_1_21' title="bbox 356 1395 1761 1447; baseline 0.001 -11"><span class='ocrx_word' id='word_1_154' title='bbox 356 1397 494 1437; x_wconf 84' lang='lat' dir='ltr'><em>missus</em></span> <span class='ocrx_word' id='word_1_155' title='bbox 517 1397 558 1436; x_wconf 89' lang='lat' dir='ltr'><em>in</em></span> <span class='ocrx_word' id='word_1_156' title='bbox 584 1397 782 1436; x_wconf 77' lang='lat' dir='ltr'><em>auxilium</em></span> <span class='ocrx_word' id='word_1_157' title='bbox 814 1395 1141 1437; x_wconf 77' lang='lat' dir='ltr'><em>Massiliensibus</em></span> <span class='ocrx_word' id='word_1_158' title='bbox 1162 1398 1350 1439; x_wconf 84' lang='lat' dir='ltr'><em>adversus</em></span> <span class='ocrx_word' id='word_1_159' title='bbox 1385 1397 1579 1436; x_wconf 80' lang='lat' dir='ltr'><em>Salluvios</em></span> <span class='ocrx_word' id='word_1_160' title='bbox 1602 1396 1761 1447; x_wconf 86' lang='lat' dir='ltr'><em>Gallos,</em></span> 
     </span>
     <span class='ocr_line' id='line_1_22' title="bbox 354 1453 1764 1508; baseline 0.001 -15"><span class='ocrx_word' id='word_1_161' title='bbox 354 1454 427 1508; x_wconf 87' lang='lat' dir='ltr'><em>qui</em></span> <span class='ocrx_word' id='word_1_162' title='bbox 436 1454 550 1507; x_wconf 83' lang='lat' dir='ltr'><em>fines</em></span> <span class='ocrx_word' id='word_1_163' title='bbox 590 1453 897 1493; x_wconf 80' lang='lat' dir='ltr'><em>Massiliensium</em></span> <span class='ocrx_word' id='word_1_164' title='bbox 924 1454 1243 1506; x_wconf 80' lang='lat' dir='ltr'><em>populabantur.</em></span> <span class='ocrx_word' id='word_1_165' title='bbox 1307 1454 1354 1494; x_wconf 92' lang='lat' dir='ltr'><em>L.</em></span> <span class='ocrx_word' id='word_1_166' title='bbox 1395 1453 1579 1502; x_wconf 84' lang='lat' dir='ltr'><em>Opimius</em></span> <span class='ocrx_word' id='word_1_167' title='bbox 1605 1461 1764 1506; x_wconf 68' lang='lat' dir='ltr'><em>praetor</em></span> 
     </span>
     <span class='ocr_line' id='line_1_23' title="bbox 353 1511 1764 1565; baseline 0.001 -15"><span class='ocrx_word' id='word_1_168' title='bbox 353 1512 629 1564; x_wconf 79' lang='lat' dir='ltr'><em>Fregellanos,</em></span> <span class='ocrx_word' id='word_1_169' title='bbox 662 1512 732 1563; x_wconf 84' lang='lat' dir='ltr'><em>qui</em></span> <span class='ocrx_word' id='word_1_170' title='bbox 760 1512 1002 1564; x_wconf 69' lang='lat' dir='ltr'><em>defecerant,</em></span> <span class='ocrx_word' id='word_1_171' title='bbox 1025 1511 1066 1551; x_wconf 87' lang='lat' dir='ltr'><em>in</em></span> <span class='ocrx_word' id='word_1_172' title='bbox 1095 1512 1335 1551; x_wconf 85' lang='lat' dir='ltr'><em>deditionem</em></span> <span class='ocrx_word' id='word_1_173' title='bbox 1367 1512 1533 1564; x_wconf 75' lang='lat' dir='ltr'><em>accepit,</em></span> <span class='ocrx_word' id='word_1_174' title='bbox 1557 1511 1764 1565; x_wconf 64' lang='lat' dir='ltr'><em>Fregellas</em></span> 
     </span>
     <span class='ocr_line' id='line_1_24' title="bbox 355 1566 1765 1622; baseline 0.001 -15"><span class='ocrx_word' id='word_1_175' title='bbox 355 1569 498 1608; x_wconf 81' lang='lat' dir='ltr'><em>diruit.</em></span> <span class='ocrx_word' id='word_1_176' title='bbox 558 1569 804 1608; x_wconf 82' lang='lat' dir='ltr'><em>Pestilentia</em></span> <span class='ocrx_word' id='word_1_177' title='bbox 836 1569 879 1607; x_wconf 89' lang='lat' dir='ltr'><em>in</em></span> <span class='ocrx_word' id='word_1_178' title='bbox 901 1566 1044 1619; x_wconf 75' lang='lat' dir='ltr'><em>Afiica</em></span> <span class='ocrx_word' id='word_1_179' title='bbox 1065 1569 1115 1608; x_wconf 83' lang='lat' dir='ltr'><em>ab</em></span> <span class='ocrx_word' id='word_1_180' title='bbox 1142 1569 1300 1622; x_wconf 84' lang='lat' dir='ltr'><em>ingenti</em></span> <span class='ocrx_word' id='word_1_181' title='bbox 1317 1570 1556 1609; x_wconf 84' lang='lat' dir='ltr'><em>locustarum</em></span> <span class='ocrx_word' id='word_1_182' title='bbox 1585 1569 1765 1610; x_wconf 86' lang='lat' dir='ltr'><em>multitu-</em></span> 
     </span>
     <span class='ocr_line' id='line_1_25' title="bbox 357 1625 1763 1679; baseline 0.001 -15"><span class='ocrx_word' id='word_1_183' title='bbox 357 1626 466 1673; x_wconf 87' lang='lat' dir='ltr'><em>dine,</em></span> <span class='ocrx_word' id='word_1_184' title='bbox 490 1632 526 1664; x_wconf 84' lang='lat' dir='ltr'><em>et</em></span> <span class='ocrx_word' id='word_1_185' title='bbox 554 1625 699 1664; x_wconf 82' lang='lat' dir='ltr'><em>deinde</em></span> <span class='ocrx_word' id='word_1_186' title='bbox 727 1631 956 1664; x_wconf 84' lang='lat' dir='ltr'><em>necatarum</em></span> <span class='ocrx_word' id='word_1_187' title='bbox 984 1632 1132 1679; x_wconf 83' lang='lat' dir='ltr'><em>strage,</em></span> <span class='ocrx_word' id='word_1_188' title='bbox 1147 1627 1288 1678; x_wconf 67' lang='lat' dir='ltr'><em>fuisse</em></span> <span class='ocrx_word' id='word_1_189' title='bbox 1317 1627 1511 1666; x_wconf 86' lang='lat' dir='ltr'><em>traditur.</em></span> <span class='ocrx_word' id='word_1_190' title='bbox 1570 1626 1763 1667; x_wconf 84' lang='lat' dir='ltr'><em>Lustrum</em></span> 
     </span>
     <span class='ocr_line' id='line_1_26' title="bbox 354 1681 1763 1735; baseline 0.001 -14"><span class='ocrx_word' id='word_1_191' title='bbox 354 1696 382 1721; x_wconf 86' lang='lat' dir='ltr'><em>a</em></span> <span class='ocrx_word' id='word_1_192' title='bbox 401 1681 623 1722; x_wconf 82' lang='lat' dir='ltr'><em>censoribus</em></span> <span class='ocrx_word' id='word_1_193' title='bbox 643 1681 843 1721; x_wconf 86' lang='lat' dir='ltr'><em>conditum</em></span> <span class='ocrx_word' id='word_1_194' title='bbox 864 1689 932 1721; x_wconf 86' lang='lat' dir='ltr'><em>est.</em></span> <span class='ocrx_word' id='word_1_195' title='bbox 995 1683 1123 1722; x_wconf 87' lang='lat' dir='ltr'><em>C&#39;ensa</em></span> <span class='ocrx_word' id='word_1_196' title='bbox 1152 1689 1242 1722; x_wconf 87' lang='lat' dir='ltr'><em>sunt</em></span> <span class='ocrx_word' id='word_1_197' title='bbox 1261 1683 1405 1723; x_wconf 81' lang='lat' dir='ltr'><em>civium</em></span> <span class='ocrx_word' id='word_1_198' title='bbox 1425 1684 1563 1735; x_wconf 79' lang='lat' dir='ltr'><em>capita</em></span> <span class='ocrx_word' id='word_1_199' title='bbox 1583 1689 1763 1724; x_wconf 85' lang='lat' dir='ltr'><em>trecenta</em></span> 
     </span>
     <span class='ocr_line' id='line_1_27' title="bbox 353 1739 1765 1793; baseline 0.003 -16"><span class='ocrx_word' id='word_1_200' title='bbox 353 1739 569 1793; x_wconf 78' lang='lat' dir='ltr'><em>nonaginta</em></span> <span class='ocrx_word' id='word_1_201' title='bbox 584 1739 714 1778; x_wconf 87' lang='lat' dir='ltr'><em>millia</em></span> <span class='ocrx_word' id='word_1_202' title='bbox 728 1739 979 1792; x_wconf 81' lang='lat' dir='ltr'><em>septingenta</em></span> <span class='ocrx_word' id='word_1_203' title='bbox 994 1740 1170 1793; x_wconf 84' lang='lat' dir='ltr'><em>triginta</em></span> <span class='ocrx_word' id='word_1_204' title='bbox 1182 1753 1263 1779; x_wconf 76' lang='lat' dir='ltr'><em>seoe.</em></span> <span class='ocrx_word' id='word_1_205' title='bbox 1300 1739 1342 1780; x_wconf 90' lang='lat' dir='ltr'><em>C.</em></span> <span class='ocrx_word' id='word_1_206' title='bbox 1363 1739 1583 1787; x_wconf 80' lang='lat' dir='ltr'><em>Gracchus,</em></span> <span class='ocrx_word' id='word_1_207' title='bbox 1604 1739 1765 1781; x_wconf 86' lang='lat' dir='ltr'><em>Tiberii</em></span> 
     </span>
     <span class='ocr_line' id='line_1_28' title="bbox 342 1793 1762 1850; baseline 0.002 -16"><span class='ocrx_word' id='word_1_208' title='bbox 342 1793 492 1846; x_wconf 73' lang='lat' dir='ltr'><em>frater,</em></span> <span class='ocrx_word' id='word_1_209' title='bbox 535 1795 707 1836; x_wconf 70' lang='lat' dir='ltr'><em>tribunus</em></span> <span class='ocrx_word' id='word_1_210' title='bbox 738 1796 881 1848; x_wconf 80' lang='lat' dir='ltr'><em>plebis,</em></span> <span class='ocrx_word' id='word_1_211' title='bbox 924 1796 1161 1850; x_wconf 78' lang='lat' dir='ltr'><em>eloquentior</em></span> <span class='ocrx_word' id='word_1_212' title='bbox 1191 1811 1307 1850; x_wconf 85' lang='lat' dir='ltr'><em>quam</em></span> <span class='ocrx_word' id='word_1_213' title='bbox 1336 1795 1485 1848; x_wconf 75' lang='lat' dir='ltr'><em>frater,</em></span> <span class='ocrx_word' id='word_1_214' title='bbox 1512 1798 1762 1849; x_wconf 82' lang='lat' dir='ltr'><em>perniciosas</em></span> 
     </span>
     <span class='ocr_line' id='line_1_29' title="bbox 354 1852 1760 1907; baseline 0.002 -15"><span class='ocrx_word' id='word_1_215' title='bbox 354 1853 510 1905; x_wconf 81' lang='lat' dir='ltr'><em>aliquot</em></span> <span class='ocrx_word' id='word_1_216' title='bbox 533 1852 637 1906; x_wconf 84' lang='lat' dir='ltr'><em>leges</em></span> <span class='ocrx_word' id='word_1_217' title='bbox 656 1853 750 1892; x_wconf 87' lang='lat' dir='ltr'><em>tulit</em></span> <span class='ocrx_word' id='word_1_218' title='bbox 766 1870 779 1891; x_wconf 81' lang='lat'><em>.-</em></span> <span class='ocrx_word' id='word_1_219' title='bbox 814 1852 914 1892; x_wconf 81' lang='lat' dir='ltr'><em>inter</em></span> <span class='ocrx_word' id='word_1_220' title='bbox 935 1868 1033 1907; x_wconf 82' lang='lat' dir='ltr'><em>quas</em></span> <span class='ocrx_word' id='word_1_221' title='bbox 1044 1853 1385 1907; x_wconf 81' lang='lat' dir='ltr'><em>frumentariam,</em></span> <span class='ocrx_word' id='word_1_222' title='bbox 1409 1862 1453 1894; x_wconf 87' lang='lat' dir='ltr'><em>ut</em></span> <span class='ocrx_word' id='word_1_223' title='bbox 1481 1853 1514 1879; x_wconf 74' lang='lat'><em>7⁶</em></span> <span class='ocrx_word' id='word_1_224' title='bbox 1531 1853 1698 1894; x_wconf 85' lang='lat' dir='ltr'><em>semisse</em></span> <span class='ocrx_word' id='word_1_225' title='bbox 1718 1861 1760 1895; x_wconf 83' lang='lat' dir='ltr'><em>et</em></span> 
     </span>
     <span class='ocr_line' id='line_1_30' title="bbox 355 1909 1759 1964; baseline 0.002 -15"><span class='ocrx_word' id='word_1_226' title='bbox 355 1909 504 1950; x_wconf 80' lang='lat' dir='ltr'><em>triente</em></span> <span class='ocrx_word' id='word_1_227' title='bbox 533 1909 785 1950; x_wconf 86' lang='lat' dir='ltr'><em>frumentum</em></span> <span class='ocrx_word' id='word_1_228' title='bbox 818 1909 929 1963; x_wconf 83' lang='lat' dir='ltr'><em>plebi</em></span> <span class='ocrx_word' id='word_1_229' title='bbox 958 1910 1148 1950; x_wconf 78' lang='lat' dir='ltr'><em>daretur:</em></span> <span class='ocrx_word' id='word_1_230' title='bbox 1181 1910 1350 1951; x_wconf 85' lang='lat' dir='ltr'><em>alteram</em></span> <span class='ocrx_word' id='word_1_231' title='bbox 1381 1911 1507 1964; x_wconf 84' lang='lat' dir='ltr'><em>legem</em></span> <span class='ocrx_word' id='word_1_232' title='bbox 1534 1912 1759 1964; x_wconf 81' lang='lat' dir='ltr'><em>agrariam,</em></span> 
     </span>
     <span class='ocr_line' id='line_1_31' title="bbox 352 1965 1759 2022; baseline 0.002 -17"><span class='ocrx_word' id='word_1_233' title='bbox 352 1980 471 2020; x_wconf 84' lang='lat' dir='ltr'><em>quam</em></span> <span class='ocrx_word' id='word_1_234' title='bbox 492 1973 531 2006; x_wconf 85' lang='lat' dir='ltr'><em>et</em></span> <span class='ocrx_word' id='word_1_235' title='bbox 547 1966 687 2018; x_wconf 82' lang='lat' dir='ltr'><em>frater</em></span> <span class='ocrx_word' id='word_1_236' title='bbox 706 1965 788 2019; x_wconf 73' lang='lat' dir='ltr'><em>ejus</em></span> <span class='ocrx_word' id='word_1_237' title='bbox 816 1968 987 2008; x_wconf 85' lang='lat' dir='ltr'><em>tulerat:</em></span> <span class='ocrx_word' id='word_1_238' title='bbox 1017 1968 1192 2016; x_wconf 87' lang='lat' dir='ltr'><em>tertiam,</em></span> <span class='ocrx_word' id='word_1_239' title='bbox 1216 1983 1294 2022; x_wconf 85' lang='lat' dir='ltr'><em>qua</em></span> <span class='ocrx_word' id='word_1_240' title='bbox 1325 1974 1539 2022; x_wconf 79' lang='lat' dir='ltr'><em>equestrem</em></span> <span class='ocrx_word' id='word_1_241' title='bbox 1569 1968 1759 2020; x_wconf 84' lang='lat' dir='ltr'><em>ordinem,</em></span> 
     </span>
     <span class='ocr_line' id='line_1_32' title="bbox 353 2024 1761 2078; baseline 0.002 -15"><span class='ocrx_word' id='word_1_242' title='bbox 353 2029 447 2063; x_wconf 74' lang='lat' dir='ltr'><em>tzciic</em></span> <span class='ocrx_word' id='word_1_243' title='bbox 466 2038 550 2064; x_wconf 88' lang='lat' dir='ltr'><em>cum</em></span> <span class='ocrx_word' id='word_1_244' title='bbox 566 2030 706 2064; x_wconf 83' lang='lat' dir='ltr'><em>senatu</em></span> <span class='ocrx_word' id='word_1_245' title='bbox 721 2025 1038 2074; x_wconf 84' lang='lat' dir='ltr'><em>consentientem,</em></span> <span class='ocrx_word' id='word_1_246' title='bbox 1056 2032 1330 2078; x_wconf 80' lang='lat' dir='ltr'><em>conrumperet</em></span> <span class='ocrx_word' id='word_1_247' title='bbox 1347 2043 1358 2065; x_wconf 90' lang='lat'><em>:</em></span> <span class='ocrx_word' id='word_1_248' title='bbox 1389 2024 1424 2052; x_wconf 85' lang='lat'><em>7⁷</em></span> <span class='ocrx_word' id='word_1_249' title='bbox 1440 2033 1484 2065; x_wconf 88' lang='lat' dir='ltr'><em>ut</em></span> <span class='ocrx_word' id='word_1_250' title='bbox 1504 2025 1688 2065; x_wconf 82' lang='lat' dir='ltr'><em>sexcenti</em></span> <span class='ocrx_word' id='word_1_251' title='bbox 1709 2039 1761 2066; x_wconf 86' lang='lat' dir='ltr'><em>ex</em></span> 
     </span>
     <span class='ocr_line' id='line_1_33' title="bbox 353 2080 1761 2137; baseline 0.003 -17"><span class='ocrx_word' id='word_1_252' title='bbox 353 2080 564 2135; x_wconf 80' lang='lat' dir='ltr'><em>equitibus</em></span> <span class='ocrx_word' id='word_1_253' title='bbox 584 2080 627 2121; x_wconf 87' lang='lat' dir='ltr'><em>in</em></span> <span class='ocrx_word' id='word_1_254' title='bbox 649 2080 805 2121; x_wconf 78' lang='lat' dir='ltr'><em>curiam</em></span> <span class='ocrx_word' id='word_1_255' title='bbox 838 2081 1174 2136; x_wconf 80' lang='lat' dir='ltr'><em>sublegerentur:</em></span> <span class='ocrx_word' id='word_1_256' title='bbox 1209 2090 1251 2122; x_wconf 87' lang='lat' dir='ltr'><em>et</em></span> <span class='ocrx_word' id='word_1_257' title='bbox 1271 2084 1369 2137; x_wconf 87' lang='lat' dir='ltr'><em>quia</em></span> <span class='ocrx_word' id='word_1_258' title='bbox 1394 2081 1473 2122; x_wconf 88' lang='lat' dir='ltr'><em>illis</em></span> <span class='ocrx_word' id='word_1_259' title='bbox 1503 2081 1761 2137; x_wconf 84' lang='lat' dir='ltr'><em>temporibus</em></span> 
     </span>
    </p>
   </div>
   <div class='ocr_carea' id='block_1_4' title="bbox 349 2194 1037 2490">
    <p class='ocr_par' dir='ltr' id='par_1_4' title="bbox 349 2194 1037 2362">
     <span class='ocr_line' id='line_1_34' title="bbox 396 2194 1036 2235; baseline 0.005 -12"><span class='ocrx_word' id='word_1_260' title='bbox 396 2194 436 2223; x_wconf 86' lang='lat'><em>73</em></span> <span class='ocrx_word' id='word_1_261' title='bbox 463 2194 578 2234; x_wconf 76' lang='lat' dir='ltr'><em>Cypron</em></span> <span class='ocrx_word' id='word_1_262' title='bbox 600 2194 747 2235; x_wconf 63' lang='lat' dir='ltr'><em>prqfugit]</em></span> <span class='ocrx_word' id='word_1_263' title='bbox 774 2194 824 2225; x_wconf 81' lang='lat' dir='ltr'><em>Sic.</em></span> <span class='ocrx_word' id='word_1_264' title='bbox 840 2194 939 2225; x_wconf 85' lang='lat' dir='ltr'><em>edidit</em></span> <span class='ocrx_word' id='word_1_265' title='bbox 956 2196 1036 2227; x_wconf 86' lang='lat' dir='ltr'><em>Gro-</em></span> 
     </span>
     <span class='ocr_line' id='line_1_35' title="bbox 351 2235 1037 2279; baseline 0.004 -14"><span class='ocrx_word' id='word_1_266' title='bbox 351 2235 461 2266; x_wconf 79' lang='lat' dir='ltr'><em>novius</em></span> <span class='ocrx_word' id='word_1_267' title='bbox 490 2248 527 2266; x_wconf 86' lang='lat' dir='ltr'><em>ex</em></span> <span class='ocrx_word' id='word_1_268' title='bbox 550 2237 747 2268; x_wconf 76' lang='lat' dir='ltr'><em>membranis.</em></span> <span class='ocrx_word' id='word_1_269' title='bbox 797 2238 900 2278; x_wconf 82' lang='lat' dir='ltr'><em>Vulgo</em></span> <span class='ocrx_word' id='word_1_270' title='bbox 923 2240 954 2268; x_wconf 87' lang='lat' dir='ltr'><em>in</em></span> <span class='ocrx_word' id='word_1_271' title='bbox 980 2239 1037 2279; x_wconf 61' lang='lat' dir='ltr'><em>Cy-</em></span> 
     </span>
     <span class='ocr_line' id='line_1_36' title="bbox 349 2280 1037 2322; baseline 0.004 -14"><span class='ocrx_word' id='word_1_272' title='bbox 349 2290 448 2317; x_wconf 79' lang='lat' dir='ltr'><em>prum.</em></span> <span class='ocrx_word' id='word_1_273' title='bbox 501 2280 680 2321; x_wconf 79' lang='lat' dir='ltr'><em>Campanus</em></span> <span class='ocrx_word' id='word_1_274' title='bbox 695 2291 818 2321; x_wconf 81' lang='lat' dir='ltr'><em>quoque</em></span> <span class='ocrx_word' id='word_1_275' title='bbox 830 2280 944 2311; x_wconf 77' lang='lat' dir='ltr'><em>omittit</em></span> <span class='ocrx_word' id='word_1_276' title='bbox 958 2292 1037 2322; x_wconf 88' lang='lat' dir='ltr'><em>prae-</em></span> 
     </span>
     <span class='ocr_line' id='line_1_37' title="bbox 351 2322 545 2362; baseline 0 -11"><span class='ocrx_word' id='word_1_277' title='bbox 351 2322 545 2362; x_wconf 83' lang='lat' dir='ltr'><em>positionem.</em></span> 
     </span>
    </p>

    <p class='ocr_par' dir='ltr' id='par_1_5' title="bbox 350 2364 1036 2490">
     <span class='ocr_line' id='line_1_38' title="bbox 397 2364 1034 2408; baseline 0.005 -15"><span class='ocrx_word' id='word_1_278' title='bbox 397 2364 437 2394; x_wconf 89' lang='lat'><em>74</em></span> <span class='ocrx_word' id='word_1_279' title='bbox 462 2365 639 2394; x_wconf 76' lang='lat' dir='ltr'><em>Rebellantes</em></span> <span class='ocrx_word' id='word_1_280' title='bbox 669 2365 786 2405; x_wconf 66' lang='lat' dir='ltr'><em>Sardos]</em></span> <span class='ocrx_word' id='word_1_281' title='bbox 818 2366 910 2396; x_wconf 85' lang='lat' dir='ltr'><em>Hanc</em></span> <span class='ocrx_word' id='word_1_282' title='bbox 939 2366 1034 2408; x_wconf 86' lang='lat' dir='ltr'><em>scrip-</em></span> 
     </span>
     <span class='ocr_line' id='line_1_39' title="bbox 354 2407 1035 2449; baseline 0.005 -13"><span class='ocrx_word' id='word_1_283' title='bbox 354 2411 468 2444; x_wconf 83' lang='lat' dir='ltr'><em>turam,</em></span> <span class='ocrx_word' id='word_1_284' title='bbox 484 2417 578 2447; x_wconf 83' lang='lat' dir='ltr'><em>quam</em></span> <span class='ocrx_word' id='word_1_285' title='bbox 602 2407 775 2438; x_wconf 82' lang='lat' dir='ltr'><em>Gronovius</em></span> <span class='ocrx_word' id='word_1_286' title='bbox 798 2418 817 2438; x_wconf 83' lang='lat' dir='ltr'><em>a</em></span> <span class='ocrx_word' id='word_1_287' title='bbox 835 2407 939 2449; x_wconf 83' lang='lat' dir='ltr'><em>Pighii</em></span> <span class='ocrx_word' id='word_1_288' title='bbox 962 2419 1035 2439; x_wconf 88' lang='lat' dir='ltr'><em>con—</em></span> 
     </span>
     <span class='ocr_line' id='line_1_40' title="bbox 350 2433 1036 2490; baseline 0.006 -12"><span class='ocrx_word' id='word_1_289' title='bbox 350 2448 474 2489; x_wconf 79' lang='lat' dir='ltr'><em>jectura</em></span> <span class='ocrx_word' id='word_1_290' title='bbox 494 2449 664 2490; x_wconf 84' lang='lat' dir='ltr'><em>profectam</em></span> <span class='ocrx_word' id='word_1_291' title='bbox 692 2450 746 2485; x_wconf 84' lang='lat' dir='ltr'><em>ait,</em></span> <span class='ocrx_word' id='word_1_292' title='bbox 770 2455 871 2481; x_wconf 84' lang='lat' dir='ltr'><em>tuetur</em></span> <span class='ocrx_word' id='word_1_293' title='bbox 875 2433 1036 2482; x_wconf 60' lang='lat' dir='ltr'><em>epithoeus</em></span> 
     </span>
    </p>
   </div>
   <div class='ocr_carea' id='block_1_5' title="bbox 354 2491 1036 2564">
    <p class='ocr_par' dir='ltr' id='par_1_6' title="bbox 354 2491 1036 2564">
     <span class='ocr_line' id='line_1_41' title="bbox 354 2491 1036 2535; baseline 0.006 -14"><span class='ocrx_word' id='word_1_294' title='bbox 354 2501 479 2532; x_wconf 89' lang='lat' dir='ltr'><em>quoque</em></span> <span class='ocrx_word' id='word_1_295' title='bbox 516 2491 598 2533; x_wconf 85' lang='lat' dir='ltr'><em>apud</em></span> <span class='ocrx_word' id='word_1_296' title='bbox 642 2492 824 2523; x_wconf 83' lang='lat' dir='ltr'><em>Hearnium.</em></span> <span class='ocrx_word' id='word_1_297' title='bbox 890 2493 1036 2535; x_wconf 86' lang='lat' dir='ltr'><em>Plerique</em></span> 
     </span>
     <span class='ocr_line' id='line_1_42' title="bbox 354 2534 609 2564; baseline 0 -1"><span class='ocrx_word' id='word_1_298' title='bbox 354 2534 450 2564; x_wconf 85' lang='lat' dir='ltr'><em>MSS.</em></span> <span class='ocrx_word' id='word_1_299' title='bbox 460 2534 609 2564; x_wconf 79' lang='lat' dir='ltr'><em>bellantes.</em></span> 
     </span>
    </p>
   </div>
   <div class='ocr_carea' id='block_1_6' title="bbox 353 2576 1036 2874">
    <p class='ocr_par' dir='ltr' id='par_1_7' title="bbox 353 2576 1036 2874">
     <span class='ocr_line' id='line_1_43' title="bbox 399 2576 1035 2617; baseline 0.005 -11"><span class='ocrx_word' id='word_1_300' title='bbox 399 2577 440 2607; x_wconf 88' lang='lat'><em>75</em></span> <span class='ocrx_word' id='word_1_301' title='bbox 463 2576 508 2607; x_wconf 92' lang='lat' dir='ltr'><em>M.</em></span> <span class='ocrx_word' id='word_1_302' title='bbox 528 2576 650 2606; x_wconf 79' lang='lat' dir='ltr'><em>Fulvius</em></span> <span class='ocrx_word' id='word_1_303' title='bbox 670 2577 697 2605; x_wconf 89' lang='lat' dir='ltr'><em>F</em></span> <span class='ocrx_word' id='word_1_304' title='bbox 698 2578 792 2607; x_wconf 76' lang='lat' dir='ltr'><em>Iacens</em></span> <span class='ocrx_word' id='word_1_305' title='bbox 811 2580 923 2617; x_wconf 80' lang='lat' dir='ltr'><em>primus</em></span> <span class='ocrx_word' id='word_1_306' title='bbox 943 2580 1035 2609; x_wconf 83' lang='lat' dir='ltr'><em>omni-</em></span> 
     </span>
     <span class='ocr_line' id='line_1_44' title="bbox 353 2619 1033 2661; baseline 0.004 -13"><span class='ocrx_word' id='word_1_307' title='bbox 353 2630 406 2648; x_wconf 72' lang='lat' dir='ltr'><em>vm</em></span> <span class='ocrx_word' id='word_1_308' title='bbox 435 2619 638 2660; x_wconf 78' lang='lat' dir='ltr'><em>Transalpinos</em></span> <span class='ocrx_word' id='word_1_309' title='bbox 660 2619 784 2660; x_wconf 79' lang='lat' dir='ltr'><em>Ligures</em></span> <span class='ocrx_word' id='word_1_310' title='bbox 812 2621 881 2650; x_wconf 86' lang='lat' dir='ltr'><em>bello</em></span> <span class='ocrx_word' id='word_1_311' title='bbox 907 2621 1033 2661; x_wconf 82' lang='lat' dir='ltr'><em>domuit]</em></span> 
     </span>
     <span class='ocr_line' id='line_1_45' title="bbox 353 2661 1036 2704; baseline 0.003 -12.006"><span class='ocrx_word' id='word_1_312' title='bbox 353 2661 421 2691; x_wconf 84' lang='lat' dir='ltr'><em>At</em></span> <span class='ocrx_word' id='word_1_313' title='bbox 414 2672 446 2692; x_wconf 82' lang='lat' dir='ltr'><em>in</em></span> <span class='ocrx_word' id='word_1_314' title='bbox 469 2662 554 2704; x_wconf 85' lang='lat' dir='ltr'><em>Epit.</em></span> <span class='ocrx_word' id='word_1_315' title='bbox 569 2661 707 2692; x_wconf 88' lang='lat' dir='ltr'><em>XLVII.</em></span> <span class='ocrx_word' id='word_1_316' title='bbox 733 2662 768 2696; x_wconf 82' lang='lat' dir='ltr'><em>Q.</em></span> <span class='ocrx_word' id='word_1_317' title='bbox 787 2663 917 2702; x_wconf 75' lang='lat' dir='ltr'><em>Opimius</em></span> <span class='ocrx_word' id='word_1_318' title='bbox 938 2665 1036 2694; x_wconf 82' lang='lat' dir='ltr'><em>consul</em></span> 
     </span>
     <span class='ocr_line' id='line_1_46' title="bbox 357 2703 1033 2747; baseline 0.005 -14"><span class='ocrx_word' id='word_1_319' title='bbox 357 2703 559 2744; x_wconf 82' lang='lat' dir='ltr'><em>Transalpinos</em></span> <span class='ocrx_word' id='word_1_320' title='bbox 587 2705 625 2734; x_wconf 91' lang='grc' dir='ltr'><em>Ι</em></span> <span class='ocrx_word' id='word_1_321' title='bbox 616 2715 710 2744; x_wconf 74' lang='lat' dir='ltr'><em>igures</em></span> <span class='ocrx_word' id='word_1_322' title='bbox 731 2725 739 2734; x_wconf 89' lang='lat'><em>.</em></span> <span class='ocrx_word' id='word_1_323' title='bbox 764 2725 773 2734; x_wconf 86' lang='lat'><em>.</em></span> <span class='ocrx_word' id='word_1_324' title='bbox 797 2727 806 2736; x_wconf 90' lang='lat'><em>.</em></span> <span class='ocrx_word' id='word_1_325' title='bbox 828 2707 964 2747; x_wconf 80' lang='lat' dir='ltr'><em>subegisse</em></span> <span class='ocrx_word' id='word_1_326' title='bbox 986 2706 1033 2736; x_wconf 83' lang='lat' dir='ltr'><em>di-</em></span> 
     </span>
     <span class='ocr_line' id='line_1_47' title="bbox 356 2744 1034 2789; baseline 0.004 -14"><span class='ocrx_word' id='word_1_327' title='bbox 356 2745 446 2778; x_wconf 82' lang='lat' dir='ltr'><em>citur.</em></span> <span class='ocrx_word' id='word_1_328' title='bbox 477 2748 584 2789; x_wconf 85' lang='lat' dir='ltr'><em>Majus</em></span> <span class='ocrx_word' id='word_1_329' title='bbox 600 2744 702 2778; x_wconf 78' lang='lat' dir='ltr'><em>autem</em></span> <span class='ocrx_word' id='word_1_330' title='bbox 717 2752 763 2777; x_wconf 84' lang='lat' dir='ltr'><em>est</em></span> <span class='ocrx_word' id='word_1_331' title='bbox 777 2749 924 2789; x_wconf 73' lang='lat' dir='ltr'><em>subegisse,</em></span> <span class='ocrx_word' id='word_1_332' title='bbox 940 2759 1034 2788; x_wconf 84' lang='lat' dir='ltr'><em>quam</em></span> 
     </span>
     <span class='ocr_line' id='line_1_48' title="bbox 356 2788 1036 2821; baseline 0.004 -4"><span class='ocrx_word' id='word_1_333' title='bbox 356 2788 520 2821; x_wconf 86' lang='lat' dir='ltr'><em>domuisse.</em></span> <span class='ocrx_word' id='word_1_334' title='bbox 562 2791 641 2820; x_wconf 76' lang='lat' dir='ltr'><em>Haec</em></span> <span class='ocrx_word' id='word_1_335' title='bbox 684 2791 826 2821; x_wconf 76' lang='lat' dir='ltr'><em>observat</em></span> <span class='ocrx_word' id='word_1_336' title='bbox 860 2790 1036 2821; x_wconf 83' lang='lat' dir='ltr'><em>Perizonius</em></span> 
     </span>
     <span class='ocr_line' id='line_1_49' title="bbox 356 2830 1036 2874; baseline 0.004 -13.036"><span class='ocrx_word' id='word_1_337' title='bbox 356 2830 522 2863; x_wconf 79' lang='lat' dir='ltr'><em>Animadv.</em></span> <span class='ocrx_word' id='word_1_338' title='bbox 548 2833 630 2864; x_wconf 83' lang='lat' dir='ltr'><em>Hist.</em></span> <span class='ocrx_word' id='word_1_339' title='bbox 646 2844 673 2864; x_wconf 84' lang='lat' dir='ltr'><em>c.</em></span> <span class='ocrx_word' id='word_1_340' title='bbox 691 2834 721 2863; x_wconf 89' lang='lat'><em>8.</em></span> <span class='ocrx_word' id='word_1_341' title='bbox 768 2833 920 2873; x_wconf 79' lang='lat' dir='ltr'><em>Legamus</em></span> <span class='ocrx_word' id='word_1_342' title='bbox 943 2833 1036 2874; x_wconf 82' lang='lat' dir='ltr'><em>igitur</em></span> 
     </span>
    </p>
   </div>
   <div class='ocr_carea' id='block_1_7' title="bbox 1076 2195 1760 2875">
    <p class='ocr_par' dir='ltr' id='par_1_8' title="bbox 1082 2195 1565 2239">
     <span class='ocr_line' id='line_1_50' title="bbox 1082 2195 1565 2239; baseline 0 -14"><span class='ocrx_word' id='word_1_343' title='bbox 1082 2195 1140 2226; x_wconf 85' lang='lat' dir='ltr'><em>hoc</em></span> <span class='ocrx_word' id='word_1_344' title='bbox 1156 2195 1223 2225; x_wconf 83' lang='lat' dir='ltr'><em>loco</em></span> <span class='ocrx_word' id='word_1_345' title='bbox 1241 2195 1442 2239; x_wconf 64' lang='lat' dir='ltr'><em>Transalpinos</em></span> <span class='ocrx_word' id='word_1_346' title='bbox 1458 2195 1565 2226; x_wconf 78' lang='lat' dir='ltr'><em>Gallos.</em></span> 
     </span>
    </p>

    <p class='ocr_par' dir='ltr' id='par_1_9' title="bbox 1081 2230 1760 2364">
     <span class='ocr_line' id='line_1_51' title="bbox 1125 2230 1759 2278; baseline 0.003 -11"><span class='ocrx_word' id='word_1_347' title='bbox 1125 2238 1166 2268; x_wconf 91' lang='lat'><em>76</em></span> <span class='ocrx_word' id='word_1_348' title='bbox 1203 2230 1317 2268; x_wconf 68' lang='lat' dir='ltr'><em>Semisse</em></span> <span class='ocrx_word' id='word_1_349' title='bbox 1338 2244 1365 2268; x_wconf 84' lang='lat' dir='ltr'><em>et</em></span> <span class='ocrx_word' id='word_1_350' title='bbox 1388 2239 1506 2278; x_wconf 66' lang='lat' dir='ltr'><em>niente]</em></span> <span class='ocrx_word' id='word_1_351' title='bbox 1537 2238 1576 2268; x_wconf 89' lang='lat' dir='ltr'><em>Id</em></span> <span class='ocrx_word' id='word_1_352' title='bbox 1604 2242 1661 2274; x_wconf 88' lang='lat' dir='ltr'><em>est,</em></span> <span class='ocrx_word' id='word_1_353' title='bbox 1685 2238 1759 2269; x_wconf 86' lang='lat' dir='ltr'><em>dex-</em></span> 
     </span>
     <span class='ocr_line' id='line_1_52' title="bbox 1081 2280 1760 2322; baseline 0.003 -12"><span class='ocrx_word' id='word_1_354' title='bbox 1081 2286 1178 2316; x_wconf 83' lang='lat' dir='ltr'><em>tante,</em></span> <span class='ocrx_word' id='word_1_355' title='bbox 1194 2280 1257 2311; x_wconf 90' lang='lat' dir='ltr'><em>sive</em></span> <span class='ocrx_word' id='word_1_356' title='bbox 1273 2280 1381 2311; x_wconf 84' lang='lat' dir='ltr'><em>decem</em></span> <span class='ocrx_word' id='word_1_357' title='bbox 1397 2280 1472 2311; x_wconf 82' lang='lat' dir='ltr'><em>assis</em></span> <span class='ocrx_word' id='word_1_358' title='bbox 1486 2280 1635 2322; x_wconf 79' lang='lat' dir='ltr'><em>partibus,</em></span> <span class='ocrx_word' id='word_1_359' title='bbox 1652 2281 1760 2322; x_wconf 81' lang='lat' dir='ltr'><em>quales</em></span> 
     </span>
     <span class='ocr_line' id='line_1_53' title="bbox 1081 2323 1624 2364; baseline 0.002 -11"><span class='ocrx_word' id='word_1_360' title='bbox 1081 2323 1245 2354; x_wconf 88' lang='lat' dir='ltr'><em>duodecim</em></span> <span class='ocrx_word' id='word_1_361' title='bbox 1259 2328 1357 2353; x_wconf 89' lang='lat' dir='ltr'><em>totum</em></span> <span class='ocrx_word' id='word_1_362' title='bbox 1371 2334 1470 2353; x_wconf 81' lang='lat' dir='ltr'><em>assem</em></span> <span class='ocrx_word' id='word_1_363' title='bbox 1487 2328 1624 2364; x_wconf 81' lang='lat' dir='ltr'><em>aequant.</em></span> 
     </span>
    </p>

    <p class='ocr_par' dir='ltr' id='par_1_10' title="bbox 1076 2365 1760 2873">
     <span class='ocr_line' id='line_1_54' title="bbox 1121 2365 1758 2406; baseline 0.002 -11"><span class='ocrx_word' id='word_1_364' title='bbox 1121 2366 1161 2396; x_wconf 89' lang='lat'><em>77</em></span> <span class='ocrx_word' id='word_1_365' title='bbox 1202 2365 1243 2395; x_wconf 85' lang='lat' dir='ltr'><em>Ut</em></span> <span class='ocrx_word' id='word_1_366' title='bbox 1267 2368 1388 2396; x_wconf 63' lang='lat' dir='ltr'><em>sescenti</em></span> <span class='ocrx_word' id='word_1_367' title='bbox 1410 2377 1441 2396; x_wconf 58' lang='lat' dir='ltr'><em>ei*</em></span> <span class='ocrx_word' id='word_1_368' title='bbox 1469 2366 1623 2406; x_wconf 81' lang='lat' dir='ltr'><em>equitibus]</em></span> <span class='ocrx_word' id='word_1_369' title='bbox 1658 2366 1758 2397; x_wconf 86' lang='lat' dir='ltr'><em>Rual-</em></span> 
     </span>
     <span class='ocr_line' id='line_1_55' title="bbox 1078 2407 1757 2450; baseline 0.001 -12"><span class='ocrx_word' id='word_1_370' title='bbox 1078 2408 1148 2444; x_wconf 85' lang='lat' dir='ltr'><em>dus,</em></span> <span class='ocrx_word' id='word_1_371' title='bbox 1164 2407 1330 2439; x_wconf 84' lang='lat' dir='ltr'><em>Animadv.</em></span> <span class='ocrx_word' id='word_1_372' title='bbox 1346 2409 1397 2439; x_wconf 77' lang='lat'><em>26.</em></span> <span class='ocrx_word' id='word_1_373' title='bbox 1414 2408 1445 2438; x_wconf 90' lang='lat' dir='ltr'><em>in</em></span> <span class='ocrx_word' id='word_1_374' title='bbox 1468 2409 1552 2439; x_wconf 85' lang='lat' dir='ltr'><em>Plut.</em></span> <span class='ocrx_word' id='word_1_375' title='bbox 1569 2408 1674 2438; x_wconf 84' lang='lat' dir='ltr'><em>multis</em></span> <span class='ocrx_word' id='word_1_376' title='bbox 1689 2419 1757 2450; x_wconf 87' lang='lat' dir='ltr'><em>pro-</em></span> 
     </span>
     <span class='ocr_line' id='line_1_56' title="bbox 1078 2450 1760 2492; baseline 0.003 -11"><span class='ocrx_word' id='word_1_377' title='bbox 1078 2452 1133 2481; x_wconf 90' lang='lat' dir='ltr'><em>bat</em></span> <span class='ocrx_word' id='word_1_378' title='bbox 1146 2451 1204 2482; x_wconf 87' lang='lat' dir='ltr'><em>hoc</em></span> <span class='ocrx_word' id='word_1_379' title='bbox 1219 2450 1325 2481; x_wconf 81' lang='lat' dir='ltr'><em>tulisse</em></span> <span class='ocrx_word' id='word_1_380' title='bbox 1341 2451 1377 2482; x_wconf 93' lang='lat' dir='ltr'><em>C.</em></span> <span class='ocrx_word' id='word_1_381' title='bbox 1394 2450 1583 2486; x_wconf 82' lang='lat' dir='ltr'><em>Gracchum,</em></span> <span class='ocrx_word' id='word_1_382' title='bbox 1595 2456 1630 2481; x_wconf 88' lang='lat' dir='ltr'><em>ut</em></span> <span class='ocrx_word' id='word_1_383' title='bbox 1639 2451 1760 2492; x_wconf 82' lang='lat' dir='ltr'><em>judicia</em></span> 
     </span>
     <span class='ocr_line' id='line_1_57' title="bbox 1079 2492 1758 2534; baseline 0 -10"><span class='ocrx_word' id='word_1_384' title='bbox 1079 2495 1118 2524; x_wconf 83' lang='lat' dir='ltr'><em>ab</em></span> <span class='ocrx_word' id='word_1_385' title='bbox 1141 2493 1332 2524; x_wconf 83' lang='lat' dir='ltr'><em>senatoribus</em></span> <span class='ocrx_word' id='word_1_386' title='bbox 1347 2493 1387 2523; x_wconf 87' lang='lat' dir='ltr'><em>ad</em></span> <span class='ocrx_word' id='word_1_387' title='bbox 1407 2492 1536 2534; x_wconf 89' lang='lat' dir='ltr'><em>Equites</em></span> <span class='ocrx_word' id='word_1_388' title='bbox 1557 2494 1758 2524; x_wconf 75' lang='lat' dir='ltr'><em>transferren-</em></span> 
     </span>
     <span class='ocr_line' id='line_1_58' title="bbox 1077 2535 1759 2576; baseline 0.003 -10"><span class='ocrx_word' id='word_1_389' title='bbox 1077 2541 1144 2567; x_wconf 83' lang='lat' dir='ltr'><em>tur:</em></span> <span class='ocrx_word' id='word_1_390' title='bbox 1180 2541 1283 2566; x_wconf 86' lang='lat' dir='ltr'><em>cetera</em></span> <span class='ocrx_word' id='word_1_391' title='bbox 1304 2546 1374 2576; x_wconf 89' lang='lat' dir='ltr'><em>quae</em></span> <span class='ocrx_word' id='word_1_392' title='bbox 1404 2535 1454 2566; x_wconf 85' lang='lat' dir='ltr'><em>hic</em></span> <span class='ocrx_word' id='word_1_393' title='bbox 1482 2541 1654 2571; x_wconf 85' lang='lat' dir='ltr'><em>narrantur,</em></span> <span class='ocrx_word' id='word_1_394' title='bbox 1677 2546 1759 2568; x_wconf 85' lang='lat' dir='ltr'><em>vana</em></span> 
     </span>
     <span class='ocr_line' id='line_1_59' title="bbox 1078 2578 1758 2610; baseline 0.003 -2"><span class='ocrx_word' id='word_1_395' title='bbox 1078 2584 1109 2608; x_wconf 86' lang='lat' dir='ltr'><em>et</em></span> <span class='ocrx_word' id='word_1_396' title='bbox 1137 2578 1239 2609; x_wconf 80' lang='lat' dir='ltr'><em>futilia</em></span> <span class='ocrx_word' id='word_1_397' title='bbox 1262 2588 1337 2608; x_wconf 86' lang='lat' dir='ltr'><em>esse.</em></span> <span class='ocrx_word' id='word_1_398' title='bbox 1382 2578 1456 2609; x_wconf 90' lang='lat' dir='ltr'><em>Non</em></span> <span class='ocrx_word' id='word_1_399' title='bbox 1477 2579 1611 2610; x_wconf 81' lang='lat' dir='ltr'><em>absurda</em></span> <span class='ocrx_word' id='word_1_400' title='bbox 1637 2579 1758 2610; x_wconf 86' lang='lat' dir='ltr'><em>Freins-</em></span> 
     </span>
     <span class='ocr_line' id='line_1_60' title="bbox 1078 2620 1758 2661; baseline 0.004 -11"><span class='ocrx_word' id='word_1_401' title='bbox 1078 2620 1172 2651; x_wconf 86' lang='lat' dir='ltr'><em>hemii</em></span> <span class='ocrx_word' id='word_1_402' title='bbox 1194 2620 1370 2661; x_wconf 72' lang='lat' dir='ltr'><em>conjectura</em></span> <span class='ocrx_word' id='word_1_403' title='bbox 1392 2626 1449 2657; x_wconf 88' lang='lat' dir='ltr'><em>est,</em></span> <span class='ocrx_word' id='word_1_404' title='bbox 1472 2621 1551 2653; x_wconf 86' lang='lat' dir='ltr'><em>iufra</em></span> <span class='ocrx_word' id='word_1_405' title='bbox 1573 2632 1600 2652; x_wconf 86' lang='lat' dir='ltr'><em>c.</em></span> <span class='ocrx_word' id='word_1_406' title='bbox 1623 2622 1675 2652; x_wconf 81' lang='lat'><em>66.</em></span> <span class='ocrx_word' id='word_1_407' title='bbox 1699 2621 1758 2653; x_wconf 85' lang='lat' dir='ltr'><em>hoc</em></span> 
     </span>
     <span class='ocr_line' id='line_1_61' title="bbox 1078 2663 1757 2705; baseline 0.003 -12"><span class='ocrx_word' id='word_1_408' title='bbox 1078 2668 1213 2694; x_wconf 84' lang='lat' dir='ltr'><em>tentasse</em></span> <span class='ocrx_word' id='word_1_409' title='bbox 1227 2663 1277 2693; x_wconf 84' lang='lat' dir='ltr'><em>vel</em></span> <span class='ocrx_word' id='word_1_410' title='bbox 1299 2668 1381 2694; x_wconf 87' lang='lat' dir='ltr'><em>certe</em></span> <span class='ocrx_word' id='word_1_411' title='bbox 1396 2664 1547 2705; x_wconf 79' lang='lat' dir='ltr'><em>cogitasse</em></span> <span class='ocrx_word' id='word_1_412' title='bbox 1566 2664 1757 2701; x_wconf 85' lang='lat' dir='ltr'><em>Gracchum,</em></span> 
     </span>
     <span class='ocr_line' id='line_1_62' title="bbox 1076 2705 1757 2749; baseline 0.003 -14"><span class='ocrx_word' id='word_1_413' title='bbox 1076 2705 1159 2746; x_wconf 89' lang='lat' dir='ltr'><em>quod</em></span> <span class='ocrx_word' id='word_1_414' title='bbox 1179 2710 1284 2736; x_wconf 78' lang='lat' dir='ltr'><em>narrat</em></span> <span class='ocrx_word' id='word_1_415' title='bbox 1305 2711 1411 2736; x_wconf 83' lang='lat' dir='ltr'><em>auctor</em></span> <span class='ocrx_word' id='word_1_416' title='bbox 1432 2707 1591 2749; x_wconf 87' lang='lat' dir='ltr'><em>epitomes,</em></span> <span class='ocrx_word' id='word_1_417' title='bbox 1611 2707 1666 2738; x_wconf 85' lang='lat' dir='ltr'><em>sed</em></span> <span class='ocrx_word' id='word_1_418' title='bbox 1687 2717 1757 2749; x_wconf 84' lang='lat' dir='ltr'><em>per—</em></span> 
     </span>
     <span class='ocr_line' id='line_1_63' title="bbox 1077 2748 1756 2791; baseline 0.003 -13"><span class='ocrx_word' id='word_1_419' title='bbox 1077 2748 1167 2778; x_wconf 87' lang='lat' dir='ltr'><em>ficere</em></span> <span class='ocrx_word' id='word_1_420' title='bbox 1196 2759 1258 2779; x_wconf 90' lang='lat' dir='ltr'><em>non</em></span> <span class='ocrx_word' id='word_1_421' title='bbox 1297 2749 1444 2789; x_wconf 83' lang='lat' dir='ltr'><em>potuisse,</em></span> <span class='ocrx_word' id='word_1_422' title='bbox 1474 2755 1567 2791; x_wconf 84' lang='lat' dir='ltr'><em>atque</em></span> <span class='ocrx_word' id='word_1_423' title='bbox 1608 2749 1687 2780; x_wconf 83' lang='lat' dir='ltr'><em>adeo</em></span> <span class='ocrx_word' id='word_1_424' title='bbox 1715 2749 1756 2780; x_wconf 84' lang='lat' dir='ltr'><em>ad</em></span> 
     </span>
     <span class='ocr_line' id='line_1_64' title="bbox 1077 2791 1757 2834; baseline 0.004 -14"><span class='ocrx_word' id='word_1_425' title='bbox 1077 2791 1290 2822; x_wconf 83' lang='lat' dir='ltr'><em>transferenda</em></span> <span class='ocrx_word' id='word_1_426' title='bbox 1318 2791 1356 2822; x_wconf 86' lang='lat' dir='ltr'><em>ad</em></span> <span class='ocrx_word' id='word_1_427' title='bbox 1383 2792 1462 2823; x_wconf 87' lang='lat' dir='ltr'><em>solos</em></span> <span class='ocrx_word' id='word_1_428' title='bbox 1485 2792 1614 2834; x_wconf 85' lang='lat' dir='ltr'><em>Equites</em></span> <span class='ocrx_word' id='word_1_429' title='bbox 1637 2791 1757 2834; x_wconf 79' lang='lat' dir='ltr'><em>judicia</em></span> 
     </span>
     <span class='ocr_line' id='line_1_65' title="bbox 1078 2833 1390 2875; baseline 0.003 -11"><span class='ocrx_word' id='word_1_430' title='bbox 1078 2834 1214 2865; x_wconf 83' lang='lat' dir='ltr'><em>animum</em></span> <span class='ocrx_word' id='word_1_431' title='bbox 1230 2833 1390 2875; x_wconf 66' lang='lat' dir='ltr'><em>adjecisse.</em></span> 
     </span>
    </p>
   </div>
  </div>
 </body>
</html>
