1805 3174
445 83 526 119 DE
578 83 1006 128 PONDERlssUs,
1047 91 1116 123 ἃς.
1421 93 1503 129 xcix

0 212 1 223 κ
52 188 326 231 aestimatione
356 193 538 233 contenti
569 192 739 243 fuimus,
764 202 808 234 ut
831 208 926 249 quae
956 195 1074 245 nihil,
1097 205 1168 238 aut
1190 211 1335 253 parum
1363 200 1502 241 adnm-

0 295 1 298 *
49 245 149 285 dum
173 262 197 286 a
217 263 315 288 vero
335 248 467 290 abeat.

106 303 168 344 Ut
190 304 320 359 igitur
349 306 534 361 pondera
564 307 754 348 Romana
783 309 835 349 ad
868 311 1114 352 nostratium
1147 327 1330 352 normam
1363 316 1499 369 exige-

0 366 1 395 ἐ
48 368 206 410 rentur,
228 362 318 403 lnec
341 363 458 403 nobis
479 365 546 404 via
567 366 775 419 sequenda
796 366 888 407 fuit.

106 418 255 459 Unciae
278 421 479 460 Romanae
502 422 566 460 12.
590 437 709 477 pares
731 432 825 464 sunt
848 425 979 464 unciis
1006 427 1261 467 nostratibus
1286 428 1373 481 1522„
1398 446 1497 483 ergo

46 472 153 514 libra
180 476 371 517 Romana
391 494 432 517 sc
454 478 580 519 habet
602 480 654 520 ad
678 480 823 521 libram
859 482 1145 532 l‘arisienscm,
1171 493 1214 524 ut
1240 485 1328 538 IQ·
1352 486 1404 525 ad
1430 488 1492 527 16.

44 530 144 581 sive,
162 533 215 573 ad
233 534 422 575 vitandas
443 535 670 577 fractorum
694 552 958 579 numerorum
977 540 1184 593 ambages,
1206 549 1249 581 ut
1268 542 1332 581 25.
1351 543 1403 583 ad
1426 546 1492 583 5352.

99 588 261 631 Eadem
292 591 399 632 libra
420 592 611 634 Romana
639 595 779 649 pondo
808 612 848 635 sc
869 596 992 637 habet
1025 597 1077 637 ad
1101 613 1279 638 marcam
1311 615 1381 640 seu
1404 601 1493 641 seli-

41 643 159 686 bram
183 648 471 699 Parisiensem,
494 658 539 691 ut
563 652 654 703 125.
676 652 729 692 ad
751 655 789 692 8.
812 653 912 703 sive,
935 661 982 694 ut
1004 656 1069 694 95.
1092 655 1144 694 ad
1169 654 1233 696 16.

99 703 162 745 Ut
182 704 313 759 igitur
336 705 456 747 librae
483 708 686 748 Romanae
716 709 971 764 ponderibus
1000 712 1255 753 nostratibus
1285 715 1490 755 aestimen-

35 767 118 810 tur,
140 760 231 802 haec
260 762 504 805 instituatur
534 767 760 821 proportio,
823 767 884 808 Ut
912 769 978 808 82.
1003 783 1044 808 se
1073 768 1227 811 habent
1258 771 1311 810 ad
1342 773 1407 812 25.
1430 773 1490 813 ita

34 830 231 859 numerus
256 819 380 861 datus
411 822 694 863 Romanarum
725 822 924 866 librarum
952 825 1004 865 ad
1031 835 1222 880 quartum
1254 842 1486 879 numerum,

34 874 107 929 qui
127 877 334 932 exprimet
363 877 488 919 libras
517 880 779 921 Parisienses.
841 881 931 931 Vel,
955 883 986 923 si
1009 882 1156 923 marcis
1186 885 1487 927 parisiensibus

34 946 140 988 opus
160 933 302 984 fuerit,
325 943 371 976 ut
394 935 459 977 16.
483 952 524 977 sc
544 937 699 979 habent
720 937 774 979 ad
795 940 860 979 25.
884 939 943 980 ita
963 955 1159 981 numerus
1187 941 1309 983 datus
1332 944 1485 984 Roma-

31 1003 179 1030 narum
210 990 410 1034 librarum
436 994 489 1035 ad
511 1003 705 1048 quartum
736 1010 968 1047 numerum,
991 997 1060 1052 qui
1093 998 1297 1053 exprimet
1327 1015 1485 1041 marcas

32 1060 103 1087 seu
125 1046 296 1089 selibras
319 1050 581 1092 Parisienses.

87 1104 226 1155 Nunc,
249 1106 281 1147 si
309 1115 539 1149 ceterorum
571 1110 802 1164 ponderum
824 1111 977 1165 quibus
998 1119 1158 1151 veteres
1189 1113 1427 1163 utebantur,
1450 1115 1482 1154 si

28 1161 191 1216 argenti
221 1163 394 1217 aurique
425 1165 575 1221 signati
606 1166 659 1207 ad
688 1166 836 1208 libram
868 1168 1101 1208 Romanam
1131 1169 1238 1210 ratio
1266 1180 1484 1226 perspecta

27 1217 246 1269 habeatur,
268 1221 383 1261 nullo
412 1223 580 1277 negotio
600 1223 672 1264 illa
692 1224 745 1265 ad
767 1233 1004 1267 nostrorum
1034 1225 1265 1281 ponderum
1293 1242 1478 1269 normam

25 1275 160 1330 redigi
181 1285 389 1332 poterunt.
452 1280 518 1319 De
539 1296 640 1329 asse,
659 1289 699 1322 ct
720 1282 809 1336 ejus
825 1283 1016 1338 partibus
1036 1282 1150 1322 nulla
1166 1292 1227 1324 est
1243 1283 1476 1326 difficultas.
1494 1291 1550 1325 A&
1564 1294 1593 1318 et
1611 1290 1679 1331 ejus

27 1332 91 1372 As
114 1332 224 1385 (haec
245 1335 369 1385 enim,
383 1336 460 1376 etsi
482 1337 709 1387 notissima,
731 1338 798 1379 hic
828 1354 980 1393 ponere
1001 1354 1082 1380 non
1112 1340 1340 1382 absurdum
1364 1342 1478 1398 judi·
1492 1339 1604 1370 partes.

26 1403 181 1440 camus,
196 1405 248 1431 ne
265 1392 297 1432 si
319 1393 391 1447 qui
412 1393 520 1434 forte
541 1409 589 1434 ea
608 1394 905 1449 ignoraverint,
922 1396 1004 1437 alio
1024 1411 1234 1438 recurrere
1253 1402 1475 1454 cogantur)

82 1447 146 1488 As
166 1448 258 1503 ipsa
277 1458 339 1491 est
360 1449 467 1490 libra
488 1451 692 1500 Romana,
715 1452 800 1493 sive
821 1453 1041 1494 duodecim
1064 1454 1210 1505 unciae,

195 1505 364 1556 Deunx,
391 1507 581 1549 undecim
603 1509 748 1550 unciae.

194 1562 399 1613 Dextans,
422 1564 576 1605 decem.

195 1619 404 1671 Dodrans,
427 1636 586 1662 novem.

194 1676 289 1727 Bes,
312 1686 416 1719 octo.

193 1734 397 1789 Septunx,
421 1743 589 1790 septem.

192 1791 337 1840 Semis,
360 1807 443 1833 sex.

191 1848 428 1899 Quincunx,
452 1850 645 1905 quinque.

193 1904 359 1954 Triens,
383 1915 574 1960 quatuor.

189 1960 422 2012 Quadrans,
445 1972 539 2004 tres.

190 2018 379 2068 Sextans,
402 2020 510 2061 duae.

186 2074 335 2116 Uncia.

75 2129 162 2170 De'
179 2129 350 2173 denario
371 2133 623 2178 dissentiunt
643 2137 753 2178 inter
774 2152 815 2178 se
836 2137 961 2179 docti.
1023 2139 1156 2179 Nobis
1177 2139 1389 2181 verissima
1410 2140 1468 2180 vi-
1481 2149 1610 2178 Dcnarti
1630 2192 1636 2198 ι

15 2185 140 2227 detur
161 2188 297 2230 Budei
319 2198 359 2231 et
383 2191 585 2234 Gronovii
614 2195 831 2245 sententia,
853 2195 924 2250 qui
956 2203 1145 2237 statuunt
1166 2196 1382 2237 denarium
1403 2197 1470 2238 fu·
1481 2197 1661 2264 ῗιῖᾞιῑᾜᾏζζ

12 2242 92 2284 isse
111 2252 300 2287 octavam
323 2248 455 2288 unciae
476 2259 652 2305 partem,
674 2251 735 2293 ita
755 2260 801 2293 ut
822 2252 981 2293 denarii
1002 2253 1169 2309 proprie
1190 2269 1237 2294 ac
1258 2253 1468 2295 subtiliter
1480 2254 1612 2311 asggmi,
1660 2255 1669 2265 ⁸

16 2314 86 2341 sex
107 2309 149 2342 et
169 2303 396 2359 nonaginta
425 2306 573 2348 libram
604 2309 917 2360 constituerent,
940 2310 1011 2351 sed
1042 2319 1082 2351 et
1109 2311 1362 2352 rotundandi
1393 2308 1617 2352 nu-Gfonov-
1635 2321 1675 2349 de

13 2357 117 2397 meri
138 2373 274 2411 causa,
297 2369 337 2402 et
359 2363 458 2417 quia
478 2365 674 2406 rarissimi
697 2366 855 2407 denarii
877 2367 1043 2422 pondus
1062 2367 1169 2408 illud
1191 2376 1383 2409 exactum
1404 2362 1629 2434 1·e-{³1‘⁶·c‘'g‘·
1646 2364 1668 2393 ¹·

12 2412 184 2467 ferrent,
206 2420 503 2461 consuetudine
529 2421 608 2462 fori
631 2430 672 2464 et
693 2424 939 2465 tractatione
968 2425 1157 2480 pecuniae
1178 2425 1465 2466 introductum
1516 2428 1523 2435 ‘
1561 2427 1568 2436 '
1606 2426 1614 2434 ’

13 2469 81 2520 sit,
102 2479 150 2512 ut
171 2482 336 2516 centum
352 2492 429 2533 pro
450 2477 557 2519 libra
579 2480 850 2522 ambularent.
913 2482 1009 2522 Hoc
1029 2482 1253 2523 adstruunt
1274 2483 1465 2537 antiquo-

0 2540 104 2569 „rum
125 2530 373 2586 scriptorum
400 2535 719 2578 innumerabilia
751 2538 1000 2589 testimonia,
1022 2539 1101 2580 hoc
1122 2539 1275 2580 evincit
1296 2547 1385 2581 tota
1403 2539 1462 2579 rei

51 2638 67 2663 f
87 2644 138 2674 De
163 2646 293 2675 denario
315 2651 347 2676 et
373 2645 442 2687 ejus
464 2657 538 2678 cum
565 2649 718 2677 drachma
762 2659 846 2684 mur,
864 2659 922 2679 nec
945 2651 1032 2680 aliud
1055 2652 1255 2689 respicimus,
1272 2659 1369 2689 quam
1393 2658 1463 2697 pei·—

11 2687 247 2725 comparatione
260 2690 362 2718 multo
374 2691 534 2729 ingeniose
548 2696 579 2720 et
591 2692 713 2721 erudite
758 2693 924 2731 vulgatum
949 2695 1034 2731 apud
1053 2699 1172 2723 veteres
1187 2694 1218 2722 in
1236 2693 1400 2723 communi
1417 2701 1461 2739 ‘¹7

9 2729 134 2759 disserit
156 2730 204 2762 Cl.
227 2730 416 2768 Labarreus,
440 2734 507 2763 loco
527 2743 623 2772 supra
646 2743 715 2763 me·
758 2742 800 2765 tae
817 2737 1046 2766 consuetudine
1058 2736 1209 2774 loquendi
1224 2745 1260 2765 ac
1271 2735 1460 2764 numerandl

10 2776 146 2808 moram,
170 2782 241 2812 quae
264 2775 428 2804 consulere
451 2785 553 2814 operae
574 2777 712 2814 pretium
758 2787 862 2808 usum.

9 2809 65 2843 est.
103 2814 173 2846 Nos
188 2825 255 2846 rem
269 2817 321 2846 hic
335 2826 399 2846 non
414 2819 573 2848 subtiliter
585 2820 712 2858 exequi-

829 2879 906 2913 GQ
