1826 3149
124 194 169 269 ἒς

177 193 217 268 5³0

253 238 303 268 ,Ξ

272 195 305 226 Ρ·

337 75 414 110 218
532 71 893 111 T1T1L1V11
934 71 1058 110 LIB.
1085 72 1211 111 XLV.
1248 72 1379 111 CAP.
1408 72 1554 111 XLIV.

336 196 522 246 quoque,
552 195 685 238 quum
715 182 874 224 veniret
906 180 948 223 in
980 181 1155 233 curiam,
1182 181 1419 225 submisisse
1450 197 1508 233 se,
1532 189 1575 224 et
1603 182 1744 224 osculo

337 238 463 280 limen
482 239 610 280 curiae
635 238 880 294 contigisse:
911 246 954 280 et
976 239 1087 280 Deos
1105 245 1328 281 servatores
1346 253 1436 280 suos
1465 247 1652 280 senatum
1673 238 1744 279 ad-

336 295 524 352 peHasse,
545 295 752 351 aliamque
781 294 1024 345 orationem,
1052 310 1135 336 non
1164 304 1250 337 tam
1279 295 1546 337 honorificam
1575 294 1745 336 audien-

337 352 465 403 tibus,
482 367 610 408 quam
632 351 709 393 sibi
729 351 973 402 deformem,
989 351 1193 393 habuisse.
1255 354 1451 394 Moratus
1470 352 1579 393 circa
1598 352 1743 393 urbem

337 409 511 465 triginta
529 408 644 451 haud
663 407 845 465 amplius
864 407 953 450 dies
973 407 1016 450 in
1036 423 1213 464 regnum
1232 418 1295 452 est
1314 409 1349 433 ³⁶
1361 409 1587 467 profectus.

379 530 422 560 36
453 528 622 571 Profectus]
668 528 866 565 Lambecius,
905 528 1020 561 citante
1063 529 1142 562 illud
1165 530 1312 563 volumen
1332 530 1437 563 claudi
1462 534 1567 561 monet
1590 528 1743 572 subscrip-

337 572 486 607 Hearnio,
505 573 649 604 observat
669 572 703 603 in
725 572 876 604 Biblioth.
899 572 1019 604 Vindo-
1063 573 1147 605 tione
1178 573 1248 609 hac.
1277 585 1347 617 quae
1380 574 1421 605 ob
1452 578 1637 605 vetustatem
1665 583 1744 614 pene

336 616 410 647 bon.
424 615 444 646 l.
460 615 508 648 ΙΙ.
521 626 552 658 p.
568 616 644 646 947.
662 621 731 657 post
745 626 852 647 vocem
872 615 1021 656 profectus
1062 618 1168 649 oculos
1182 617 1279 659 fugit:

335 658 423 699 sequi
458 658 490 688 in
524 658 616 689 unico
649 659 819 700 exemplari
855 665 1019 695 actmnque,
1298 667 1390 698 T1T1
1414 666 1511 698 LIVI

336 701 474 741 aliosque
488 701 582 732 etiam
597 702 675 732 duos
688 712 795 732 versus
816 701 891 732 olim
912 701 1018 738 fuisse,
1181 721 1242 752 AB
1267 720 1392 752 URBE
1415 719 1622 752 CONDITA

335 744 389 783 qui
411 754 492 774 nunc
513 754 635 786 prorsus
657 750 860 780 evanuerunt,
877 753 933 775 nee
953 744 1020 775 ulla
1234 775 1309 805 LIB
1343 774 1434 805 XLV
1469 774 1557 804 EXP

337 786 454 817 ratione
479 797 518 817 ex
542 797 646 818 eorum
671 787 807 828 vestigiis
828 787 903 819 certi
929 786 1019 828 quid-

336 839 430 871 quam
464 840 553 873 posse
584 829 700 872 colligi.
743 831 856 862 Totum
885 829 1020 872 denique
1097 828 1187 860 INC.
1211 828 1298 859 LIB.
1319 828 1441 859 XLVI.
1464 826 1713 858 FELICITER.
