1826 3149
100 203 141 276 με

152 203 191 277 ΦΩ

202 203 241 275 za

248 202 273 276 ruf-fl

95 1333 272 1365 Boeoticum

92 1376 257 1407 concilium

94 1420 278 1450 discussum.

92 1729 201 1769 Legati

94 1771 185 1801 Rom.
202 1772 233 1801 in
245 1771 289 1801 Λ-

91 1814 144 1844 siae
157 1814 284 1846 insulas.

308 88 355 125 72
835 88 972 128 T1T1
1019 90 1188 128 L1V11

267 223 274 231 .
308 192 527 251 principeS,
548 195 592 237 id
621 196 736 252 quod
766 198 945 240 maxime
972 207 1140 255 gratum
1170 208 1260 243 erat
1288 198 1502 251 Romanis,
1524 214 1599 241 suo
1628 199 1721 264 qui-

308 265 391 306 que
415 251 583 308 proprio
612 253 779 295 decreto
805 255 944 296 Persei
975 256 1211 299 societatem
1245 256 1498 316 adspernati,
1520 257 1721 298 Romanis

308 322 350 347 se
370 308 681 365 adjungebant:
718 310 917 353 Ismenias
945 321 1110 369 gentem
1142 314 1386 357 Boeotorum
1415 315 1458 356 in
1487 313 1613 355 fidem
1634 314 1721 354 Ro-

307 379 523 406 manorum
559 365 744 422 permitti
779 382 951 424 aequum
986 370 1189 412 censebat.
1226 371 1322 414 inde
1356 370 1578 413 certamine
1611 378 1720 433 orto,

308 420 385 461 nisi
405 420 447 464 in
468 422 651 463 tribunal
682 422 914 479 legatorum
942 426 1208 482 perfugisset,
1229 427 1344 471 haud
1365 429 1546 470 multum
1567 427 1720 478 abfuit,

307 477 409 532 quin
430 478 483 519 ab
504 479 719 520 exsulibus
739 481 1058 538 fautoribusque
1078 499 1221 525 eorum
1242 485 1555 527 interficeretur.
1609 483 1723 524 The-

307 534 374 574 bae
395 550 564 590 quoque
579 535 696 591 ipsae,
718 538 833 593 quod
855 539 1032 580 Boeotiae
1051 549 1179 596 caput
1199 550 1276 592 est,
1297 542 1340 583 in
1360 556 1511 597 magno
1531 540 1721 582 tumultu

307 599 440 641 erant,
461 591 551 632 aliis
575 592 628 633 ad
659 608 797 649 regem
827 596 1090 638 trahentibus
1118 597 1343 650 civitatem,
1365 599 1453 640 aliis
1483 598 1536 639 ad
1567 599 1722 639 Roma-

308 662 393 688 nos.
434 655 476 689 et
516 648 642 690 turba
683 651 1005 693 Coronaeorumr
1044 654 1433 712 Haliartiorumque
1472 662 1721 718 convenerat

307 704 362 744 ad
391 704 700 747 defendendum
730 707 944 750 decretum
973 710 1099 766 regiae
1129 711 1346 754 societatis.
1388 712 1461 754 sed
1489 719 1722 753 constantia

306 759 557 816 principum,
579 762 817 806 docentium
847 765 1035 808 cladibus
1062 767 1247 824 Philippi
1268 768 1568 824 Antiochique,
1590 782 1722 831 quan-

307 824 351 857 ta
370 825 475 858 esset
496 818 558 859 vis
587 828 628 861 et
658 820 829 863 fortuna
862 822 1022 878 imperii
1045 824 1239 876 Romani,
1261 825 1372 867 victa
1403 826 1545 867 eadem
1581 824 1723 888 multll-

306 873 411 914 tudo
443 882 499 925 et,
531 883 579 916 ut
612 877 828 919 tolleretur
862 879 977 935 regia
1011 880 1196 931 societas,
1227 881 1424 933 decrevit,
1455 890 1497 923 et
1532 897 1615 933 eOS,
1645 896 1720 938 qul

305 938 494 972 auctores
537 932 792 987 paciscendae
832 935 1025 978 amicitiae
1066 937 1248 988 fuerant,
1288 938 1342 979 ad
1383 938 1719 980 satisfaciendum

305 986 453 1042 legatis
494 988 734 1031 Chalcidem
774 992 900 1042 misit,
941 993 1122 1050 fideique
1168 994 1401 1050 legatorum
1441 995 1719 1037 commendari

304 1043 515 1085 civitatem
539 1045 678 1101 jussit.
741 1048 966 1090 Thebanos
988 1051 1176 1092 Marcius
1205 1060 1247 1093 et
1275 1051 1434 1094 Atilius
1464 1052 1549 1094 laeti
1579 1051 1721 1094 audie-

305 1108 420 1150 runt,
442 1099 474 1123 4⁴¹
486 1109 759 1159 auctoresque
780 1113 822 1146 et
851 1105 915 1147 his
936 1107 1155 1163 separatim
1179 1107 1352 1164 singulis
1380 1109 1553 1151 fuerunt
1574 1109 1628 1150 ad
1658 1124 1721 1151 re-

305 1157 538 1199 novandam
573 1159 795 1202 amicitiam
827 1161 1019 1204 mittendi
1049 1165 1227 1206 Romam
1259 1165 1429 1221 legatos.
1490 1167 1605 1207 Ante
1634 1181 1722 1207 om-

305 1212 374 1253 nia
402 1214 565 1255 exsules
594 1217 757 1258 restitui
782 1219 1014 1274 jusserunt,
1036 1229 1077 1262 et
1098 1221 1130 1245 ⁴¹⁵
1143 1230 1333 1263 auctores
1362 1223 1488 1278 regiae
1514 1223 1720 1265 societatis

305 1269 471 1312 decreto
505 1287 580 1312 suo
611 1273 874 1318 damnarunt.
937 1277 1019 1328 Ita,
1051 1278 1166 1333 quod
1198 1278 1375 1320 maxime
1408 1279 1617 1331 volebant,
1637 1279 1721 1321 dis-

304 1341 424 1368 cusso
457 1328 645 1370 Boeotico
675 1331 860 1382 concilio,
893 1333 1225 1390 Peloponnesum
1260 1336 1596 1391 proficiscuntur,
1631 1337 1717 1378 Ser.

307 1383 499 1424 Cornelio
522 1385 763 1428 Chalcidem
793 1389 998 1432 arcessito.
1059 1391 1188 1447 Argis
1217 1393 1443 1448 praebitum
1465 1402 1526 1435 est
1556 1393 1605 1435 iis
1625 1409 1720 1434 con-

303 1439 468 1481 cilium:
501 1441 574 1482 ubi
596 1442 697 1483 nihil
719 1444 834 1485 aliud
859 1461 884 1486 a
911 1456 1035 1501 gente
1057 1449 1312 1490 Achaeorum
1343 1450 1568 1505 petierunt,
1592 1465 1719 1506 quam

303 1504 352 1537 ut
382 1496 493 1538 mille
524 1498 676 1540 milites
705 1501 864 1543 darent.
896 1501 938 1543 id
974 1504 1214 1559 praesidium
1247 1506 1300 1548 ad
1330 1507 1571 1548 Chalcidem
1601 1514 1721 1548 tuen-

303 1553 415 1603 dam,
438 1553 539 1595 dum
562 1556 778 1598 Romanus
808 1559 1013 1601 exercitus
1033 1560 1075 1601 in
1099 1562 1306 1604 Graeciam
1329 1563 1603 1620 trajiceretur,
1625 1563 1720 1605 mis-

303 1625 395 1650 sum
416 1618 490 1652 est.
553 1612 740 1654 Marcius
760 1623 801 1655 et
823 1615 996 1667 Atilius,
1018 1619 1210 1673 peractis,
1232 1635 1327 1675 quae
1354 1620 1516 1675 agenda
1536 1620 1578 1661 in
1601 1621 1720 1662 Grae-

302 1666 367 1706 cia
386 1675 517 1717 erant,
539 1668 742 1725 principio
762 1670 907 1712 hiemis
929 1673 1108 1715 Romam
1129 1675 1354 1718 redierunt.

362 1723 502 1764 XLV.
537 1724 642 1765 Inde
675 1727 826 1782 legatio
857 1729 935 1770 sub
968 1729 1076 1771 idem
1110 1740 1275 1789 tempus
1310 1732 1351 1773 in
1383 1733 1528 1775 Asiam
1561 1733 1717 1776 circum

303 1778 457 1820 insulas
477 1780 611 1822 missa.
643 1790 726 1824 tres
746 1792 863 1826 erant
888 1785 1028 1842 legati,
1053 1788 1120 1828 Ti.
1146 1789 1363 1840 Claudius,
1387 1791 1434 1830 P.
1460 1790 1716 1843 Postumius,

306 1836 368 1876 M.
400 1837 568 1878 Junius.
606 1838 633 1878 ii
666 1839 968 1884 circumeuntes
1000 1844 1276 1887 hortabantur
1306 1846 1435 1888 socios
1464 1847 1518 1888 ad
1548 1847 1718 1903 suscipi-

303 1893 457 1934 endum
487 1895 686 1936 adversus
708 1898 859 1939 Persea
887 1914 964 1955 pro
985 1901 1185 1944 Romanis
1205 1903 1385 1944 bellum:
1419 1911 1475 1954 et,
1498 1920 1583 1960 quo
1603 1920 1717 1960 quae-

302 1964 386 2004 que
405 1951 641 2006 opulentior
670 1953 814 1996 civitas
835 1963 937 2006 erat,
959 1972 1007 1998 eo
1031 1958 1272 2001 adcuratius
1301 1960 1495 2016 agebant,
1517 1961 1616 2017 quia
1643 1961 1718 2002 mi-

303 2021 422 2047 nores
443 2016 647 2050 secuturae
668 2010 872 2067 majorum
902 2014 1192 2057 auctoritatem
1214 2025 1342 2058 erant.
1404 2017 1561 2059 Rhodii
1587 2018 1717 2059 maxi-

302 2062 358 2102 mi
379 2063 432 2104 ad
453 2064 591 2105 omnia
609 2067 805 2109 momenti
836 2069 1112 2123 habebantur,
1135 2073 1235 2129 quia
1263 2089 1344 2115 non
1375 2075 1513 2115 favere
1536 2083 1714 2127 tantum,

302 2119 374 2159 sed
408 2120 607 2175 adjuvare
643 2123 766 2165 etiam
800 2125 958 2168 viribus
988 2128 1072 2169 suis
1106 2130 1263 2172 bellum
1298 2139 1505 2187 poterant,
1537 2132 1715 2187 quadra-

301 2175 419 2230 ginta
447 2178 623 2220 navibus
643 2189 810 2223 auctore
831 2182 864 2206 ‘¹⁶
878 2185 1156 2240 Hegesilocho
1179 2187 1438 2244 comparatis.
1471 2188 1559 2244 qui,
1582 2204 1714 2245 quum

302 2231 344 2272 in
380 2248 541 2275 summo
570 2237 815 2292 magistratu
849 2249 969 2291 esset,
1002 2241 1227 2299 (Prytanin
1260 2244 1337 2301 ipsi
1370 2248 1538 2300 vocant)
1571 2245 1714 2287 multis

302 2288 531 2332 rationibus
551 2294 779 2348 pervicerat
802 2297 1004 2349 Rhodios,
1026 2308 1089 2350 ut,
1107 2300 1269 2353 omissa,
1286 2316 1412 2358 quam
1435 2317 1543 2358 saepe
1564 2318 1712 2344 vanam

842 2410 854 2428 ¹
869 2402 1062 2439 Cor-aneorum
1078 2409 1169 2441 Crev.

344 2495 384 2524 44
408 2498 599 2538 Auctoresque
624 2506 650 2529 et
677 2501 720 2530 his
745 2504 898 2540 separatim
923 2506 982 2534 sin-
1027 2505 1124 2536 multo
1151 2511 1219 2547 post
1247 2511 1375 2537 mortem
1398 2506 1455 2538 sibi
1484 2507 1711 2541 consciverunt.

297 2539 392 2578 gulis]
417 2539 517 2571 Recte
545 2541 731 2579 Gronovius,
750 2551 934 2586 auctoresque
956 2554 982 2577 et
1026 2548 1127 2578 Testis
1143 2554 1189 2579 est
1203 2549 1353 2590 Polybius
1367 2550 1493 2581 ibidem.

299 2581 353 2616 his,
377 2592 486 2624 nempe
505 2583 674 2621 Thebanis,
696 2592 723 2616 et
744 2590 897 2625 separatim
922 2591 981 2619 sin-
1069 2591 1111 2621 46
1134 2591 1332 2633 Hegesilocho]
1366 2593 1427 2624 Hic
1452 2592 1524 2623 olim
1548 2593 1709 2634 legebatur

296 2624 375 2661 gulis
391 2625 519 2656 Boeotiae
536 2626 724 2659 civitatibus.
770 2629 807 2659 Id
823 2636 854 2660 et
877 2637 980 2672 postu-
1026 2632 1171 2673 Hegesilo.
1207 2634 1301 2675 Apud
1317 2635 1427 2677 Polyb.
1444 2646 1514 2666 vero
1530 2636 1641 2678 Legat.
1655 2637 1709 2668 64.

298 2665 342 2695 lat
357 2677 475 2704 sensus,
491 2674 522 2700 et
543 2669 643 2700 firmat
658 2671 780 2713 Polybii
803 2673 981 2711 auctoritas,
1025 2677 1193 2707 vocabatur
1214 2677 1265 2707 hic
1287 2677 1370 2708 idem
1387 2678 1578 2709 Rhodiorum
1594 2679 1708 2721 magis—

299 2707 409 2747 Legat.
424 2712 476 2742 73.
1025 2723 1121 2749 tratus
1137 2719 1312 2761 Γησίλοχος.
1344 2720 1470 2751 Fulvius
1484 2721 1614 2752 Ursinus
1631 2722 1708 2753 alte-

341 2752 381 2781 45
403 2754 541 2785 Auctores
570 2757 660 2797 regioe
694 2758 834 2787 societatis
869 2760 981 2789 decreto
1024 2771 1089 2791 rum
1114 2773 1150 2792 ex
1174 2764 1270 2794 altero
1292 2764 1433 2800 correxit,
1454 2768 1487 2794 ut
1507 2764 1557 2794 hic
1578 2764 1707 2795 habere-

296 2803 347 2822 suo
367 2796 562 2839 damnarunt]
595 2800 745 2830 Ismenias
771 2811 841 2831 cum
865 2801 979 2832 Niceta
1023 2808 1071 2833 tur
1088 2804 1283 2846 Hegesilocho,
1300 2806 1382 2848 apud
1405 2807 1707 2849 Polybiunvflynm'-

297 2835 428 2874 quodam
471 2840 503 2871 in
541 2852 695 2874 efficerem
737 2844 879 2884 conjecti,
917 2856 977 2876 non
1022 2852 1125 2886 λοχος.
