1805 3174
483 121 858 160 HISTORIARUM
889 122 1097 161 LIBROS.

113 238 166 268 43,
186 238 235 264 13.
266 234 395 263 sortitur
422 232 622 270 Hispaniam,
643 233 755 269 17.]11-

113 277 204 306 betur
232 277 385 306 delectum
416 285 517 315 agere,
561 278 610 306 16.
647 276 757 306 consul

116 325 256 356 creatur,
273 325 327 357 45,
345 324 398 349 44.

76 362 123 393 Μ.
156 364 320 392 Marcellus
348 361 469 397 consul,
496 361 580 400 Epit.
611 366 679 391 108.
708 372 758 391 oc-

118 407 200 435 cisus
211 415 228 435 a
245 406 279 434 P.
297 406 401 442 Magio
414 405 538 442 Cilone,
554 408 624 433 115.

77 449 196 479 Marcia
208 450 339 487 rogatio,
357 453 411 483 42,
430 451 481 476 21.

78 493 219 521 Marcius
235 493 365 530 clipeus,
382 495 433 521 25.
451 494 503 520 39.

78 536 216 564 Marcius
232 536 342 571 saltus,
358 539 412 570 39,
430 538 482 562 20.

78 579 228 615 Marcius,
257 578 385 607 illustris
412 582 508 609 vates,
539 577 666 614 ejusque
698 587 764 606 car-

120 623 216 659 mina,
247 625 300 657 95,
323 625 372 649 19.
399 620 540 658 praedixit
568 622 762 649 Cannensem

120 665 248 696 cladem,
279 664 350 693 ibid.
381 664 511 692 alterum
550 664 616 701 ejus
657 664 765 692 vatici-

123 706 305 742 nium,ibid.

79 750 114 778 C.
153 750 321 783 Marcius,-
338 749 519 778 adolescens
557 749 691 778 consilio
737 752 768 778 ct

122 803 218 824 manu
244 797 396 832 promtus.
422 797 453 824 ⁶2.
470 793 608 829 33.ejus
635 793 767 821 maxime

121 845 216 876 opera
244 836 327 874 capti
365 835 490 870 Cozioli,
528 836 600 864 ibi-l.
637 836 707 864 inde
742 837 768 864 ci

121 889 292 915 cognomen
342 878 522 915 Coriolano,
576 879 652 909 ibid.
703 879 769 915 ejus

123 923 227 952 odium
254 924 286 951 in
303 921 499 951 tribunitiam
516 925 720 959 potestatem,
739 927 769 951 et

124 970 212 996 atrox
236 965 406 1000 sententia,
423 969 474 994 84.
492 964 540 992 die
567 966 661 1002 dicta,
686 967 772 994 dam-

126 1013 234 1044 natus,
258 1009 290 1037 in
326 1008 456 1037 Volscos
483 1008 655 1037 exsulatum
693 1010 772 1045 abit,

124 1052 282 1082 διδ-(101115
309 1051 374 1088 ejus
402 1051 439 1080 ad
468 1051 671 1089 concitandos
697 1052 772 1081 Vol-

126 1105 208 1132 scos,
224 1095 298 1124 ibid.
320 1097 349 1122 et
375 1098 428 1125 37.
452 1094 619 1132 imperator
642 1094 774 1124 Volsco-

127 1148 194 1168 rum
222 1137 347 1173 legitur,
376 1141 428 1167 39.
445 1146 492 1165 res
516 1136 582 1173 ejus
607 1141 701 1176 gestae
718 1139 771 1167 ad-

127 1190 232 1210 versus
249 1181 419 1214 Romanos,
441 1179 514 1208 ibid.
531 1181 622 1209 varim
639 1181 674 1209 ad
701 1191 772 1210 eum

127 1225 312 1264 legationes,
329 1223 405 1252 ibid.
426 1231 444 1251 a
459 1226 558 1251 matre
575 1225 690 1260 victus,
710 1224 772 1253 dis-

128 1269 210 1297 cedit
223 1277 260 1296 ex
274 1275 348 1306 agro
364 1266 519 1300 Romano,
536 1271 586 1296 40.
600 1267 666 1304 ejus
679 1277 774 1305 mors,

132 1311 206 1340 ibid.

88 1348 124 1377 C·
142 1353 295 1388 Marcius,
323 1352 468 1382 tribunus
492 1352 603 1391 plebis,
627 1353 706 1382 diem
731 1354 777 1382 di-

131 1397 174 1426 cit
199 1397 241 1428 Q..
264 1396 373 1429 Fabio,
402 1395 485 1432 quod
504 1396 623 1434 legatus
646 1397 677 1424 in
704 1398 778 1425 Gal-

131 1441 178 1470 los
207 1443 318 1469 contra
343 1438 395 1477 jus
424 1439 563 1474 gentium
595 1445 778 1479 pugnasset,

132 1486 166 1519 6,
185 1487 210 1511 1.

89 1526 125 1555 C.
144 1526 280 1555 Marcius
309 1524 450 1558 Rutilus,
468 1524 590 1561 consul,
605 1525 695 1554 victis
714 1526 778 1554 Pri-

132 1568 324 1603 vernaribus,
339 1568 527 1606 triumphat,
543 1573 576 1602 7,
597 1571 645 1598 16.
661 1569 778 1606 primus

133 1613 170 1642 de
201 1611 289 1650 plebe
320 1611 465 1643 dictator,
496 1611 586 1639 victis
622 1612 776 1649 Etruscis,

130 1656 221 1693 jussu
247 1654 366 1692 populi,
399 1654 467 1682 sine
498 1654 684 1683 auctoritate
723 1657 778 1684 Pa<

135 1704 232 1733 trum,
277 1697 463 1735 triumphat,
505 1702 537 1733 7,
575 1701 623 1728 17.
670 1700 778 1728 consul

135 1742 262 1775 iterum,
281 1744 331 1768 21.
356 1740 474 1778 primus
491 1741 526 1769 de
550 1740 638 1778 plebe
658 1750 778 1775 censor,

137 1789 189 1815 22.
225 1784 353 1812 tertium
385 1783 507 1820 consul,
547 1788 597 1812 28.
635 1789 780 1822 quartum

137 1827 260 1862 consul,
291 1826 515 1863 conjurationis
542 1827 685 1856 militaris
701 1828 780 1857 vires

138 1876 204 1900 arte
221 1871 336 1909 spargit
352 1874 384 1898 et
397 1870 538 1908 dissipat,
556 1874 607 1899 88.
622 1874 649 1899 e!
664 1875 716 1901 39.

94 1911 129 1940 C.
145 1914 294 1946 Marcius,
309 1912 456 1941 tribunus
470 1913 581 1951 plebis,
598 1918 630 1949 9,
644 1918 695 1942 30.

98 1957 133 1984 C.
149 1956 300 1992 Marcius,
315 1965 414 1994 augur
430 1961 565 1992 creatus,
586 1961 634 1990 10,
653 1961 682 1986 9.

98 1999 135 2027 C.
151 1999 288 2030 Marcius
316 1999 456 2035 Rutilus,
473 1999 594 2034 consul,
612 2003 645 2034 9,
662 2004 712 2028 33,
731 2009 781 2028 ca.-

139 2043 188 2082 pit
202 2040 313 2071 Allifas
328 2042 364 2070 de
380 2042 583 2079 Samnitibus,
605 2047 656 2072 38.
674 2043 784 2072 vulne-

141 2090 228 2115 ratur
256 2085 289 2113 in
321 2085 431 2122 proelio
469 2095 538 2114 cum
576 2086 782 2122 Samnitibus,

143 2129 215 2158 ibid.
231 2128 384 2166 pontifex,
402 2131 534 2165 creatur,
563 2132 611 2163 10,
629 2133 659 2160 9.
676 2138 784 2158 censor

143 2170 278 2201 lustrum
295 2171 419 2207 condit,
437 2175 488 2202 47.

99 2214 134 2243 C.
159 2214 296 2244 Marcius
323 2214 466 2252 Figulus,
502 2217 622 2243 creatus
661 2218 786 2253 praetor,

143 2262 199 2291 43,
219 2261 266 2286 13.
283 2257 414 2286 sortitur
437 2258 577 2291 classem,
605 2261 654 2288 17.
669 2257 787 2297 trajicit

144 2301 177 2330 in
193 2300 355 2336 Graeciam,
390 2304 445 2332 44.
486 2304 510 2328 1.
549 2309 617 2329 cum
636 2302 731 2331 classe
754 2302 785 2330 iu

144 2343 361 2373 Macedoniam
385 2343 559 2377 contendit,
578 2348 606 2372 2.
652 2345 786 2374 Thessa-

143 2387 276 2416 lonicam
289 2386 405 2415 frustra
420 2391 592 2425 oppugnat,
612 2390 659 2415 10.

102 2431 136 2459 L.
153 2429 303 2465 Marcius,
330 2438 422 2467 eques
448 2431 619 2464 Romanus,
636 2430 789 2468 Scipioni-

146 2473 203 2502 bus
219 2472 341 2508 occisis,
358 2473 419 2501 dux
435 2481 453 2501 a
468 2473 618 2501 militibus
645 2473 786 2512 eligitur,

148 2519 201 2551 25,
215 2519 266 2546 87.
282 2515 426 2544 hortatur
441 2525 513 2545 suos
530 2516 567 2544 ad
583 2518 792 2554 oppugnanda

147 2558 285 2587 hostium
302 2561 414 2595 castra,
430 2563 483 2588 38.
504 2559 578 2588 bina
605 2563 705 2588 castra
720 2560 794 2589 hos-

148 2601 227 2629 tium
255 2602 350 2639 capit.
381 2605 434 2632 39.
464 2602 589 2631 flamma
613 2603 640 2632 ei
668 2604 792 2633 concio-

148 2643 240 2672 nanti
262 2644 330 2672 fusa
345 2643 458 2673 dicitur
472 2655 488 2674 e
504 2645 617 2684 capite,
634 2645 707 2675 ibid.

192 2685 329 2714 scribens
355 2689 490 2721 senatui,
516 2698 550 2716 se
572 2693 790 2726 propraetorem

150 2732 325 2766 nuncupat,
363 2730 446 2759 unde
485 2731 654 2760 multorum
697 2732 792 2761 offen-

149 2772 268 2800 duntur
294 2771 402 2808 animi,
440 2776 493 2810 26,
533 2778 561 2802 2.
597 2783 615 2803 a
650 2775 793 2814 Scipione

151 2824 264 2849 magno
290 2815 322 2843 in
356 2815 472 2844 honore
501 2817 645 2854 habetur,
682 2823 729 2849 19.
756 2820 793 2848 ad

150 2858 393 2896 oppugnandum
424 2860 626 2889 Castulonem
644 2862 792 2897 mittitur,

1415 129 1488 167 363

844 239 897 269 Ως,
927 237 974 263 19.
1005 233 1092 271 capit
1117 234 1265 272 Astapam
1293 237 1412 273 urbem,
1439 245 1491 270 22.

844 277 907 305 v'd.
925 281 954 305 ct
970 280 1021 305 34.
1039 281 1068 305 ει
1086 280 1136 305 55.
1154 280 1251 311 (³132,
1268 283 1297 308 2.

802 321 846 349 M.
879 320 1029 354 Marcius,
1062 329 1112 349 rex
1139 328 1308 359 sacrorum,
1349 326 1492 363 moritur,

846 367 899 396 27,
917 365 947 391 6.

804 406 1015 439 M.Marcius,
1043 406 1189 436 tribunus
1217 408 1355 438 militum
1383 420 1494 441 secun-

846 450 891 478 dae
924 449 1069 486 legionis,
1094 450 1279 480 interf-icitur
1316 453 1346 481 in
1385 457 1496 493 pru-lio

853 502 922 521 cum
940 492 1041 528 Boiis,
1056 496 1111 527 35,
1128 498 1155 522 5.

806 535 852 564 Μ.
871 535 1006 563 Marcius
1034 536 1133 570 Ralla,
1160 540 1279 566 creatus
1295 542 1421 576 pra-tor,
1444 546 1497 578 (39,

854 583 901 608 ll.
919 579 1309 615 sortiturjurisdictioneui
1332 584 1496 621 urbanam,

854 626 900 650 13.
941 631 1009 650 cum
1042 622 1151 660 legatis
1187 624 1497 663 Carthaginiensibus

850 664 991 693 mittitur
1007 674 1024 693 a
1047 666 1190 703 Scipione
1208 667 1352 704 Romam,
1370 674 1426 706 30,
1445 676 1497 700 38.

810 708 856 736 M.
882 708 1016 736 Marcius
1049 708 1167 746 Sermo,
1205 710 1350 740 tribunus
1387 713 1498 752 plebis,

854 754 909 787 ιη,
925 754 976 780 21.

811 794 915 823 Numa
928 794 1077 830 Marcius,
1094 795 1191 824 Marci
1206 797 1239 826 F.
1251 798 1389 834 pontifex
1401 808 1419 828 a
1431 800 1500 828 Nu-

855 847 905 866 ma
915 837 1069 875 Pompilio
1079 848 1115 866 ex
1128 839 1270 868 Patribus
1280 839 1391 876 lectus,
1407 846 1435 880 l,
1448 847 1500 873 ΩΟ.

813 881 847 908 P.
868 880 1005 908 Marcius
1022 881 1101 916 Rex,
1116 881 1245 917 legatus,
1263 888 1316 917 43,
1338 889 1364 913 l.

814 922 853 954 Q.
880 923 1016 952 Marcius
1041 924 1206 953 Tremulus
1231 928 1338 955 consul
1366 935 1499 965 crca'ur,

858 970 888 999 9,
913 970 963 994 42.
988 966 1055 1003 ejus
1080 977 1125 996 res
1164 971 1281 1006 egregie
1306 975 1413 1009 gestoe,
1451 977 1502 1001 43.

858 1009 1044 1048 triumphat,
1072 1011 1144 1039 ibid.
1172 1013 1198 1040 ei
1224 1019 1327 1042 statua
1351 1016 1503 1053 equestris

859 1052 890 1080 in
910 1052 978 1081 foro
1006 1056 1079 1081 aute
1106 1055 1256 1092 templum
1286 1058 1424 1086 Castoris
1451 1059 1502 1087 de-

859 1098 953 1128 creta,
970 1096 1015 1124 ibi
1024 1095 1045 1125 I.

817 1136 857 1168 Q·
878 1138 1016 1167 Marcius
1047 1139 1206 1178 Philippus
1233 1145 1354 1171 creatur
1380 1146 1505 1181 praetor,

860 1185 891 1210 et
908 1181 1037 1210 sortitur
1061 1182 1209 1219 Siciliam,
1225 1189 1280 1221 38,
1306 1189 1358 1214 35.
1384 1188 1506 1221 consul,

861 1229 915 1259 39,
942 1227 971 1253 6.
995 1225 1021 1253 ei
1047 1229 1077 1254 et
1094 1226 1218 1264 collegae
1243 1229 1408 1258 mandatur
1424 1240 1506 1268 quoe-

862 1268 922 1297 stio
938 1269 974 1296 de
990 1268 1252 1307 Bacchanalibus,
1275 1275 1321 1300 14.
1338 1276 1408 1310 post
1424 1283 1509 1311 qua:-

862 1311 980 1340 siiones
996 1312 1145 1349 perfectas
1161 1314 1193 1342 in
1210 1314 1341 1353 Ligures
1357 1317 1507 1354 Apuanos

864 1354 1082 1392 proficiscitur,
1122 1360 1174 1385 20.
1218 1358 1462 1388 circumvenitur
1490 1369 1509 1388 a

864 1397 1042 1435 Liguribus,
1059 1398 1130 1426 ibid.
1149 1400 1187 1428 ab
1208 1400 1273 1437 ejus
1298 1403 1424 1431 nomine
1449 1404 1507 1431 sal-

864 1444 915 1468 tus
934 1441 1068 1469 Marcius
1092 1443 1277 1480 appellatus,
1301 1445 1373 1474 i'id.
1388 1446 1509 1484 legatus

865 1483 903 1512 ad
919 1492 966 1511 res
983 1484 1174 1513 Macedoniae
1196 1487 1384 1525 Groeciaeque
1407 1490 1508 1518 visen-

866 1526 932 1562 dus,
953 1531 1007 1562 39,
1032 1532 1084 1556 48.
1111 1532 1165 1564 40,
1191 1534 1219 1557 Q.
1241 1533 1268 1558 et
1295 1534 1324 1559 3.
1357 1532 1510 1561 decemvir

867 1578 1040 1606 sacrorum,
1069 1575 1122 1599 42.
1153 1572 1272 1611 legatus
1298 1573 1329 1602 in
1354 1574 1506 1604 Graeciam

869 1613 1022 1649 mittitur,
1059 1617 1180 1649 4e‚37.
1219 1616 1287 1653 ejus
1320 1617 1508 1655 colloquium

867 1655 949 1693 petit
985 1657 1122 1690 Perseus,
1159 1662 1211 1687 38.
1255 1662 1512 1698 congrediuntur,

866 1704 1060 1736 transgresso
1096 1709 1218 1730 amnem
1257 1702 1378 1735 Perseo.
1403 1705 1456 1740 qui
1482 1709 1513 1734 ct

867 1742 988 1771 obsides
1013 1742 1110 1780 dedit,
1135 1748 1186 1774 39.
1211 1745 1321 1774 Marcii
1347 1748 1383 1775 ad
1410 1757 1512 1786 regem

867 1786 980 1821 oratio,
996 1789 1046 1813 40.
1065 1787 1227 1824 persuadet
1244 1789 1365 1826 Perseo,
1390 1794 1426 1819 ut
1442 1793 1513 1820 mit-

868 1831 917 1856 tat
948 1828 1066 1866 legatos
1093 1830 1239 1868 Romam,
1272 1836 1325 1862 43.
1355 1834 1434 1862 redit
1450 1835 1513 1863 Ro-

869 1880 963 1907 mam,
980 1876 1032 1901 44.
1048 1873 1211 1911 gloriatur,
1232 1875 1361 1913 decepto
1386 1886 1440 1915 per
1466 1878 1515 1906 in-

868 1915 974 1943 ducias
1009 1919 1040 1943 et
1074 1925 1158 1953 spem
1193 1918 1276 1955 pacis
1307 1928 1397 1954 rege:
1432 1922 1514 1958 quod

870 1958 994 1996 quidem
1015 1959 1151 1987 seniores
1168 1961 1292 1990 Patrum
1317 1963 1516 1993 vehementer

870 2001 1062 2039 improbant,
1096 2006 1148 2033 47.
1176 2005 1286 2033 consul
1316 2005 1439 2040 iterum,
1463 2012 1516 2041 43,

875 2048 924 2073 13.
939 2044 1055 2080 trajicit
1073 2045 1104 2073 in
1129 2046 1294 2083 Graeciam,
1317 2053 1371 2085 44,
1394 2054 1422 2078 1.
1447 2050 1514 2087 ejus

871 2087 909 2115 ad
926 2087 1038 2116 milites
1065 2088 1177 2123 oratio,
1195 2090 1270 2118 ibid.
1297 2094 1458 2122 contendit
1482 2095 1513 2123 in

873 2131 1104 2167 Macedoniam,
1119 2135 1146 2159 2.
1161 2137 1192 2161 et
1206 2142 1284 2172 scqq.
1304 2135 1400 2164 Dium
1418 2137 1517 2173 venit,

873 2178 902 2204 7.
929 2173 1050 2202 laborat
1078 2175 1197 2212 inopia,
1223 2177 1297 2205 ibid.
1324 2178 1391 2215 ejus
1418 2179 1515 2209 literoe

873 2226 910 2245 ex
927 2217 1113 2246 Macedonia
1124 2218 1254 2248 Romam
1271 2220 1384 2255 missae,
1405 2225 1452 2251 16.

832 2261 871 2293 Q.
904 2260 1053 2293 Marcius,
1084 2261 1194 2291 Marcii
1221 2263 1355 2302 Philippi
1382 2266 1518 2295 consulis

875 2302 970 2339 filius,
989 2307 1042 2336 44,
1059 2307 1091 2332 3.

833 2347 872 2379 Q.
890 2346 1027 2374 Marcius
1045 2346 1143 2383 Ralla,
1169 2348 1314 2377 duumvir
1335 2349 1452 2379 aedibus
1468 2351 1520 2380 dc-

878 2389 1093 2424 dicandis,34,
1111 2393 1161 2419 53.
1174 2394 1228 2427 35,
1245 2396 1296 2420 41.

835 2431 874 2463 Q.
894 2432 1030 2461 Marcius
1045 2432 1122 2469 Rex,
1138 2434 1283 2463 tribunus
1299 2435 1520 2473 plebis,33‚25.

837 2475 878 2507 Q.
909 2475 1046 2504 Marcius
1077 2476 1190 2514 Scylla,
1227 2478 1373 2507 tribunus
1409 2480 1519 2518 plebis,

878 2522 933 2550 42,
949 2522 1000 2548 21.

836 2562 873 2590 ad
901 2562 1053 2590 Marcium
1083 2562 1180 2598 locus,
1206 2572 1270 2593 non
1296 2564 1402 2603 proeul
1426 2573 1443 2592 a
1462 2565 1520 2594 La-

880 2605 987 2641 nuvio,
1000 2607 1032 2643 6,
1051 2609 1080 2634 2.

837 2648 1017 2685 Marcolica,
1035 2648 1148 2677 nobilis
1170 2648 1243 2677 urbs
1274 2648 1447 2686 Hispaniae,
1471 2659 1520 2679 ca-

879 2691 964 2729 pitur
979 2691 1018 2719 ab
1035 2691 1078 2719 Μ.
1091 2691 1248 2722 Marcello.
1266 2695 1318 2725 45,
1336 2696 1366 2720 4.

837 2734 925 2763 Mare
950 2734 1159 2769 Adriaticum,
1185 2737 1216 2769 5,
1238 2736 1289 2762 33.
1324 2738 1376 2771 ll,
1393 2738 1444 2766 23.
1468 2740 1521 2772 40,

882 2781 932 2805 ⁶21.
951 2781 1004 2813 44,
1019 2781 1070 2805 31.
1084 2779 1207 2811 45,14.

859 2836 902 2843 —-
917 2821 1127 2857 AEgeuu1,36‚
1143 2821 1193 2846 43.
1212 2822 1264 2853 44,
1283 2823 1331 2848 528.

860 2863 1096 2898 -Etruscum,
1113 2865 1165 2895 40,
1183 2864 1232 2889 41.
