1826 3149
139 241 175 271 U.
190 240 227 271 C.
241 240 314 270 584.

133 284 172 314 A.
187 283 225 315 C.
243 283 314 315 168.

349 127 421 161 146
873 124 1014 163 ΤΙΤΙ
1058 125 1227 164 LIVII

346 248 442 274 cum
482 233 655 276 dimidia
693 234 906 290 copiarum
945 244 1065 291 parte
1111 235 1361 277 denunciare
1410 249 1485 291 per
1532 233 1644 275 vicos
1693 249 1762 276 ur-

346 290 516 346 besque,
552 306 650 347 quae
689 292 768 332 viae
806 291 1056 347 propinquae
1097 301 1207 342 sunt,
1241 292 1383 348 coepit,
1420 299 1469 333 ut
1508 299 1763 332 commeatus

346 347 604 403 expedirent,
630 348 844 398 frumenti,
881 348 981 398 vini,
1020 364 1218 405 pecorum
1258 358 1307 391 ut
1351 349 1469 404 copia
1508 356 1625 390 esset.
1675 348 1763 404 ipse

347 419 489 459 equos,
511 404 800 460 phalerasque,
828 412 868 446 et
900 405 1058 461 sagula,
1090 406 1247 447 donum
1278 405 1538 462 principibus
1567 405 1690 455 ferre,
1721 413 1763 446 et

345 476 493 516 parum
516 461 621 510 auri,
645 462 760 517 quod
781 461 889 503 inter
913 476 1069 517 paucos
1099 462 1320 512 divideret,
1342 461 1658 504 multitudinem
1678 476 1764 502 cre-

347 517 448 558 dens
478 518 585 558 trahi
618 533 689 573 spe
719 533 850 574 posse.
912 519 985 559 Ad
1015 519 1049 543 ‘³9
1062 519 1286 560 Almanam
1317 519 1465 560 urbem
1494 518 1700 575 pervenit,
1721 526 1763 559 et

347 574 388 614 in
418 574 509 629 ripa
538 574 721 615 fluminis
752 575 854 615 Axii
885 576 1026 631 posuit
1056 585 1203 618 castra.
1236 576 1344 617 circa
1376 575 1409 599 4³
1422 576 1693 616 Desudabam
1720 574 1763 615 in

349 631 533 671 Maedica
562 632 769 673 exercitus
801 632 1020 674 Gallorum
1051 634 1307 683 consederat,
1339 633 1569 673 mercedem
1600 640 1764 688 pactam

346 687 575 743 opperiens.
637 689 703 729 Eo
722 689 852 730 mittit
875 690 1155 745 Antigonum,
1178 706 1229 731 ex
1250 689 1495 746 purpuratis
1522 704 1669 738 unum,
1691 688 1765 744 qui

340 745 524 799 juberet,
558 745 873 787 multitudinem
908 747 1127 789 Gallorum
1160 748 1213 788 ad
1249 747 1454 803 Bylazora
1496 746 1699 798 (Paeoniae
1731 745 1765 785 is

346 801 459 842 locus
480 804 561 856 est)
599 811 733 844 castra
752 818 931 852 movere,
960 804 1166 860 principes
1196 805 1250 845 ad
1285 819 1327 845 se
1347 803 1487 845 venire
1510 803 1764 859 frequenteS.

344 857 377 880 44
390 859 656 915 septuaginta
676 859 863 915 quinque
884 860 1013 901 millia
1032 862 1085 902 ab
1107 861 1221 902 Axio
1241 860 1412 902 flumine
1432 868 1473 902 et
1494 860 1639 901 castris
1658 859 1768 915 regis

344 915 529 956 aberant.
592 917 700 958 Haec
736 916 935 958 mandata
969 918 1023 959 ad
1053 934 1121 959 eos
1152 933 1285 974 quum
1315 917 1554 973 pertulisset
1585 916 1765 972 Antigo-

344 987 437 1022 nus,
460 972 775 1029 adjecissetque,
798 989 872 1029 per
894 974 1002 1015 viam
1024 983 1184 1031 quanta
1203 974 1388 1015 omnium
1409 982 1646 1030 praeparata
1665 988 1766 1014 cura

344 1028 453 1084 regis
474 1029 593 1085 copia
622 1030 887 1071 multitudini
917 1031 1040 1082 foret,
1072 1028 1312 1088 quibusque
1341 1030 1584 1072 muneribus
1613 1029 1764 1086 princi-

343 1100 416 1140 pes
436 1085 716 1136 advenientes,
738 1087 879 1138 vestis,
900 1088 1076 1143 argenti,
1099 1103 1389 1144 equorumque
1416 1095 1669 1143 excepturus
1689 1102 1763 1128 rex

343 1150 463 1192 esset,
486 1142 537 1183 de
558 1142 622 1183 his
642 1143 813 1199 quidem
836 1159 877 1184 se
905 1160 1042 1185 coram
1072 1145 1313 1201 cognituros
1342 1144 1606 1201 respondent.
1638 1143 1760 1194 illud,

337 1198 459 1254 'quod
498 1215 680 1255 praesens
730 1200 999 1256 pepigissent,
1040 1201 1314 1258 interrogant,
1355 1201 1387 1226 ‘¹⁵
1403 1201 1555 1257 ecquid
1595 1216 1761 1251 aurum,

342 1255 458 1310 quod
487 1256 529 1297 in
560 1256 745 1312 singulos
774 1257 936 1313 pedites
966 1259 1212 1314 equitesque
1242 1259 1515 1300 dividendum
1549 1266 1670 1309 esset,
1703 1273 1762 1299 se-

340 1328 436 1353 cum
467 1313 741 1355 adduxisset?
775 1315 916 1364 Quum
946 1315 1000 1356 ad
1030 1315 1073 1357 id
1103 1316 1206 1357 nihil
1230 1316 1566 1372 responderetur,
1591 1314 1761 1356 Clondi-

340 1384 413 1410 cus
444 1369 617 1425 regulus
648 1386 807 1421 eorum,
830 1371 927 1422 Abi,
948 1375 1143 1413 renuncia
1178 1388 1287 1426 ergo,
1318 1373 1469 1428 inquit,
1504 1373 1606 1426 regi,
1637 1371 1764 1412 ‘¹⁶nisi

339 1440 482 1466 aurum
511 1427 741 1481 obsidesque
774 1430 1031 1482 accepissent,
1064 1445 1254 1484 nusquam
1291 1431 1386 1470 inde
1424 1430 1567 1470 Gallos
1600 1430 1761 1483 longius

339 1484 552 1537 vestigium
573 1491 759 1526 moturos.
820 1486 927 1527 Haec
948 1486 1079 1528 relata
1105 1487 1192 1543 regi
1224 1502 1355 1543 quum
1387 1494 1536 1535 essent,
1558 1486 1762 1534 advocato

338 1540 522 1590 consilio,
545 1557 692 1597 quum,
721 1541 825 1597 quid
854 1559 995 1585 omnes
1025 1545 1187 1585 suasuri
1218 1552 1368 1593 essent,
1399 1543 1632 1599 adpareret,
1654 1542 1758 1598 ipse,

338 1597 540 1652 pecuniae,
574 1614 701 1653 quam
734 1599 866 1654 regni,
888 1600 1033 1641 melior
1068 1608 1221 1650 custos,
1244 1600 1395 1642 institit
1428 1600 1480 1640 de
1512 1599 1687 1656 perfidia
1718 1608 1759 1640 et

338 1654 503 1695 feritate
541 1655 762 1696 Gallorum
797 1655 1007 1697 disserere.
1071 1658 1293 1698 Multorum
1314 1657 1408 1710 jam
1444 1664 1540 1697 ante
1578 1657 1761 1697 cladibus

337 1717 557 1763 expertum,
572 1713 840 1764 periculosum
870 1728 963 1763 esse,
985 1720 1148 1754 tantam.
1172 1715 1466 1754 multitudinem
1498 1715 1541 1754 in
1565 1714 1761 1754 Macedo-

336 1769 446 1807 niam
477 1770 673 1821 accipere,
706 1783 755 1809 ne
778 1772 992 1824 graviores
1021 1785 1085 1811 eos
1111 1773 1236 1812 socios
1264 1771 1454 1820 habeant,
1483 1785 1600 1824 quam
1630 1771 1760 1812 hostes

336 1824 555 1866 Romanos.
620 1825 809 1880 Quinque
838 1829 970 1867 millia
1001 1829 1172 1881 equitum
1209 1835 1275 1869 sat
1313 1843 1406 1876 esse,
1448 1827 1589 1881 quibus
1623 1834 1663 1868 et
1696 1829 1760 1869 uti

336 1882 394 1921 ad
412 1882 552 1922 bellum
563 1890 738 1934 possent,
762 1891 800 1923 et
821 1899 984 1938 quorum
1006 1887 1299 1926 multitudinem
1322 1886 1402 1938 ipsi
1423 1899 1502 1924 non
1517 1886 1700 1926 timeant.

395 1939 600 1980 XXVII.
632 1939 919 1996 ‘¹7Adparebat
950 1941 992 1982 in
1024 1942 1230 1993 omnibus,
1257 1942 1488 1984 mercedem
1519 1942 1757 1983 multitudi-

335 1994 398 2035 nis
419 1995 578 2046 timere,
605 2011 679 2037 nec
705 1997 938 2054 quidquam
964 1998 1103 2040 aliud:
1137 2000 1223 2049 sed,
1251 2015 1384 2055 quum
1411 1999 1584 2040 suadere
1610 2014 1756 2040 consu-

334 2050 434 2093 lenti
475 2067 596 2093 nemo
630 2054 818 2104 auderet,
852 2054 1080 2097 remittitur
1120 2056 1377 2112 Antigonus,
1411 2055 1485 2112 qui
1524 2055 1754 2106 nunciaret,

1104 2208 1146 2236 44
1172 2207 1367 2248 Septuaginta
1381 2208 1506 2247 quinque
1526 2208 1637 2249 millia]
1673 2208 1754 2238 Leu—

1061 2260 1113 2280 cas
1129 2255 1279 2281 nostrates
1294 2251 1346 2281 25.

1105 2293 1146 2323 45
1171 2293 1284 2333 Ecquid
1306 2303 1414 2322 aarum
1438 2315 1446 2323 .
1470 2314 1478 2322 .
1502 2315 1511 2324 .
1533 2314 1542 2322 .
1570 2293 1750 2333 addua-isset]

377 2203 417 2232 42
440 2204 611 2245 Almanam]
643 2206 740 2236 Jubet
767 2205 828 2247 legi
854 2206 1018 2237 Turnebus

334 2246 487 2281 Albanam,
505 2252 535 2277 et
564 2247 693 2289 intelligi
722 2259 791 2279 eam
814 2249 921 2279 urbem
948 2260 1017 2290 quae

333 2298 352 2317 a
380 2288 547 2319 Ptolemaeo
573 2297 700 2321 vocatur
723 2292 904 2330 Albanopalis
927 2292 959 2321 in
982 2292 1017 2321 fi-

333 2330 422 2360 nibus
450 2332 656 2363 Macedoniae.
703 2333 840 2364 Ortelius
867 2345 928 2364 non
950 2345 1019 2376 pro-

331 2373 387 2402 bat
422 2373 502 2404 hanc
537 2375 673 2406 Turnebi
715 2376 935 2417 conjecturam,
971 2388 1018 2408 re-

332 2415 497 2456 scribitque
527 2418 686 2452 Almonem.
712 2419 860 2460 oppidum
886 2420 1017 2450 Thessa—

331 2457 381 2487 liae
419 2458 519 2489 Plinio
555 2467 756 2491 memoratum
793 2461 814 2492 l.
844 2462 904 2492 IV.
933 2472 960 2491 c.
987 2463 1018 2493 8.

334 2500 465 2541 Utrique
482 2500 553 2531 huic
571 2503 779 2534 emendationi
801 2514 910 2544 parum
932 2504 1018 2535 vide-

331 2548 380 2573 tur
417 2543 578 2575 convenire
616 2556 686 2576 cum
724 2547 860 2577 locorum
898 2546 958 2577 situ
988 2553 1020 2578 et

331 2585 412 2616 Axio
427 2587 565 2617 flumine.

373 2629 414 2659 43
439 2629 637 2671 Desudabam]
683 2631 752 2662 Hoc
796 2641 909 2662 nomen
954 2642 1015 2662 non

330 2670 481 2702 immerito
496 2680 670 2714 suspectum
686 2680 733 2704 est
754 2675 774 2703 J
778 2684 822 2703 ac.
849 2674 1015 2710 Gmnovio,

330 2713 383 2753 qui
419 2721 518 2745 mutat
554 2715 631 2747 illud
664 2715 695 2745 in
734 2717 900 2748 AEsimam:
945 2727 1016 2758 quae

330 2757 401 2785 urbs
423 2757 478 2787 etsi
503 2757 619 2789 Edonis
640 2758 733 2800 vulgo
755 2759 943 2794 attribuitur,
967 2760 1012 2789 ni—

328 2797 371 2827 hil
394 2805 498 2830 tamen
527 2808 611 2832 vetat
632 2812 701 2832 eam
733 2801 899 2842 aliquando
924 2801 1012 2832 habi-

327 2845 390 2888 tam
406 2842 498 2873 fuisse
513 2844 619 2875 finium
638 2844 792 2879 Maedicae,
810 2854 879 2885 quae
896 2844 1013 2875 Edonis

329 2893 427 2915 vnclna
441 2891 497 2916 est.
971 2902 973 2904 ·

1064 2335 1169 2376 Magis
1184 2336 1331 2377 placeret,
1349 2334 1431 2376 quod
1456 2335 1630 2366 Gronovius
1652 2335 1748 2377 subji-

1063 2378 1125 2408 cit:
1149 2380 1313 2409 advenisset.

1106 2421 1147 2450 46
1172 2421 1238 2451 Nisi
1259 2431 1367 2450 aarum
1390 2442 1398 2450 .
1421 2442 1430 2450 .
1453 2421 1641 2462 accepissent]
1666 2421 1750 2462 Lege

1062 2474 1132 2494 cum
1149 2463 1256 2494 eodem
1274 2463 1429 2493 Gronovio
1447 2465 1621 2501 acceperint.

1103 2507 1143 2536 47
1168 2507 1331 2545 Apparebat
1347 2507 1376 2535 in
1398 2506 1543 2546 omnibus]
1578 2506 1659 2537 Dele
1682 2505 1748 2537 sine

1061 2548 1126 2578 ulla
1155 2548 1346 2579 dubitanone
1375 2548 1637 2589 praepositionem.
1681 2548 1746 2590 Ap-

1058 2592 1188 2632 parebat
1215 2591 1357 2621 omnibus
1386 2590 1423 2620 iis
1460 2591 1512 2632 qui
1548 2591 1581 2621 in
1619 2591 1747 2622 consilio

1059 2640 1158 2672 erant,
1189 2633 1366 2664 simulatum
1397 2644 1462 2664 esse
1488 2633 1576 2664 illum
1604 2634 1745 2664 timorem

1061 2686 1154 2716 quem
1186 2675 1352 2716 jactitabat
1387 2677 1539 2707 Perseus:
1575 2687 1632 2708 nec
1656 2676 1746 2718 quid-

1061 2728 1155 2759 quam
1178 2718 1261 2749 aliud
1289 2730 1359 2749 eum
1381 2729 1399 2749 a
1414 2719 1612 2750 multitudine
1627 2719 1746 2754 timere,

1057 2771 1150 2801 quam
1174 2761 1418 2801 magnitudinem
1448 2762 1587 2803 pecuniae
1614 2772 1683 2802 quae
1710 2761 1744 2792 in

1056 2803 1122 2844 ejus
1144 2803 1349 2835 multitudinis
1372 2805 1559 2847 stipendium
1587 2803 1743 2846 eroganda

1055 2852 1144 2877 esset.
