1816 3159
305 72 381 110 306

489 155 499 166 Q

348 182 405 218 git,
425 185 458 217 2,
480 182 525 209 16.
544 180 580 209 iis
604 180 694 210 datur
717 180 826 210 civitas
850 183 879 209 et
903 174 990 209 trans

348 224 502 253 Anienem
514 233 600 262 ager,
613 224 691 261 ibid.¹
703 225 783 253 inter
798 224 904 252 Patres
915 223 993 261 legi-

347 270 414 302 tur,
426 268 497 296 ibid.
509 268 631 299 consul,
645 271 695 297 21.
707 268 738 295 in
749 265 814 306 ejus
825 267 991 296 consulatu

349 310 462 347 turbae,
480 315 532 339 23.
548 314 575 338 ct
591 320 668 348 srqq.
685 311 750 346 ejus
775 310 933 339 sententia
955 310 992 338 de

348 355 499 383 dictatore
524 354 669 390 creando,
688 357 740 384 29.
760 356 786 380 et
809 357 861 381 30.
884 358 993 381 auctor

348 401 396 426 est
412 397 614 426 dissolvendae
631 396 796 434 potestatis
820 395 992 425 tribunitia:

349 450 402 479 per
417 440 684 475 intercessionem,
701 444 754 468 44.

309 485 366 523 ΑΡ.
385 484 532 513 Claudius
556 484 675 515 consul,
694 483 826 511 infectus
849 482 943 521 plebi.
960 487 993 516 2,

349 529 400 557 56.
417 531 504 555 atrox
519 526 585 562 ejus
602 530 759 555 certamen
777 526 922 555 adversus
939 527 994 554 tri-

348 571 449 599 bunos
460 571 495 598 de
507 569 739 607 magistratibus
749 570 992 607 plebeiis,tribu-

349 615 390 642 tis
408 613 541 641 comitiis
554 614 705 645 creandis.
719 612 793 642 ibid.
809 613 947 641 mittitur
961 613 993 642 in

347 657 490 692 Volscos,
515 659 564 684 58.
589 657 756 685 exercitum
782 657 990 694 nequidquam

348 701 471 728 domare
485 702 600 733 tentat,
614 700 688 729 ibid.
704 700 784 728 vinci
801 700 911 729 volunt
924 700 991 736 ejus

346 743 527 778 milites‚59.
539 743 571 770 in
582 744 750 772 exercitum
761 743 993 779 animadvertit,

348 785 421 814 ibid.
435 786 463 814 ei
480 786 544 814 dies
558 786 683 822 dicitur,
698 789 750 815 61.
764 787 991 820 rnoritur‚2‘bid.

306 831 370 866 Ap.
389 829 538 857 Claudius
564 833 684 858 creatur
708 830 873 862 decemvir,
890 835 924 865 3,
941 834 993 859 33.

343 872 409 908 ejus
423 872 566 908 ambitio,
580 877 629 901 35.
643 873 802 905 violentia,
813 876 864 902 36.
879 873 990 909 libido,

346 919 398 944 44.
415 916 482 944 foro
499 916 637 953 pellitur,
653 921 704 947 49.
723 916 845 945 abdicat
869 917 989 945 decem-

346 959 497 995 viratum,
514 963 565 988 54.
583 959 609 988 ci
635 959 699 988 dies
724 960 848 993 (licitur.
868 962 917 988 56.
934 960 992 988 du·

347 1003 428 1030 citur
441 1003 472 1031 in
487 1011 651 1039 carcerem,
663 1007 713 1033 57.
726 1003 784 1032 sibi
799 1013 904 1032 necem
918 1012 991 1032 con-

348 1045 464 1079 sciscit,
484 1049 534 1074 58.

306 1090 364 1126 Ap.
380 1088 541 1125 Claudius,
555 1088 636 1117 filius
655 1089 831 1125 decemviri,
845 1090 991 1118 tribunus

347 1132 496 1167 militum,
514 1137 544 1164 4,
561 1136 612 1160 35.
630 1140 648 1159 a
663 1132 789 1167 collegis
805 1133 992 1171 relinquitur

346 1176 510 1212 praefectus
527 1175 626 1209 urbis,
644 1177 695 1203 36.

305 1218 366 1256 Ap.
386 1219 548 1253 Claudius,
566 1227 659 1256 nepos
680 1218 855 1252 decemviri,
873 1219 991 1247 avitum

347 1261 512 1290 consilium
527 1262 563 1289 de
579 1261 834 1290 intercessoribus
848 1263 992 1300 parandis

350 1304 455 1340 refert,
471 1308 504 1338 4,
522 1309 572 1332 48.
593 1305 738 1334 tribunus
761 1306 895 1334 militum
920 1315 993 1334 cou-

348 1348 442 1375 sulari
458 1350 625 1385 potestate,
644 1352 675 1383 5,
696 1353 722 1378 1.
738 1349 804 1385 ejus
821 1349 920 1378 oratio
937 1358 992 1387 pro

348 1390 557 1419 hibernaculis
575 1391 611 1418 ad
624 1391 729 1426 Veios,
745 1396 773 1420 3.
788 1394 814 1419 cl
830 1401 909 1431 seqq.
925 1392 992 1429 ejus

347 1434 506 1462 sententia
521 1434 557 1462 de
574 1435 676 1471 praeda
692 1434 854 1471 Veiorum,
874 1440 925 1465 20.

306 1479 367 1515 Ap.
385 1476 546 1506 Claudius.
566 1486 660 1515 nepos
678 1478 856 1514 decemviri,
872 1479 992 1507 dissua-

347 1521 399 1549 det
410 1521 507 1559 legem
518 1521 555 1549 de
567 1521 733 1550 consulatu
748 1521 878 1559 plebeio,
892 1524 924 1558 6,
941 1526 992 1550 40·

347 1564 493 1597 dictator,
512 1568 543 1600 7,
561 1567 590 1592 6.
615 1565 735 1600 consul,
753 1565 785 1593 in
809 1565 876 1603 ipso
899 1574 994 1604 appa-

348 1610 418 1636 ratu
435 1607 507 1636 belli
524 1607 667 1644 moritur,
686 1612 735 1636 25.

305 1651 366 1689 Ap.
384 1650 545 1686 Claudius,
562 1659 682 1687 censor,
699 1655 730 1685 9,
749 1655 798 1682 29.
815 1654 885 1690 post
907 1651 993 1680 abdi·

347 1693 502 1722 cationem
540 1694 678 1732 collegae,
709 1695 793 1723 solus
830 1704 993 1723 censuram

347 1745 469 1774 gerens,
498 1736 579 1765 viam
610 1737 726 1773 munit,
755 1741 784 1765 et
817 1746 928 1775 aquam
959 1738 991 1766 in

346 1779 453 1808 urbem
469 1780 569 1815 ducit,
582 1780 655 1808 ibid.
671 1789 707 1809 eo
724 1784 860 1812 auctore.
873 1781 993 1810 Potitia

346 1831 422 1860 gens
433 1831 519 1851 sacra
529 1823 673 1851 Herculis
684 1823 792 1852 edocet
802 1833 903 1852 servos
916 1824 993 1862 pub-

346 1867 435 1899 licos,
452 1870 484 1894 et
506 1866 727 1903 exstinguitur,
744 1868 818 1896 ibid.
833 1868 900 1905 ejus
916 1877 990 1896 con-

348 1910 479 1938 certatio
502 1918 572 1937 cum
597 1911 631 1938 P.
649 1910 842 1948 Sempronio,
865 1911 993 1940 tribuno

347 1952 460 1990 plebis,
474 1953 510 1980 de
527 1961 668 1989 censura,
686 1957 737 1981 33.
754 1959 783 1982 ct
798 1958 848 1982 34.
868 1954 902 1982 fit
919 1964 994 1982 con-

348 1996 408 2029 sul,
427 1998 477 2023 42.
495 1995 653 2025 dissuadet
670 1996 768 2033 legem
786 1997 822 2025 de
838 1998 995 2034 pontifici-

347 2038 406 2066 bus
423 2041 454 2066 et
472 2038 644 2075 auguribus
667 2039 809 2077 plebeiis,
830 2044 879 2076 10,
899 2044 926 2071 7.
945 2041 992 2069 in-

346 2084 458 2115 terrex,
475 2085 522 2109 11.
536 2085 658 2111 creatur
674 2083 782 2111 consul
799 2084 926 2119 iterum,
943 2087 992 2112 15.

346 2125 426 2153 male
449 2133 511 2153 rem
537 2124 627 2161 gerit,
647 2129 694 2154 18.
712 2127 743 2154 in
761 2127 862 2155 medio
878 2136 992 2165 pngnae

346 2167 523 2196 discrimine
545 2169 696 2207 templum
724 2173 815 2198 voret
841 2170 993 2206 Bellonae,

352 2215 398 2240 19.
417 2211 515 2239 vincit
539 2212 693 2241 Samnites
718 2216 749 2242 et
765 2213 899 2249 Tuscos,
917 2214 991 2243 ibizl’.

347 2257 473 2292 praetor,
495 2257 546 2283 22.
571 2255 637 2292 ejus
660 2265 707 2284 res
729 2260 823 2291 gestae
846 2258 992 2286 adversus

349 2297 515 2330 Sanmites,
532 2301 582 2325 31.

305 2340 365 2377 Ap.
378 2340 525 2368 Claudius
534 2341 675 2373 Pulcher.
687 2341 832 2371 tribunus
843 2342 991 2376 militum,

349 2386 402 2418 22,
422 2387 471 2412 53.
491 2386 617 2421 prcetor,
630 2389 682 2415 23.
698 2389 747 2412 24.
774 2385 908 2414 Siciliam
928 2395 993 2416 sor-

346 2425 437 2459 titur,
456 2430 506 2454 30.
524 2427 639 2461 legatos
656 2428 756 2456 mittit
778 2429 815 2456 ad
833 2429 990 2468 Hierony-

347 2477 445 2499 mum,
463 2473 517 2504 24,
537 2472 568 2498 6.
606 2470 736 2499 Romam
760 2471 798 2499 ad
822 2473 989 2509 petendum

345 2511 544 2539 consulatum
569 2512 706 2541 mittitur
729 2522 745 2541 a
762 2514 921 2551 Marcello,
937 2520 991 2546 39.

346 2553 467 2585 consul,
488 2557 541 2589 25,
560 2558 591 2582 2.
605 2558 632 2582 et
649 2560 679 2583 3.
697 2556 818 2585 obsidet
835 2559 987 2595 Capuam,

756 70 935 107 INDEX
967 70 1023 107 IN
1054 70 1100 107 T.
1130 69 1265 106 LIVII

1076 181 1249 209 deterretur
1279 178 1470 214 Antiochus,
1502 178 1575 207 ibid.
1607 180 1719 216 praeest

1078 225 1158 262 parti
1181 229 1351 253 castrorum
1377 223 1408 250 iu
1433 222 1592 251 obsidione
1618 222 1718 249 Hera-

1077 267 1162 303 cleae,
1181 271 1232 295 22.
1256 266 1456 304 praemittitur
1479 265 1515 294 ad
1540 265 1721 302 occupanda

1074 311 1152 348 juga
1175 311 1272 346 OEtae,
1290 313 1340 338 30.
1358 311 1482 347 praetor.
1508 308 1638 337 sortitur
1659 308 1718 336 Ta-

1079 358 1216 389 rentum,
1234 358 1288 389 38,
1306 357 1357 381 42.
1373 351 1496 387 consul,
1513 356 1567 387 39,
1586 355 1636 380 23.
1660 360 1719 379 cae-

1079 397 1125 425 dit
1148 396 1319 432 Ingaunos,
1341 396 1482 434 Ligures,
1503 399 1553 424 32.
1571 395 1602 423 vi
1627 394 1723 422 Clau-

1079 440 1172 468 diana
1186 440 1311 469 fratrem
1329 440 1365 468 ad
1383 438 1581 468 consulatum
1604 437 1721 471 evehit,

1079 483 1154 512 ibid.
1170 483 1312 521 princeps
1327 481 1492 521 legationis
1509 482 1540 510 iu
1553 480 1719 515 Graeciam,

1077 531 1130 555 33.
1147 526 1214 563 ejus
1230 527 1396 564 legationis
1411 528 1508 561 gesta,
1521 528 1660 554 34—37.
1678 525 1720 552 le-

1077 573 1170 607 gatus
1185 570 1297 598 missus
1314 570 1350 598 ad
1367 569 1503 604 AEtolos‚
1519 572 1573 604 41,
1589 571 1643 596 30.

1036 611 1094 651 Ap.
1121 611 1270 642 Claudius
1306 613 1403 645 Nero,
1435 615 1560 650 praetor,
1592 610 1722 639 sortitur

1081 656 1266 693 Hispaniam
1285 656 1475 691 ulteriorem,
1488 659 1544 691 33,
1556 658 1608 683 42.
1622 658 1653 683 et
1669 658 1721 683 43.

1077 703 1131 735 34,
1152 703 1200 728 10.
1218 700 1348 735 legatus,
1365 703 1420 734 37,
1439 703 1491 728 55.

1034 743 1092 781 Ap.
1104 743 1251 771 Claudius
1266 744 1404 778 centho,
1416 742 1512 771 aedilis
1528 740 1655 772 curulis,
1670 743 1721 773 40,

1078 791 1127 816 59.
1141 790 1267 824 praetor,
1285 790 1339 822 41,
1357 790 1406 814 22.
1425 786 1516 814 caedit.
1535 784 1723 819 Celtiberos,

1076 833 1126 858 31.
1145 839 1241 858 ovans
1264 829 1438 868 ingreditur
1460 828 1582 861 urbem,
1605 831 1655 856 33.
1681 827 1723 854 le-

1076 877 1166 911 gatus
1183 874 1221 901 ad
1237 872 1403 901 Thessalos
1426 881 1532 900 eorum
1553 870 1722 900 discordias

1076 919 1248 954 componit,
1261 920 1317 952 42,
1334 920 1362 944 5.
1380 917 1501 954 legatus
1518 915 1554 943 ad
1571 923 1618 942 res
1635 922 1721 951 repe-

1077 960 1187 988 tendas
1204 960 1235 987 in
1253 959 1470 988 Macedoniam
1486 958 1611 991 missus,
1628 957 1720 990 redit.

1079 1007 1130 1032 25.
1156 1012 1173 1031 a
1203 1001 1331 1032 consule
1357 1002 1496 1031 Hostilio
1523 1001 1660 1030 mittitur
1688 1000 1720 1028 in

1079 1046 1251 1085 Illyricum,
1269 1050 1323 1081 43,
1342 1050 1389 1074 11.
1411 1046 1540 1074 caeditur
1563 1046 1601 1073 ab
1625 1044 1722 1073 Usca-

1079 1090 1241 1126 nensibus,
1262 1093 1309 1118 12.

1037 1135 1071 1163 C.
1085 1133 1233 1162 Claudius
1247 1133 1306 1171 Ap.
1317 1133 1351 1162 F.
1363 1132 1486 1167 consul,
1500 1134 1533 1167 3,
1550 1134 1598 1159 15.
1612 1133 1721 1168 petens

1078 1177 1320 1206 decemviratum
1345 1176 1497 1214 repulsam
1521 1174 1653 1212 patitur,
1669 1177 1721 1202 35.

1077 1220 1144 1257 cjus
1167 1220 1268 1248 oratio
1284 1221 1321 1248 ad
1339 1219 1476 1257 Appium
1500 1218 1720 1248 decemvirum,

1078 1267 1127 1292 40.
1146 1268 1216 1292 orat
1232 1263 1380 1301 populum
1398 1272 1453 1301 pro
1468 1261 1572 1299 Appio
1589 1269 1653 1296 reo,
1671 1265 1722 1289 58.

1077 1310 1182 1335 censet
1198 1315 1283 1335 arma
1298 1306 1447 1344 capienda
1462 1306 1608 1333 adversus
1623 1304 1722 1333 tribn-

1081 1359 1152 1384 nOS,
1169 1354 1200 1381 4,
1220 1352 1250 1379 6.

1037 1394 1074 1422 C.
1098 1393 1247 1422 Claudius
1278 1393 1399 1427 Cicero,
1427 1391 1573 1420 tribunus
1606 1390 1719 1428 plebis,

1083 1437 1227 1465 Romillio
1241 1436 1361 1464 consuli
1377 1436 1455 1464 diem
1473 1435 1559 1467 dicit,
1576 1438 1608 1465 3.
1625 1437 1678 1461 31.

1038 1481 1072 1510 C.
1090 1480 1237 1508 Claudius
1255 1479 1453 1517 Regillensis.
1471 1478 1616 1511 dictator,
1634 1482 1664 1505 et

1038 1526 1073 1553 C.
1092 1523 1240 1552 Claudius
1269 1523 1435 1554 Hortator‚
1460 1522 1607 1559 magister
1632 1520 1721 1558 equi-

1077 1570 1159 1602 tum,
1173 1566 1250 1595 vitio
1267 1567 1373 1602 creati,
1385 1565 1531 1594 abdicant
1555 1574 1587 1593 se
1609 1564 1722 1603 magis-

1077 1613 1175 1645 tratu,
1194 1614 1225 1646 8,
1248 1614 1296 1639 15.

1036 1653 1069 1682 C.
1089 1653 1236 1682 Claudius
1258 1653 1351 1691 Appii
1368 1653 1404 1682 F.
1421 1651 1556 1685 Centho,
1574 1650 1720 1682 interrex,

1079 1700 1134 1733 22,
1152 1701 1204 1725 34.
1221 1696 1367 1731 dictator,
1384 1700 1437 1730 25,
1454 1700 1484 1725 2.

1038 1741 1073 1770 C.
1086 1740 1245 1773 Claudius,
1261 1740 1370 1768 flamen
1386 1739 1499 1775 Dialis,
1511 1739 1565 1773 26,
1576 1741 1626 1766 23.
1638 1737 1720 1775 quod

1077 1786 1149 1811 cxta
1171 1791 1328 1821 perperam
1358 1783 1494 1821 dederat,
1519 1781 1596 1810 abiit
1623 1781 1721 1810 flami-

1079 1826 1145 1857 nio.
1165 1826 1237 1854 ibid.

1035 1871 1069 1900 C.
1088 1869 1236 1898 Claudius
1259 1869 1356 1899 Nero.
1373 1868 1509 1906 graviter
1532 1877 1549 1895 a
1567 1864 1720 1896 Marcello

1078 1913 1204 1941 consule
1232 1912 1410 1950 increpitus,
1440 1916 1493 1947 24,
1520 1914 1569 1941 17.
1596 1914 1722 1949 praetor„

1078 1959 1132 1992 25,
1145 1960 1173 1984 2.
1184 1956 1374 1993 provinciam
1389 1956 1518 1983 sortitur
1531 1952 1722 1988 Suessulam,

1078 2003 1109 2028 3.
1130 1999 1168 2028 ab
1193 1999 1339 2028 Suessula
1361 1999 1481 2027 excitur
1499 1999 1650 2036 Capuam,
1669 2001 1720 2031 22,

1078 2042 1216 2071 mittitur
1232 2043 1263 2071 in
1281 2042 1480 2080 Hispaniam,
1496 2044 1549 2074 26,
1571 2044 1618 2072 17.
1635 2040 1719 2069 delu-

1079 2086 1164 2114 ditur
1175 2086 1213 2114 ab
1228 2085 1419 2121 Asdrubale,
1433 2084 1504 2113 ibid.
1521 2085 1653 2121 legatus.
1666 2088 1721 2120 27,

1084 2133 1130 2157 14.
1155 2129 1277 2165 consul,
1300 2133 1353 2158 34.
1377 2138 1447 2156 cum
1475 2127 1632 2156 Annibale
1655 2136 1720 2156 non

1079 2173 1172 2201 semel
1195 2172 1406 2211 congreditur,
1424 2175 1475 2200 41.
1491 2174 1520 2200 et
1538 2175 1590 2202 42,
1613 2171 1722 2199 relicto

1078 2216 1248 2251 Annibale,
1271 2216 1309 2244 ad
1332 2215 1538 2244 Asdrubalem
1561 2218 1718 2252 properat,

1078 2262 1129 2287 43.
1148 2259 1184 2288 ad
1208 2259 1323 2287 milites
1347 2258 1519 2287 orationem
1544 2258 1651 2293 habet,
1667 2261 1718 2285 45.

1078 2302 1201 2331 devicto
1217 2302 1401 2337 Asdrubale,
1415 2302 1452 2330 ad
1468 2301 1656 2330 Annibalem
1674 2309 1719 2328 re-

1078 2346 1220 2381 vertitur,
1243 2349 1293 2374 50.
1316 2349 1411 2383 caput
1437 2345 1621 2373 Asdrubalis
1647 2347 1720 2373 ante

1078 2389 1229 2417 stationes
1255 2388 1395 2417 hostium
1420 2389 1527 2427 projici
1545 2389 1648 2425 jubet.
1667 2388 1720 2418 51.

1076 2433 1156 2460 redit
1178 2432 1215 2460 ad
1238 2432 1359 2467 urbem,
1378 2435 1431 2468 28,
1450 2435 1479 2461 9.
1503 2440 1583 2468 equo
1606 2432 1718 2461 trium-

1076 2475 1151 2513 phat
1169 2475 1235 2503 sine
1251 2475 1417 2510 militibus,
1435 2474 1506 2503 ibid.
1523 2484 1645 2511 censor,
1662 2479 1717 2511 29,

1075 2523 1128 2549 37.
1145 2518 1210 2554 ejus
1228 2518 1445 2555 intempestiva
1461 2518 1633 2547 severitatis
1651 2519 1718 2556 jac-

1076 2561 1169 2596 tatio,
1187 2560 1259 2590 ibz'd.
1718 2559 1722 2567 ²

348 2601 400 2626 22.
422 2597 614 2629 vulneratur.
640 2600 694 2634 26,
719 2601 749 2627 6.
772 2601 904 2630 moritur
930 2603 988 2630 sub
1014 2600 1067 2630 Ὀ.
1093 2602 1243 2632 claudius
1271 2603 1367 2636 Nero.
1396 2603 1514 2638 legatus
1545 2605 1584 2633 ad
1611 2604 1722 2633 Ptole:

347 2640 535 2668 deditionem
555 2640 681 2678 Capuae,
700 2644 748 2670 16.

304 2684 363 2722 Ap.
380 2683 540 2717 Claudius,
555 2684 701 2712 tribunus
716 2685 863 2720 militum,
876 2689 986 2722 32‚35.

346 2727 485 2755 mittitur
497 2727 639 2761 Romam,
651 2729 703 2756 36.
718 2725 851 2766 legatus,
868 2733 921 2761 34,
935 2734 987 2759 50.

346 2770 384 2798 ad
406 2769 583 2807 praesidium
607 2770 734 2799 Larissae
757 2771 907 2807 mittitur,
930 2775 985 2808 36,

351 2816 400 2841 10.
424 2813 489 2850 ejus
516 2817 581 2842 arte
609 2814 647 2842 ab
674 2814 834 2844 obsidione
859 2815 984 2845 Larissae

1075 2655 1199 2681 maeum,
1215 2650 1270 2680 31,
1289 2650 1317 2674 2.

1030 2689 1064 2717 C.
1082 2689 1228 2718 Claudius
1246 2689 1368 2718 Centho
1383 2699 1453 2719 cum
1470 2689 1566 2728 copiis
1582 2690 1719 2719 mittitur

1073 2732 1111 2760 ad
1134 2732 1280 2761 auxilium
1307 2733 1513 2766 Athenarum,
1532 2743 1549 2762 a
1572 2733 1718 2762 Macedo-

1073 2775 1164 2803 nibus
1180 2775 1388 2812 obsessarum,
1404 2780 1439 2804 31
1450 2797 1458 2811 ,
1478 2780 1526 2805 14.

1031 2818 1066 2847 C.
1084 2819 1231 2848 Claudius
1255 2819 1314 2857 Ap.
1339 2820 1370 2848 F.
1393 2819 1534 2851 Pulcher.
1558 2827 1656 2857 augur
1682 2819 1714 2847 in
