1831 3194
546 98 798 136 LIBROR.
830 100 1103 139 DEPERD.
1427 113 1498 152 257

88 206 183 247 liam
212 210 557 256 transcenderant,
580 208 793 248 evercitum
825 210 998 259 duceret,
1031 217 1198 265 rogatus
1219 213 1270 253 ab
1287 214 1439 259 sEduis
1460 227 1496 259 et

85 264 293 317 Sequanis,
325 279 487 319 quorum
517 278 620 318 ager
645 265 938 316 possidebatur,
971 269 1279 321 trepidationem
1310 274 1495 324 militum,

78 328 254 373 propter
283 329 423 363 metum
444 336 630 363 novorum
661 322 832 363 hostium
859 330 1002 375 ortam,
1024 326 1274 368 adlocutione
1303 332 1498 374 exercitus

82 377 266 429 inhibuit,
285 386 322 420 et
339 380 457 420 victos
477 380 623 432 praelio
643 378 869 420 Germanos
889 380 1034 422 Gallia
1054 384 1217 436 expulit.
1259 385 1325 426 M.
1337 388 1492 438 Cicero,

87 435 278 488 Pompeio
309 438 411 477 inter
443 437 544 477 alios
577 442 731 484 orante,
766 443 804 477 et
839 436 871 460 ⁶⁹
890 438 939 478 T.
974 439 1111 480 Annio
1143 441 1301 483 Milone
1334 445 1497 486 tribuno

75 492 206 543 plebis
240 500 399 548 agente,
437 494 599 548 ingenti
623 495 780 546 gaudio
822 502 982 536 senatus
1017 512 1066 536 ac
1096 500 1219 540 totius
1263 501 1412 550 ltaliae,
1446 504 1497 543 ab

82 550 226 590 arsitio
255 552 435 592 reductus
462 558 532 592 est.
597 551 669 591 Cn.
693 551 887 603 Pompeio
898 567 979 606 per
997 555 1303 609 quinquennium
1324 572 1497 600 annonae

79 620 177 646 cura
208 609 405 648 mandata
435 615 505 649 est.
569 607 967 660 CasanAmbianOS,
1002 611 1243 662 Suessiones,
1275 614 1494 657 Veroman-

79 663 191 714 duos,
222 665 448 715 Atrebates,
478 666 697 720 Belgarum
726 667 904 719 populos,
928 682 1089 721 quorum
1120 670 1261 723 ingens
1289 674 1496 715 multitudo

76 726 179 769 erat,
196 723 348 774 praelio
378 724 501 764 victos
522 724 565 763 in
595 721 833 764 deditionem
863 726 1042 778 accepit:
1074 741 1122 767 ac
1144 729 1287 769 deinde
1312 728 1493 773 ⁷⁰contra

80 777 254 819 Nervios
271 781 391 820 unius·
417 780 598 821 civitatis
617 793 699 819 cum
722 793 868 835 magno
898 783 1129 825 discrimine
1148 788 1364 840 pugnavit,
1386 802 1493 829 eam-

76 848 152 888 que
175 842 336 889 gentem
365 838 541 885 delevit;
584 850 673 891 quae
701 836 839 878 bellum
868 841 1010 893 gessit,
1051 842 1173 882 donec
1202 858 1251 883 ex
1279 847 1494 899 sexaginta

75 892 250 934 millibus
269 901 516 935 armatorum
528 894 559 921 7¹
574 894 736 934 trecenti
753 904 997 948 superessent
1011 915 1024 937 .·
1055 913 1105 939 cx
1123 902 1319 941 sexcentis
1337 909 1493 943 senato-

74 949 183 990 ribus
201 956 280 991 tres
299 958 452 992 tantum
484 953 710 993 evaderent.
770 952 886 1007 Lege
904 955 995 995 lata
1011 956 1060 995 de
1080 958 1305 1012 redigenda
1326 960 1370 999 in
1393 974 1492 1013 pro—

73 1007 218 1047 vinciae
229 1008 414 1061 formam
436 1010 582 1064 Cypro,
606 1016 644 1050 et
666 1007 912 1060 publicanda
933 1014 1106 1064 pecunia
1132 1016 1261 1068 regia,
1284 1015 1390 1057 7²M.
1411 1018 1491 1059 Ca-

72 1064 163 1104 toni
181 1066 484 1106 administratio
504 1066 587 1120 ejus
607 1067 668 1107 rei
686 1067 882 1108 mandata
902 1075 977 1110 est.
1035 1070 1288 1121 Ptolemceus,
1312 1073 1493 1128 AEgypti

72 1133 161 1170 rex,
193 1121 241 1161 ob
260 1122 445 1175 injurias,
476 1137 575 1177 quas
586 1121 822 1178 patiebatur
841 1139 868 1164 a
887 1127 982 1175 suis,
1005 1141 1130 1182 regno
1144 1130 1297 1180 pulsus,
1320 1131 1490 1171 Romam

70 1179 194 1218 venit.
273 1180 318 1221 C.
357 1180 497 1221 Caesar
526 1181 706 1229 VenetOS,
742 1187 901 1234 gentem
931 1197 1077 1224 oceano
1102 1183 1306 1238 junctam,
1349 1190 1491 1229 navali

63 1235 216 1287 proelio
236 1236 345 1278 vicit.
406 1239 616 1279 Praeterea
636 1250 699 1278 res
717 1250 742 1276 a
762 1238 907 1292 legatis
923 1240 1005 1293 <ejus
1020 1242 1341 1295 eademjbrtuna
1354 1253 1491 1301 gestas

67 1293 259 1334 continet.

724 1426 839 1479 CV.

129 1549 258 1599 Quum
290 1550 324 1577 ⁷⁵
342 1553 386 1593 C.
415 1553 581 1605 Catonis
600 1555 755 1596 tribuni
781 1557 914 1609 plebis
946 1558 1291 1604 intercessionibus
1323 1567 1487 1606 comitia

70 1607 317 1657 tollerentur,
362 1617 522 1651 senatus
551 1618 693 1652 vestem
723 1616 907 1655 mutavit.
945 1666 951 1672 μ
986 1616 1049 1656 M.
1088 1618 1189 1657 Caso
1220 1620 1261 1660 in
1284 1624 1487 1674 petitione

58 1670 267 1716 proeturae,
292 1667 474 1718 praelato
499 1668 675 1718 Vatinio,
708 1672 905 1722 repulsam
935 1673 1043 1713 tulit.
1079 1674 1197 1726 idem,
1218 1692 1333 1730 quum
1355 1681 1487 1733 legem

65 1721 279 1773 inpediret,
310 1737 389 1776 qua
409 1723 668 1777 ⁷⁴provz'nciae
696 1728 920 1768 consulibus
940 1730 981 1769 iu
1002 1731 1330 1786 quinquennium,
1364 1738 1486 1777 Pom-

60 1778 151 1830 peio
180 1777 420 1832 Hispaniae,
465 1782 608 1823 Crasso
637 1783 759 1837 Syria
789 1791 826 1825 et
854 1787 1092 1828 Parthicum
1132 1789 1288 1840 bellum,
1334 1794 1490 1834 Caesari

67 1834 217 1876 Gallia
238 1843 277 1877 et
301 1837 527 1879 Germania
553 1840 769 1890 dabantur,
799 1856 824 1882 a
849 1843 892 1883 C.
921 1842 1120 1886 Trebonio
1153 1848 1317 1888 tribuno
1338 1851 1484 1903 plebis,

65 1891 163 1946 legis
194 1900 371 1946 auctore,
406 1895 448 1936 in
476 1897 634 1938 vincula
666 1899 805 1940 ductus
837 1906 907 1940 est.
968 1901 1022 1941 A.
1049 1902 1250 1945 Gabinius
1276 1911 1486 1957 proconsul

63 1949 328 1991 Ptolemaeum
347 1953 509 1994 reduxit
529 1955 573 1994 in
588 1969 758 2010 regnum
779 1956 970 2011 AEgypti,
993 1958 1114 2012 ejecto
1136 1961 1349 2012 Archelao,
1371 1979 1483 2018 quem

61 2006 142 2047 sibi
170 2021 303 2061 regem
334 2010 598 2052 adsciverant.
661 2013 813 2063 Caesar,
835 2013 868 2041 7⁵
883 2016 1000 2056 victis
1023 2015 1240 2059 Germanis
1272 2021 1315 2060 in
1339 2020 1483 2062 Gallia

60 2064 261 2117 caesisque,
290 2065 469 2107 Rhenum
489 2070 753 2122 transcendit,
775 2077 814 2112 et
824 2071 1055 2124 proximam
1067 2081 1230 2127 partem
1251 2076 1485 2119 Germanice

60 2120 240 2161 domuit:
283 2136 333 2162 ac
352 2123 496 2165 deinde
515 2139 662 2166 oceano
682 2127 727 2167 in
747 2128 1028 2179 Britanniam,
1057 2132 1192 2183 primo
1209 2148 1349 2186 parum
1370 2151 1483 2188 pros-

53 2190 157 2230 pere
176 2180 473 2231 tempestatibus
494 2183 685 2235 adversis,
706 2184 865 2238 trajecit
872 2209 887 2232 ‚-
920 2185 954 2213 76
966 2187 1109 2229 iterum
1124 2203 1269 2242 parum
1284 2191 1480 2244 felicius:

103 2322 145 2353 69
185 2323 219 2355 Τ.
250 2324 347 2355 Annio
376 2325 488 2358 Milone
519 2329 635 2359 tribuno
662 2330 748 2369 plebis
794 2332 832 2364 C.
850 2333 968 2365 Catoni.

60 2365 180 2406 agente]
227 2366 380 2398 Ultimam
417 2380 526 2401 vocem
563 2371 679 2412 adjecit
710 2383 749 2404 ex
836 2375 877 2405 73
902 2377 941 2408 C.
957 2376 1092 2419 Catonis]
1117 2378 1220 2410 Proba
1242 2379 1358 2422 Sigonii
1375 2392 1479 2413 emen-

61 2407 240 2449 conjectura
275 2409 429 2451 Sigonius.
488 2413 665 2456 Pompeius,
695 2416 749 2456 qui
793 2416 889 2450 datio.
933 2419 1048 2456 Antea,
1067 2421 1111 2451 M.
1131 2423 1258 2454 catonis.

63 2456 130 2480 erat
156 2450 306 2492 privatuS,
334 2455 461 2486 orabat:
499 2455 581 2487 Milo
609 2457 751 2489 tribunus
837 2461 879 2491 74
910 2461 1076 2494 Provincioe
1098 2465 1274 2506 consulibus]
1307 2466 1397 2498 Idem
1433 2468 1480 2499 Si-

61 2492 174 2533 plebis,
203 2504 294 2535 agere
323 2495 443 2535 debuit,
466 2503 501 2529 ut
529 2509 637 2531 revera
665 2500 750 2538 fecit,
794 2503 905 2544 gonius
940 2511 1024 2537 recte
1060 2517 1115 2549 pro
1150 2509 1312 2539 consulares
1347 2511 1483 2552 reposuit

64 2544 126 2565 non
141 2545 227 2568 orare
242 2542 376 2571 tantum.
794 2547 965 2578 consulibus.

106 2577 148 2608 70
173 2578 284 2610 Contra
305 2581 438 2619 Nervios,
461 2595 552 2614 unam
581 2586 687 2617 harum
708 2588 751 2617 ci·
838 2589 880 2620 75
928 2590 1016 2621 Victis
1060 2590 1214 2623 Germanis
1247 2600 1274 2624 et
1310 2596 1342 2624 in
1379 2595 1482 2625 Gallia

60 2620 201 2661 vitatum]
233 2622 341 2665 Magis
369 2626 494 2662 arridet,
519 2628 605 2669 quod
627 2629 754 2670 subjicit
796 2633 892 2673 coesis]
916 2633 1023 2675 Magis
1037 2634 1141 2676 placet
1162 2635 1254 2667 unius
1276 2637 1347 2667 MS.
1365 2648 1384 2667 a
1400 2638 1479 2667 Gro-

65 2662 262 2695 Gronovius:
293 2677 385 2699 unam
407 2670 519 2707 horum,
542 2680 654 2714 nempe
677 2673 752 2704 Bel·
797 2675 888 2706 novio
923 2675 1055 2718 inspecti
1084 2679 1252 2720 scriptura:
1295 2681 1377 2709 victis
1403 2679 1479 2709 Ger-

64 2715 183 2746 garum,
199 2707 354 2740 civitatem.
794 2719 887 2748 manis
901 2719 933 2748 in
950 2719 1052 2750 Gallia
1066 2723 1210 2761 caesisque.

107 2747 146 2778 71
175 2748 308 2780 Trecenti
333 2757 522 2798 superessent]
570 2756 751 2799 Quingentos
838 2760 879 2790 76
903 2761 1015 2792 Iterum
1040 2774 1146 2801 parum
1166 2763 1305 2805 felicius]
1340 2762 1420 2809 Dele
1446 2762 1480 2794 «τὸ

68 2791 175 2820 Caesar
191 2792 375 2833 superfuisse
390 2796 504 2828 scribit.
791 2814 900 2842 parum
929 2815 967 2834 ex
990 2806 1143 2846 superiore
1167 2805 1317 2836 versiculo
1340 2806 1478 2838 mculca-

107 2832 148 2862 72
173 2832 218 2865 M.
243 2835 367 2879 Catoni]
391 2839 479 2871 Male
501 2841 641 2885 plerique
664 2843 750 2880 editi,
794 2850 874 2878 tum.
919 2846 1133 2879 Gnonovms.

121 2899 217 2928 VOL.
243 2901 299 2930 IV.
816 2909 833 2934 S
