1831 3194
498 100 616 139 LIB.
648 101 779 137 XLII.
822 99 953 137 CAP.
983 99 1131 137 xxvl.
1470 105 1517 138 55

104 214 210 249 sent.
280 209 431 249 Vidisse
450 223 490 249 se
506 223 577 261 per
596 223 726 250 omnes
745 210 855 250 urbes
877 209 1145 249 Macedonum
1160 222 1313 249 summa
1331 210 1367 249 υἱ
1380 210 1518 261 parari
1534 218 1571 247 U.
1583 217 1619 248 C.
1634 217 1708 247 580.

105 264 264 306 bellum.
327 267 455 313 Quum
472 267 526 306 ad
546 282 679 321 regem
699 267 976 319 pervenissent,
998 281 1068 318 per
1083 266 1323 306 multosdies
1339 267 1516 307 eouveni-
1531 260 1620 291 ΛᾸῙ·
1637 260 1708 290 ¹7²·

105 323 196 362 endi
224 321 309 376 ejus
335 329 571 375 potestatem
603 339 675 364 non
697 322 888 375 juetam.-
931 331 1138 375 postremo,
1161 338 1280 377 quum
1313 325 1518 376 desperato

92 377 186 431 jam
209 380 406 434 conloquio
423 379 592 432 projecti
612 389 750 428 essent,
776 388 855 421 tum
886 383 1040 420 demum
1062 397 1102 421 se
1123 396 1173 421 (ω
1198 382 1335 421 'itinere
1362 396 1518 421 revoca-

105 443 174 485 tos,
194 443 229 476 et
250 438 306 477 ad
326 452 411 477 eum
431 438 670 478 introductos
687 452 779 478 csse.
839 440 932 479 Sua)
948 439 1136 478 orationis
1151 439 1517 491 .s·umtn(1›nsiei.sse;

93 492 244 545 faedus,
269 509 357 534 cum
392 495 576 547 Philippo
606 496 737 544 ictum,
773 509 859 535 eum
893 496 976 547 ipso
1008 511 1052 534 eo
1081 502 1169 547 post
1201 503 1362 536 mortem
1393 497 1520 547 patris

104 557 356 591 renovatum.-
388 552 429 591 in
450 567 523 606 quo
544 552 691 593 diserte
711 553 913 605 prohibit-0
935 568 1036 600 eum,
1060 559 1174 592 emlra
1193 553 1302 603 ‚lines
1322 567 1438 593 arma
1461 551 1518 605 ‹f-

93 606 230 659 fi'rre5
260 609 470 660 prohiberi,
494 610 620 650 socios
639 610 771 662 populi
794 610 966 650 Romani
1001 610 1186 650 lacessere
1209 610 1321 650 (tello.
1382 611 1520 663 Expo-

102 664 180 705 sita
213 667 354 706 deinde
375 667 425 705 ab
446 681 487 706 se
518 668 668 719 ordine,
688 682 769 721 quae
800 667 875 719 ipsi
906 681 1027 719 nuper
1060 667 1100 706 in
1133 674 1272 707 senatu
1303 669 1523 708 Eumenem

103 736 199 762 vera
219 724 355 763 omnia
383 731 420 763 ct
447 731 646 776 comperta
679 725 913 779 referentem
946 725 1161 765 audissent.
1223 726 1522 765 Samothracae*

94 786 302 832 pra’terea
326 795 405 834 per
434 782 575 821 multos
604 783 690 822 dies
709 783 897 822 occultum
919 783 1124 822 eonsilium
1147 797 1228 822 cum
1255 782 1525 837 legationibus

104 837 331 878 eivitatium
356 838 469 878 Asiae
497 853 627 892 regem
657 838 854 879 habuisse.
915 840 1000 879 Pro
1029 840 1092 879 icis
1124 838 1288 891 injuriis
1317 840 1522 893 satisfieri,

103 901 282 934 senatum
315 909 466 949 (equum
499 911 668 943 censere,
691 897 884 949 reddique
914 896 994 936 sibi
1014 912 1076 936 res
1095 898 1289 950 sociisque
1309 899 1402 945 suis,
1427 911 1526 950 quas

105 958 247 991 contra
263 951 336 1006 jus
352 953 532 1005 soederis
552 953 710 993 liabent.
772 954 919 1006 Regem
941 954 998 992 ad
1016 969 1063 993 ea
1078 955 1215 1006 primo
1236 969 1437 994 accensum
1459 955 1526 994 ira

111 1009 367 1049 inclementer
397 1011 579 1056 locutum,
603 1011 823 1050 avaritiam
844 1010 1145 1063 superbiamque
1173 1011 1366 1052 Romanis
1386 1011 1526 1064 objici-

106 1072 232 1106 entem
249 1067 516 1120 frequenter:
548 1069 654 1120 quod
673 1068 751 1106 alii
770 1081 888 1118 super
908 1067 1011 1106 alios
1032 1068 1160 1120 legati
1187 1069 1370 1111 venirent
1389 1083 1526 1120 specu-

105 1123 192 1163 lari
211 1124 537 1177 dictafizctaque
555 1138 643 1171 sua,
668 1125 774 1177 quod
792 1138 833 1164 se
854 1125 910 1163 ad
929 1130 1065 1163 nutum
1087 1125 1373 1178 imperiumque
1393 1140 1525 1165 eorum

105 1181 240 1220 omnia
274 1181 406 1220 dicere
426 1181 640 1235 nefacere
671 1195 822 1234 cequum
844 1188 1058 1221 censerent.
1119 1183 1341 1230 Postremo,
1365 1184 1526 1222 multum

106 1252 154 1277 ac
175 1238 246 1277 diu
265 1238 539 1292 vociferatum,
562 1240 712 1278 reverti
726 1245 888 1291 postero
908 1239 974 1278 die
991 1238 1173 1292 jussisse.
1191 1241 1380 1292 scriptum
1403 1255 1444 1279 se
1464 1255 1528 1279 re-

105 1308 288 1347 sponsum
303 1296 402 1335 dare
416 1296 528 1336 velle.
557 1295 656 1335 Tum
670 1297 730 1336 ita
742 1296 822 1336 sibi
832 1296 1025 1348 scriptum
1038 1297 1233 1336 traditum
1249 1311 1348 1337 esse:
1366 1297 1526 1346 Foedus,

106 1349 190 1392 cum
205 1359 331 1405 patre
347 1353 478 1401 ictum,
497 1354 553 1392 ad
565 1368 606 1393 se
621 1353 728 1393 nihil
738 1354 959 1405 pertinere.
994 1354 1044 1393 Id
1057 1368 1098 1394 se
1113 1355 1315 1402 renovari,
1335 1368 1414 1394 non
1430 1356 1528 1408 quia

103 1409 307 1461 probaret,
323 1411 394 1450 sed
408 1411 505 1463 quia
522 1411 565 1449 iu
583 1425 684 1451 nova
699 1411 947 1462 possessione
968 1412 1085 1463 regni
1102 1412 1300 1463 patienda
1318 1413 1452 1451 omnia
1470 1426 1529 1451 es-

106 1473 206 1515 sent,
224 1480 399 1519 passum.
460 1468 506 1508 Si
527 1468 813 1520 novumfcedus
832 1481 956 1506 secum
968 1468 1117 1520 faeere
1137 1468 1295 1515 vellent,
1317 1469 1529 1508 convenire

100 1524 222 1576 prius
242 1525 291 1563 de
310 1524 606 1564 conditionibus
627 1524 785 1564 dehere:
817 1530 869 1572 et,
891 1524 927 1563 si
948 1525 989 1563 in
1012 1525 1187 1564 animum
1216 1525 1461 1574 inducerent,
1484 1532 1529 1565 ut

108 1595 158 1621 ex
169 1594 282 1634 oequo
291 1579 576 1632 fcedusficret,
590 1587 628 1620 et
643 1595 683 1620 se
699 1582 887 1628 visurum,
906 1582 1005 1633 quid
1019 1581 1096 1620 sibi
1099 1582 1345 1634 faciundum
1361 1589 1472 1633 esset,
1491 1589 1529 1623 et

106 1637 198 1678 illos
212 1639 372 1677 credere
386 1638 618 1690 reipublicae
632 1639 890 1677 consulturos.
925 1637 1058 1691 Atque
1076 1639 1136 1677 ita
1151 1652 1192 1679 se
1201 1640 1469 1691 proripuisse,
1489 1646 1529 1680 et

107 1695 328 1735 submoveri
342 1710 363 1734 e
378 1696 493 1749 regia
509 1708 638 1735 omnes
651 1701 809 1747 coeptos.
847 1695 944 1734 Tum
958 1709 999 1734 se
1014 1696 1235 1735 amicitiam
1253 1702 1290 1735 et
1302 1697 1527 1736 societatem

106 1752 373 1792 renunciasse.
396 1766 476 1805 qua
496 1766 587 1792 voce
607 1767 691 1791 eum
713 1766 915 1792 accensum
936 1753 1142 1801 restitisse,
1161 1759 1282 1806 atque
1302 1767 1392 1794 voce
1412 1755 1528 1794 clara

108 1810 367 1850 denunciasse
386 1809 478 1857 sibi,
498 1815 540 1849 ut
560 1810 697 1849 triduo
717 1810 834 1862 regni
853 1810 918 1849 sui
937 1810 1169 1850 decederent
1171 1810 1340 1862 finibus.
1406 1812 1470 1851 Ita
1487 1826 1528 1851 se

100 1867 328 1921 profectos.-
372 1880 442 1906 nec
472 1866 563 1915 sibi,
585 1865 696 1906 ⁸⁰aut
728 1866 989 1914 venientibus,
1020 1873 1091 1906 aut
1123 1868 1387 1916 manentibus,
1412 1869 1527 1921 quid-

109 1938 226 1977 quam
247 1924 507 1976 hospitaliter
525 1929 596 1963 aut
617 1923 964 1977 benignesactum.
1028 1923 1219 1964 Thessali
1241 1923 1390 1965 deinde
1407 1925 1528 1965 AEto-

109 1981 222 2036 lique
243 1980 369 2036 legati
389 1980 535 2022 auditi.
599 1980 783 2029 Senatui,
806 1988 855 2021 ut
888 1979 1038 2020 scirent
1059 1995 1186 2035 quam
1213 1980 1411 2036 primum,
1435 1981 1527 2037 qui-

109 2038 190 2078 bus
210 2037 388 2078 ducibus
420 2052 548 2078 usura
567 2036 801 2092 respublica
832 2045 951 2086 esset,
974 2036 1113 2077 literas
1145 2036 1255 2078 mitti
1286 2037 1525 2079 consulibus

109 2093 283 2150 placuit,
313 2102 377 2144 ut,
408 2102 503 2135 uter
542 2109 685 2134 eorum
715 2092 906 2150 ⁸¹posset,
939 2094 1118 2134 Romam
1160 2094 1214 2135 ad
1255 2094 1523 2150 magistratus

113 2150 310 2192 creandos
331 2150 501 2192 veniret.

169 2207 346 2248 XXVI.
384 2207 501 2248 Nihil
533 2223 798 2264 magnopere,
831 2208 946 2263 quod
978 2208 1197 2249 memorari
1229 2208 1429 2259 adtineat,
1466 2208 1524 2250 rei

111 2264 291 2320 publicae
327 2280 375 2305 eo
406 2279 513 2305 anno
547 2265 733 2305 consules
764 2272 987 2320 gesserant.
1016 2265 1147 2321 magis
1179 2281 1201 2306 e
1233 2265 1447 2321 republica
1466 2265 1526 2306 vi-

112 2336 205 2362 sum
237 2329 339 2371 erat,
361 2321 575 2377 comprimi
597 2337 644 2362 ac
666 2321 799 2362 sedari
834 2330 1097 2377 exasperatos
1131 2322 1322 2378 Ligures.
1384 2323 1525 2372 Quum

113 2377 432 2418 Macedonicum
464 2378 620 2418 bellum
654 2386 979 2434 exspectaretur,
1003 2378 1205 2419 Gentium
1233 2394 1402 2435 quoque
1425 2379 1528 2435 Illy-
1541 2393 1674 2425 Gentius
1687 2393 1726 2423 ab

112 2434 270 2475 riorum
308 2449 448 2490 regem
488 2443 727 2490 suspectum
770 2435 950 2476 Issenses
985 2435 1111 2490 legati
1146 2435 1352 2477 fecerunt:
1405 2435 1528 2476 simul
1542 2438 1725 2486 Issensiblus.

112 2491 264 2546 questi,
285 2491 387 2531 fines
409 2506 503 2531 suos
524 2491 704 2532 secundo
724 2491 987 2547 populatum,
1011 2492 1133 2532 simul
1163 2492 1419 2540 nunciantes,
1451 2506 1529 2532 uno
1542 2480 1744 2555 ἓὲῗὶῗπιῃδι·

113 2549 249 2588 animo
279 2549 412 2588 vivere
442 2549 711 2589 Macedonum
739 2556 860 2601 atque
879 2549 1117 2603 Illyriorum
1149 2563 1307 2603 regem:
1337 2549 1530 2589 communi
1609 2536 1626 2556 a
1679 2548 1687 2556 ⁶

112 2605 278 2645 consilio
301 2618 461 2657 parare
483 2605 680 2645 Romanis
700 2605 841 2645 bellum
856 2623 868 2644 .-
912 2612 950 2645 et
971 2606 1101 2658 specie
1121 2607 1342 2660 legatorum
1362 2606 1531 2659 Illyrios

589 2702 606 2720 Χ
620 2699 825 2730 Samothracae
843 2699 940 2730 Gron.
958 2699 1048 2730 Crev.

160 2769 201 2798 80
223 2769 285 2799 Aut
312 2773 499 2807 venientibus,
528 2779 578 2802 aul
606 2773 801 2813 manentibus]
846 2778 899 2801 aut
917 2773 1104 2807 venientibus,
1121 2779 1172 2801 aut
1188 2773 1369 2801 moventibus.

120 2811 211 2841 Hanc
234 2811 399 2843 lectionem
424 2813 545 2844 induxit
567 2814 709 2856 Sigonius
732 2815 755 2844 F
759 2815 803 2845 lo-
897 2815 934 2844 81
974 2815 1083 2854 Posset]
1124 2815 1192 2844 Hoc
1231 2825 1249 2843 a
1283 2814 1439 2845 Gronovio
1476 2821 1532 2846 est.

120 2853 237 2884 rebello
252 2855 422 2886 obsecutus.
462 2857 562 2888 Vetus
574 2858 670 2888 codex
683 2857 802 2893 habuit,
850 2856 939 2887 Prius
954 2864 1029 2886 esset.
1338 2867 1341 2869 ’

893 2904 965 2937 1-:4
