1831 3194
534 117 929 156 HIS'I'ORIARUM
960 117 1172 156 LIBROS.

182 236 234 260 21.
265 231 432 270 prorogato
462 228 602 267 imperio,
628 228 766 257 mittitur
793 228 827 257 in

181 275 354 309 Etruriam,
385 276 437 301 28.
468 273 581 311 Capua:
614 275 647 300 et
677 272 826 300 exercitui

181 318 362 355 pra-ficitur,
389 320 441 348 27,
466 318 494 343 6.
521 317 632 344 iterum
657 316 827 353 praeficitur

179 362 328 396 Etruriae,
342 365 370 389 7.
389 363 560 397 propraetor
575 360 612 387 ad
629 364 772 388 senatum
790 360 827 388 de

184 405 315 433 Etruriae
331 403 505 431 desectione
522 403 642 438 scribit,
659 407 710 431 21.

140 448 177 475 (ἶ.
195 447 384 484 t‘alpurnius
400 446 469 475 Piso
485 452 607 475 creatur
630 450 755 484 praetor,
771 450 826 480 39,

182 494 211 519 6.
244 491 374 519 sortitur
405 489 592 527 Hispaniam
632 490 826 527 ulteriorem,

182 539 210 563 8.
228 537 254 562 ι’(
270 538 321 562 21.
338 533 404 570 ejus
429 535 461 561 in
479 534 636 572 Hispania
657 543 703 562 res
719 538 828 571 gestae,

181 581 232 606 30.
251 580 278 605 el
294 581 345 605 31.
364 577 400 605 de
423 577 582 606 Lusitanis
606 581 637 606 et
663 577 827 606 Celtiberis

181 621 369 658 triumphat,
386 623 438 648 42.
463 625 585 650 creatur
607 622 752 650 triumvir
775 630 828 649 co-

181 664 273 693 loniae
304 664 503 697 deducendae,
530 669 585 699 40,
619 668 670 694 29.
703 665 827 700 consul,

182 711 235 737 35.
252 707 397 744 moritur,
413 712 466 738 37.
480 708 547 745 ejus
565 717 647 737 mors
672 713 830 747 suspecta,

182 751 256 779 ibid.

140 794 174 823 L.
191 793 393 831 Calpurnius,
404 794 524 832 legatus
539 795 698 824 Romanus
709 795 746 824 nd
757 805 831 825 con-

184 837 288 867 cilium
306 837 504 873 Achaemum,
522 842 578 874 32,
600 842 647 868 19.

142 880 186 909 M.
206 881 395 919 Calpurnius
411 881 564 918 Fiamma,
582 886 634 916 22,
652 884 704 912 60.

142 924 250 957 calva,
268 925 327 954 vidv
347 924 429 953 Boii.

143 967 351 1006 Calycadnus,
369 968 633 1006 promontorium,
653 973 706 1003 38,
724 973 777 998 38.

143 1011 296 1049 Calydon,
313 1013 368 1047 36,
390 1015 439 1039 11.

143 1055 325 1091 Cambunii,
341 1057 477 1089 montes,
493 1059 548 1090 42,
566 1058 616 1083 53.
633 1060 686 1087 44,
705 1060 736 1085 2.

144 1098 273 1131 Cameli,
302 1108 380 1136 quos
411 1098 573 1127 dromadas
605 1103 731 1136 vocarit,
759 1102 832 1128 autc

184 1142 358 1179 equitatum
376 1141 540 1176 Antiochi,
556 1146 611 1176 37,
629 1146 681 1169 40.

144 1185 492 1223 CameriaaTarquinio
503 1184 607 1213 Prisco
617 1190 720 1224 capta,
737 1190 764 1220 1,
778 1190 832 1216 38.

143 1229 340 1259 Camerinus,
358 1228 418 1256 vid.
437 1228 603 1266 Sulpicius.

145 1273 285 1304 Camers,
301 1271 362 1300 vid.
379 1271 531 1300 Clusium.

144 1316 304 1344 Camertes
323 1314 443 1347 Umbri,
461 1319 492 1348 9.
509 1317 564 1344 36.
582 1318 634 1350 28,
652 1319 705 1345 45.

146 1358 310 1392 Camillus,
326 1358 383 1387 vid
407 1358 529 1387 Furius.

145 1403 366 1432 Camoenarum
384 1402 486 1437 lucus,
509 1406 537 1434 l,
556 1406 607 1431 21.

145 1447 306 1484 Campana
320 1443 414 1483 legio,
432 1454 542 1483 poenas
558 1445 624 1477 dat.
642 1448 696 1480 28,
714 1448 765 1474 28.

147 1489 332 1527 Campania,
356 1493 388 1520 2,
419 1493 469 1518 52.
488 1488 649 1527 provincia
674 1488 776 1517 evenit
798 1488 835 1517 C.

191 1532 311 1561 Marcio
327 1531 450 1568 Rutilo,
467 1536 498 1566 7,
515 1535 566 1560 38.

148 1575 313 1614 Campani,
334 1575 439 1612 juncti
463 1574 619 1608 Sidicinis,
643 1574 837 1612 compellun-

189 1623 242 1648 tur
265 1628 283 1648 a
305 1617 499 1648 Samnitibus
522 1618 606 1646 intra
628 1620 747 1647 moenia
769 1627 838 1651 sua,

191 1667 222 1695 7,
240 1666 292 1693 29.
310 1662 349 1690 iis
370 1661 550 1700 petentibus
575 1662 724 1690 auxilium
741 1671 759 1690 a
774 1662 837 1690 Ro-

190 1705 292 1736 manis
323 1708 470 1743 negatur,
500 1705 576 1734 ibid.
598 1708 626 1732 ct
650 1708 702 1734 30.
726 1707 753 1733 ct
785 1709 838 1733 31.

191 1758 224 1777 se
246 1749 366 1778 dedunt
388 1748 552 1785 Romanis,
577 1748 651 1777 ibid.
675 1752 705 1777 et
729 1752 761 1783 8,
789 1752 838 1777 11.

190 1792 388 1821 mulctantur
424 1801 513 1830 agro,
547 1791 622 1821 ibid.
652 1791 691 1820 iis
730 1792 839 1821 civitas

192 1836 259 1864 sine
298 1834 442 1870 suffragio
479 1836 565 1869 data,
601 1839 649 1864 14.
688 1835 842 1874 Campani

193 1884 320 1908 senatus
357 1879 543 1916 obsequium
580 1878 613 1907 in
645 1878 778 1916 plebem,
809 1882 842 1907 et

193 1923 291 1961 plebis
315 1922 453 1956 licentia,
478 1926 531 1955 23,
550 1926 579 1951 2.
601 1925 629 1950 et
653 1926 683 1952 4.
706 1923 842 1951 mittunt

194 1967 313 2005 legatos
331 1966 369 1994 ad
385 1966 556 1995 Varronem
574 1967 748 2002 consulem,
768 1965 842 1994 ibid.

195 2011 232 2038 ad
264 2019 316 2038 eos
339 2009 439 2038 oratio
461 2009 613 2041 consulis,
639 2013 666 2038 5.
693 2010 844 2039 deficiunt

196 2053 234 2081 ad
265 2050 469 2088 Annibalem,
494 2056 524 2082 7.
548 2052 703 2081 suffocant
730 2053 845 2082 Roma-

198 2105 256 2125 nos
283 2096 316 2124 in
345 2095 476 2132 balneis,
499 2095 574 2124 ibid.
597 2099 712 2125 vocant
742 2097 844 2125 Anni-

196 2140 312 2176 balem,
328 2141 381 2174 25,
410 2142 459 2168 15.
488 2139 604 2168 obsessi
636 2148 654 2168 a
681 2141 846 2174 Romanum,

197 2186 274 2211 sunt
311 2182 507 2219 equestribus
544 2182 662 2220 proeliis
699 2183 844 2216 victores,

198 2228 252 2258 26,
277 2230 306 2255 4.
334 2225 507 2254 deliberant
533 2226 571 2254 de
594 2226 764 2262 deditione,
797 2231 847 2257 13.

197 2269 292 2298 Vibio
331 2269 418 2298 Virio
454 2269 617 2304 suadente,
654 2273 772 2308 septem
814 2274 846 2300 et

198 2312 314 2350 viginti
342 2316 500 2341 senatores
524 2321 679 2342 venenum
703 2317 847 2349 sumunt,

199 2355 273 2384 ibid.
309 2358 337 2384 ct
378 2360 426 2384 14.
466 2356 541 2384 urbe
572 2356 689 2393 dedita,
719 2360 846 2386 senatus

202 2399 356 2437 Campani
397 2399 600 2437 supplicium,
644 2403 692 2430 15.
728 2403 756 2429 et
797 2403 847 2431 16.

201 2440 375 2471 multitudo
398 2442 620 2478 venumdatur,
648 2443 721 2472 ibid.
753 2444 846 2473 Cam-

201 2494 355 2523 panorum
379 2485 509 2523 querelae
532 2487 571 2514 de
594 2486 719 2524 Fulvio,
743 2491 775 2516 et
797 2497 850 2517 su-

203 2537 257 2566 per
285 2537 323 2557 ea
358 2537 391 2557 re
421 2530 706 2562 senatusconsulta.
738 2535 792 2560 33.
822 2535 850 2560 ct

204 2575 255 2600 34.
289 2572 522 2610 Campanorum
556 2573 733 2610 conjuratio
770 2574 851 2603 indi-

205 2617 289 2650 cata,
307 2619 362 2651 27,
379 2619 408 2644 3.
422 2616 489 2653 agri
507 2616 658 2654 Campani
671 2626 741 2655 pars
757 2618 849 2646 vendi

207 2664 226 2684 a
254 2657 460 2694 quaestoribus
486 2659 628 2696 jubetur,
660 2665 713 2696 28,
741 2664 792 2690 46.
819 2670 850 2689 a-

207 2708 296 2737 grum
313 2702 506 2740 Campanum
523 2712 665 2732 censores
685 2705 851 2734 fruendum

207 2743 326 2779 locant,
342 2748 396 2780 42,
415 2748 464 2775 19.
480 2746 540 2774 visi.
559 2747 674 2784 Capua.

167 2785 321 2824 Campani
337 2790 462 2824 petunt,
476 2791 512 2816 ut
528 2790 585 2818 sibi
601 2790 681 2819 cives
694 2791 851 2820 Romanas

211 2829 321 2857 ducere
336 2838 446 2858 uxores
462 2831 567 2868 liceat,
585 2837 641 2868 38,
657 2837 708 2863 36.

169 2871 277 2909 Campi
291 2873 490 2908 Argivorum,
505 2878 560 2911 34,
577 2880 629 2905 25.

189 2930 233 2937 ·—·
248 2916 432 2951 Fenectaui,
451 2921 483 2951 8,
503 2920 551 2947 12,

190 2973 232 2981 —-
250 2959 360 2994 Macri,
378 2962 431 2996 41,
449 2963 501 2988 22.

1477 127 1553 166 ‘299

873 229 985 267 Campi
1002 229 1128 267 Magni,
1145 234 1201 267 30,
1221 235 1251 260 8.

891 291 933 296 --
951 271 1106 306 Stellates,
1122 278 1155 310 9,
1172 278 1226 304 44.

892 331 935 337 --
951 316 1133 351 Thessaliae,
1149 322 1205 354 31,
1222 321 1273 346 41.
1292 321 1345 351 42,
1365 323 1415 347 54.

892 375 935 381 —
951 360 1093 396 Veteres,
1112 365 1167 397 25,
1190 364 1238 390 16.

873 404 1010 441 Campus
1027 405 1214 439 AEgestaeus,
1232 409 1286 439 27,
1303 409 1357 433 33.

892 464 934 469 --
952 448 1113 476 Diomedis
1126 448 1250 486 Argivi,
1265 452 1318 483 25,
1340 452 1388 478 12.

892 505 936 511 —
954 491 1135 528 Hyrcaniis,
1153 496 1205 525 37,
1218 496 1271 520 38.

893 550 935 556 -
954 535 1099 567 Martius,
1124 539 1157 567 3,
1188 539 1240 565 27.
1265 535 1296 563 in
1326 545 1362 563 eo
1389 535 1563 565 instructus

915 577 1083 613 exercitus,
1106 582 1137 606 et
1164 578 1328 615 lustratus,
1363 582 1388 614 1,
1416 584 1466 608 44.
1491 590 1563 617 ager

914 620 1169 658 Tarquiniorum,
1207 625 1406 651 consecratus
1453 624 1562 655 Marti,

916 665 1051 692 Martius
1069 665 1179 693 deinde
1198 674 1326 703 campus
1342 665 1415 702 fui-t,
1432 671 1462 697 2.
1481 671 1510 696 5.
1530 667 1563 695 iu

916 717 986 736 eum
1004 709 1137 745 populus
1159 709 1360 738 centuriatim
1384 710 1512 746 citatus,
1529 713 1563 746 (ἰ,

917 756 968 780 20.
993 752 1023 779 in
1043 761 1079 779 eo
1102 753 1231 781 comitia
1254 753 1372 784 habita.
1395 758 1451 791 31,
1477 759 1506 785 7.
1531 754 1563 782 in

916 804 986 823 eum
1004 799 1130 823 senatus
1146 800 1306 834 evocatus,
1323 802 1356 832 3,
1374 799 1427 827 63.

895 855 937 861 -
954 839 1235 877 Metropolitanus,
1253 846 1307 875 38,
1329 844 1378 871 15.

894 898 937 905 —
953 882 1119 916 Priaticus,
1134 888 1189 919 38,
1203 888 1257 914 41.

895 941 938 948 —
954 926 1140 961 Sceleratus.
1165 928 1246 956 unde
1277 936 1392 957 nomen
1423 927 1563 957 habeat?

919 971 948 1001 8,
968 973 1016 997 15.

897 1012 1092 1048 -Thebes,
1119 1011 1304 1042 nobilitatus
1331 1014 1469 1043 carmine
1500 1012 1567 1043 llo-

920 1056 1012 1092 mer'r,
1028 1060 1083 1090 37,
1106 1060 1156 1086 19.

878 1099 984 1129 Canae.
1002 1099 1164 1137 oppidum,
1182 1101 1238 1133 36,
1256 1103 1309 1128 45.
1326 1104 1381 1133 37,
1401 1104 1428 1128 8.

877 1142 1104 1177 Canastraeum,
1130 1143 1382 1180 promontorium
1415 1144 1567 1177 Pallenes,

919 1189 974 1220 31,
990 1190 1043 1215 45.
1060 1189 1115 1222 44,
1135 1189 1182 1214 ιι.

879 1229 1037 1258 Canicula:
1052 1233 1154 1264 ortus,
1170 1233 1223 1260 40,
1242 1233 1295 1259 22.

879 1273 915 1303 C.
944 1273 1096 1302 Caninius
1127 1273 1259 1302 Rebilus
1290 1276 1413 1302 creatur
1442 1276 1569 1311 praetor‚

921 1321 974 1350 42,
1002 1320 1056 1345 28.
1083 1317 1216 1345 sortitur
1256 1316 1405 1350 Siciliam,
1437 1321 1490 1345 31.
1523 1317 1569 1345 M.

923 1359 1077 1388 Caninius
1098 1360 1240 1394 Rebilus,
1256 1360 1378 1398 legatus
1407 1360 1440 1389 in
1468 1361 1572 1390 Mace-

923 1403 1062 1436 doniam,
1088 1408 1141 1437 43,
1172 1407 1221 1432 13.
1238 1404 1360 1433 reducit
1387 1402 1510 1433 obsides
1539 1404 1571 1433 in

923 1445 1104 1479 Thraciam,
1122 1450 1175 1482 45,
1191 1449 1244 1474 42.

882 1489 977 1518 Canis
1009 1490 1106 1518 sectio
1137 1490 1171 1518 in
1200 1489 1389 1519 lustratione
1419 1491 1572 1521 exercitus

926 1533 1135 1568 Macedonici,
1151 1537 1205 1567 40,
1225 1534 1257 1561 6.

883 1577 1010 1612 Canna,
1028 1577 1158 1613 flumen,
1176 1580 1229 1612 25,
1252 1579 1301 1603 12.

884 1621 1015 1656 Cannae,
1045 1620 1145 1651 vicus,
1177 1623 1231 1652 22,
1263 1622 1315 1648 43.
1347 1620 1495 1657 proelium
1535 1621 1574 1650 ad

927 1663 1065 1696 Cannas,
1087 1667 1117 1692 et
1141 1663 1357 1692 Romanorum
1382 1663 1496 1697 clades,
1522 1669 1575 1695 47.

925 1708 953 1734 et
968 1716 1049 1746 seqq.
1289 1703 1292 1705 ’

885 1750 1062 1779 Cannensis
1086 1747 1182 1778 cladis
1205 1748 1369 1778 occasione
1384 1750 1477 1778 multi
1500 1751 1576 1780 socii

926 1802 945 1822 a
959 1793 1112 1823 Romanis
1127 1792 1290 1828 deficiunt,
1305 1796 1359 1828 22,
1373 1795 1425 1822 61.
1438 1793 1575 1832 reliquiae

927 1837 960 1864 iu
977 1836 1114 1866 Siciliam
1138 1836 1328 1870 relegantur,
1344 1840 1398 1870 23,
1416 1840 1469 1865 31.
1493 1839 1577 1877 lega.

927 1880 969 1908 tis
995 1881 1033 1909 ad
1058 1879 1242 1908 Marcellum
1275 1879 1434 1908 consulem
1462 1882 1576 1918 missis,

928 1923 1067 1952 offerunt
1096 1932 1221 1962 operam
1253 1932 1338 1951 suam
1378 1923 1416 1952 ad
1448 1924 1576 1962 bellum,

930 1971 983 2000 25,
1000 1969 1029 1996 6.
1047 1971 1195 1996 constans
1218 1966 1251 1994 in
1266 1975 1318 1995 eos
1341 1971 1469 1997 senatus
1492 1979 1579 1997 sevc-

929 2011 1017 2044 ritas,
1036 2015 1065 2041 7.
1081 2020 1133 2040 eos
1155 2010 1284 2039 minime
1304 2014 1488 2048 aspernatus
1513 2012 1578 2041 Sci-

930 2054 996 2092 pio,
1021 2063 1126 2083 secum
1151 2053 1269 2091 trajicit
1293 2053 1325 2082 in
1349 2054 1501 2088 Africam,
1521 2061 1576 2094 29,

932 2101 983 2126 24.

890 2140 1071 2169 Cannenses
1090 2140 1211 2177 equites
1228 2141 1347 2178 notati,
1365 2143 1417 2175 27,
1441 2146 1490 2171 11.

890 2183 1054 2216 Cantabri,
1069 2182 1157 2220 Epit.
1172 2186 1225 2211 48.

891 2226 1097 2256 Cantherium
1112 2226 1146 2254 in
1162 2225 1258 2261 fossa,
1277 2228 1331 2261 23,
1347 2228 1400 2255 47.

890 2270 927 2299 1..
947 2269 1117 2305 Cantilius,
1132 2269 1233 2298 scriba
1249 2268 1420 2306 pontificis,
1438 2271 1490 2309 qui
1507 2280 1579 2300 cum

932 2313 1052 2349 virgine
1067 2312 1187 2340 Vestali
1210 2316 1354 2350 stuprum
1375 2315 1501 2349 fecerat,
1518 2315 1580 2342 vir-

933 2358 979 2396 gis
1007 2357 1040 2384 in
1068 2356 1197 2384 comitio
1221 2365 1331 2390 caesuS,
1353 2355 1435 2386 inter
1454 2357 1581 2387 verbera

933 2400 1079 2438 exspirat,
1099 2403 1152 2435 22,
1171 2403 1223 2430 57.

892 2444 939 2473 Μ.
958 2443 1104 2478 Cautius,
1123 2443 1269 2472 tribunus
1286 2443 1398 2481 plebis,
1415 2443 1451 2472 L.
1468 2445 1580 2472 Postu-

935 2487 1031 2515 mium
1049 2493 1188 2522 accusat,
1210 2490 1259 2519 10,
1277 2489 1332 2515 46.

895 2531 931 2559 C.
949 2529 1131 2563 Canuleius,
1149 2530 1296 2558 tribunus
1317 2530 1428 2568 plebis,
1445 2528 1580 2566 rogatio-

936 2583 1006 2601 nem
1030 2573 1206 2611 promulgat
1223 2573 1259 2601 de
1283 2574 1408 2602 Patrum
1426 2581 1496 2600 cum
1517 2571 1581 2609 ple-

936 2617 1012 2645 beiis
1042 2616 1216 2653 connubio,
1241 2620 1273 2649 4,
1308 2620 1334 2645 1.
1361 2615 1521 2643 invehitur
1548 2615 1580 2642 in

937 2659 1090 2693 consules,
1107 2663 1138 2688 3.
1428 2655 1437 2668 ⁵

895 2701 929 2730 L.
948 2703 1129 2736 Canuleius,
1153 2702 1272 2740 legatus
1295 2701 1407 2729 missus
1432 2701 1468 2730 ad
1492 2702 1583 2731 AEto-

940 2747 997 2777 IOS.
1015 2750 1068 2779 41,
1085 2750 1136 2774 30.

897 2790 929 2819 L.
963 2789 1134 2818 Canuleius
1164 2787 1272 2817 Dives,
1305 2790 1427 2815 creatur
1456 2792 1584 2825 praetor,

941 2836 995 2868 42,
1012 2835 1063 2859 28.
1089 2831 1218 2859 sortitur
1239 2829 1441 2868 Hispaniam,
1456 2835 1510 2860 31·.
1533 2841 1581 2859 re·

941 2878 1140 2912 cuperatores
1155 2874 1226 2901 dare
1238 2873 1368 2909 jubetur
1380 2874 1413 2903 in
1425 2884 1490 2912 eos,
1507 2884 1584 2913 quos

943 2917 1078 2954 Hispani
1095 2920 1289 2953 accusarent,
1306 2921 1360 2953 43,
1377 2922 1407 2947 2.

901 2958 944 2987 M.
964 2960 1145 2996 Canuleius,
1159 2960 1304 2989 tribunus
1321 2961 1431 2998 plebis,
1449 2964 1480 2998 4,
1497 2965 1549 2990 44.
