1826 3149
99 188 141 262 5⁹5:

153 188 194 264 φφ

207 189 226 263 n-av·

229 189 248 262 0>oe

250 189 280 262 *¹3⁷¹

315 76 389 110 208
844 73 988 111 TITI
1036 72 1215 110 LIVII

315 185 344 206 ‘⁶
353 179 502 233 fecisti,
525 188 562 221 et
583 181 622 222 in
642 183 767 222 aciem
788 196 838 222 ex
857 181 996 222 itinere
1017 181 1180 222 duxisti.
1228 181 1290 222 Ne
1310 181 1493 222 victorem
1516 179 1673 234 quidem·
1695 185 1732 220 te

273 255 281 263 ·
316 243 344 264 ‘⁶
365 239 619 292 adquiescere
641 253 782 291 passus
801 246 885 279 est:
915 239 1056 278 statim
1077 240 1130 279 ad
1148 240 1432 292 persequendos
1453 238 1583 278 hostes
1602 238 1732 278 duxit.

317 301 345 321 ‘⁶
370 295 503 344 Quum
527 303 563 336 te
583 298 720 348 proeda
740 296 950 348 partienda
972 296 1201 346 locupletem
1211 294 1354 348 sacere
1369 302 1507 348 posset,
1523 295 1732 348 pecuniam

317 359 344 379 ‘⁶
364 355 520 408 regiam
543 354 809 393 translaturus
829 353 870 393 in
891 354 1088 405 triumpho
1111 360 1180 401 est,
1205 360 1241 393 et
1270 354 1309 393 in.
1330 353 1513 393 cerarium
1538 352 1732 392 laturus.''

318 412 420 452 Haec
439 411 537 452 sicut
560 412 614 450 ad
635 410 797 449 militurn
820 411 971 450 animos
989 410 1248 451 stimulandos
1268 411 1438 464 aliquem
1459 410 1636 450 aculeum¹
1659 409 1732 449 ha-

317 469 418 517 bent,
443 469 509 522 qui
537 483 678 520 parum
711 467 890 518 licentioe,
909 481 1054 520 parum
1078 468 1258 508 avaritia:
1286 482 1367 508 suae
1397 468 1620 508 inservitum
1642 481 1730 507 cen-

314 532 429 571 sent,-
463 526 520 565 ita
557 527 665 577 apud
703 525 890 577 populum
920 525 1150 565 Romanum
1184 525 1283 564 nihil
1315 525 1552 566 valuissent:
1584 524 1666 577 qui,
1691 530 1734 564 ut

316 589 448 624 vetera
467 589 583 636 atque
601 582 740 622 audita
755 596 780 622 a
799 583 1028 635 parentibus
1043 583 1121 622 suis
1136 597 1212 622 non
1228 589 1395 634 repetat,
1415 596 1503 636 qua?
1519 581 1734 622 ambitione

316 640 596 693 imperatorum
618 640 750 680 clades
766 646 936 691 acceptae
956 640 1047 688 sint,
1061 654 1148 693 qua’
1162 640 1370 680 severitate
1387 640 1540 691 imperii
1559 639 1735 679 victorioe

312 704 456 749 partae,
488 697 664 749 proximo
699 703 803 737 certe
832 698 984 738 Punico
1020 697 1132 743 bello,
1166 698 1261 751 quid
1293 698 1395 737 inter
1426 697 1491 736 Μ.
1515 696 1734 736 Minucium

318 754 554 807 magistrum
577 755 750 808 equitum
779 761 817 794 et
841 754 892 803 Q.
915 755 1084 794 Fabium
1105 754 1338 795 Maximum
1360 755 1590 795 dictatorem
1613 753 1735 794 inter-

305 809 452 863 fuerit,
489 812 674 851 meminit.
734 811 917 865 81Itaque
956 818 1224 851 accusatorem
1260 813 1302 852 id
1339 813 1436 852 scire
1473 811 1655 863 potuisse,
1698 817 1736 850 et

315 883 654 921 supervacaneam
674 867 938 921 defensionem
962 869 1100 909 Paulli
1108 868 1250 921 fuisse.
1290 870 1537 910 Transeatur
1557 870 1612 908 acl
1634 868 1736 907 alte-

316 941 405 967 ram
427 927 648 966 concionem
664 944 675 965 .-
709 940 779 966 nec
803 925 980 974 Quirites
1000 940 1081 977 vos,
1101 928 1172 967 secl
1198 926 1334 966 milites
1354 927 1488 967 videor
1509 925 1733 977 adpellatu-

318 998 394 1032 rus,
417 984 450 1023 si
470 998 606 1024 nomen
635 984 706 1024 hoc
726 984 866 1024 saltem
897 984 1072 1024 ruborem
1092 984 1273 1034 incutere,
1297 989 1336 1024 et
1361 984 1634 1024 verecundiam
1657 982 1735 1023 ali-

317 1055 435 1095 quam
459 1041 702 1090 imperatoris
720 1041 896 1081 violandi
916 1040 1077 1092 adferre
1097 1041 1233 1094 possit.

377 1099 658 1138 XXXVIII.
690 1099 893 1151 Equidem
923 1099 1006 1151 ipse
1037 1099 1149 1139 aliter
1177 1097 1360 1151 adfectus
1389 1098 1518 1139 animo
1547 1112 1646 1147 sum,
1669 1097 1737 1152 qui

317 1156 425 1207 apud
447 1156 652 1195 emercitum
668 1155 762 1195 mihi
777 1157 884 1210 loqui
898 1157 1051 1204 videar,
1070 1171 1191 1210 quam
1207 1156 1348 1209 paullo
1369 1162 1463 1196 ante
1478 1169 1601 1206 eram,
1619 1169 1736 1209 quum

319 1214 373 1252 acl
401 1213 548 1264 plebem
583 1212 780 1253 urbanam
814 1215 1019 1265 spectabat
1048 1214 1187 1254 oratio.
1247 1213 1280 1237 3²
1300 1214 1408 1260 Quid
1439 1214 1560 1253 etiam
1592 1213 1734 1265 dicitis,

318 1269 494 1309 milites?
552 1269 704 1324 Aliquis
723 1277 780 1310 est
801 1271 957 1320 Romae,
978 1277 1122 1323 practer
1143 1273 1310 1320 Persea,
1334 1271 1396 1324 qui
1428 1270 1665 1323 triumphari
1687 1272 1736 1310 de

320 1327 612 1367 Macedonibus
630 1327 728 1367 nolit
742 1325 764 1366 ‚P
794 1334 832 1367 et
849 1343 938 1368 eum
958 1343 1034 1369 non
1050 1329 1188 1368 iisdem
1208 1329 1387 1368 manibus
1401 1327 1631 1380 discerpitis,
1649 1328 1736 1381 qui-

318 1384 388 1424 bus
407 1385 661 1425 Illacedonas
684 1383 864 1425 vicistis?
899 1385 1063 1426 Vincere
1082 1400 1150 1426 vos
1178 1385 1449 1438 prohibuisset,
1471 1385 1505 1426 si
1531 1386 1737 1438 potuisset,

317 1442 385 1495 qui
420 1442 703 1495 triumphantes
743 1443 875 1482 urbem
910 1443 1007 1483 inire
1043 1443 1233 1496 prohibet.
1294 1443 1471 1490 Erratis,
1510 1442 1666 1492 milites,
1702 1443 1738 1482 si

320 1499 555 1552 triumphum
585 1499 834 1551 imperatoris
865 1506 1035 1549 tantum,
1060 1507 1096 1540 et
1127 1515 1201 1541 non
1231 1500 1397 1541 rnilitum
1419 1513 1573 1554 quoque
1594 1506 1630 1540 et
1649 1500 1737 1540 uni-

318 1557 424 1597 versi
461 1556 595 1611 populi
626 1557 814 1606 Romani,
847 1571 927 1597 esse
960 1559 1077 1598 decus
1111 1558 1285 1598 censetis.
1344 1557 1481 1597 ⁸⁵Non
1516 1557 1629 1597 unius
1665 1557 1737 1598 hoc

322 1614 475 1654 Paulli.
508 1614 640 1654 Multi
657 1615 791 1663 etiam,
808 1615 874 1668 qui
895 1615 945 1654 ab
960 1622 1097 1656 senatu
1113 1630 1189 1655 non
1204 1615 1469 1668 impetrarunt
1486 1614 1734 1667 triumphum,

318 1670 359 1711 in
379 1677 507 1711 monte
519 1671 676 1711 Albano
692 1672 996 1723 triznnpliarunt.
1058 1672 1190 1712 Nemo
1206 1673 1260 1713 L.
1278 1672 1425 1713 Paullo
1441 1672 1574 1727 magis
1590 1672 1738 1725 eripere

317 1729 437 1768 decus
465 1726 628 1780 perfecti
658 1728 745 1768 belli
769 1729 1024 1770 Macedonici
1051 1735 1188 1782 potest,
1211 1744 1328 1784 quam
1353 1729 1399 1770 C.
1425 1728 1587 1769 Lutatio
1616 1729 1737 1780 primi

319 1785 465 1826 Punici
495 1785 600 1834 belli,
623 1800 742 1840 quam
763 1787 816 1827 P.
839 1787 1018 1827 Cornelio
1047 1787 1219 1838 secundi,
1241 1786 1274 1810 ⁸⁴
1287 1800 1407 1841 quam
1436 1786 1528 1835 illis,
1551 1786 1619 1840 qui
1649 1793 1737 1839 post

320 1857 383 1883 eos
405 1843 775 1895 triunipltaverunt².
836 1843 923 1884 Nec
949 1845 996 1885 L.
1021 1845 1209 1886 Paullum
1231 1845 1419 1885 minore-m
1443 1850 1514 1884 aut
1543 1842 1736 1897 maiorem

319 1900 592 1952 imperatorem
624 1901 839 1953 triumphus
855 1900 1000 1953 saciet.
1031 1902 1195 1942 militum
1226 1902 1356 1956 magis
1384 1901 1425 1940 in
1455 1901 1524 1941 hoc
1551 1901 1736 1942 universi-

320 1971 395 2010 que
411 1958 548 2009 populi
564 1957 870 2010 Romanisama
892 1960 1040 2013 agitur.
1060 1959 1224 2011 primum
1245 1958 1333 1999 ⁸⁵ne
1348 1958 1510 1999 invidiae
1530 1964 1566 1998 et
1586 1958 1738 2012 ingrati

320 2014 442 2054 animi
461 2015 650 2055 adversus
661 2015 917 2056 clarissimum
939 2031 1128 2070 quemque
1148 2017 1265 2057 civem
1286 2016 1502 2070 opinionem
1525 2016 1683 2064 liabeat,
1701 2021 1740 2055 et

319 2070 469 2111 imitari
489 2072 525 2111 in
549 2073 621 2112 hoc
648 2073 831 2125 populum
855 2074 1141 2122 Atheniensem,
1168 2074 1401 2114 lacerantem
1423 2073 1573 2113 invidia
1590 2073 1737 2126 princi-

317 2142 388 2179 pes
408 2142 508 2177 suos,
527 2130 722 2172 videatur.
753 2131 859 2171 Satis
875 2138 1075 2184 peccatum
1093 2131 1132 2171 in
1152 2131 1320 2172 Camillo
1334 2145 1359 2170 a
1376 2129 1586 2184 majoribus
1602 2130 1739 2171 vestris

321 2191 393 2234 est,
415 2200 524 2240 quem
556 2193 685 2227 tamen
716 2194 808 2228 ante
838 2195 1030 2242 receptam
1054 2203 1127 2240 per
1147 2203 1230 2229 eum
1253 2203 1278 2228 a
1302 2188 1434 2228 Gallis
1459 2188 1588 2228 urbem
1609 2187 1737 2228 viola-

402 2302 418 2319 e
432 2311 516 2339 quam
533 2300 650 2340 [decora
665 2302 768 2341 cuique
781 2302 849 2342 sua]
867 2303 925 2332 illis
939 2304 988 2342 qui
1004 2302 1087 2342 [ante
1098 2311 1193 2341 postve
1207 2302 1264 2343 eos]
1282 2301 1546 2340 triumphaverunt.
1562 2301 1654 2331 Crev-

366 2408 404 2438 81
432 2409 534 2449 Itaqne
560 2412 770 2452 accusatorem]
802 2411 862 2442 Hic
891 2411 1009 2452 aliquid
1052 2423 1121 2443 mus
1137 2413 1242 2453 aliqua
1264 2411 1424 2446 excidisse,
1441 2416 1472 2441 et
1488 2409 1665 2441 asteriscum
1682 2420 1737 2453 ap-

323 2455 370 2480 est
399 2452 482 2491 quod
510 2452 657 2483 offendat.
703 2453 791 2494 Legit
816 2454 1008 2486 Gronovius:
1052 2455 1230 2497 ponendum
1244 2464 1309 2485 esse
1323 2460 1391 2496 post
1404 2464 1515 2484 nomen
1531 2454 1643 2484 Paulli.

323 2494 420 2533 itaque
443 2500 470 2524 et
496 2501 646 2525 accusator
671 2497 701 2526 id
727 2498 799 2526 scire
821 2499 968 2536 potuisset,
984 2505 1009 2528 ct
1096 2499 1137 2528 84
1163 2499 1258 2532 Quam
1283 2499 1385 2527 decora
1406 2499 1508 2536 cuique
1527 2507 1580 2527 sua
1605 2498 1665 2529 illis
1688 2498 1739 2536 qui

323 2546 536 2575 supervacanea
581 2539 685 2568 Paulli
729 2539 857 2580 defensio
889 2541 1010 2581 fuisset.
1053 2547 1122 2571 ante
1145 2547 1240 2580 postve
1265 2551 1308 2570 eos
1335 2539 1602 2580 triumphaverunt]
1642 2540 1736 2570 Hunc

326 2579 394 2609 Nos
426 2579 544 2621 aliquid
574 2580 662 2611 Livio
696 2580 818 2621 dignius
854 2583 1011 2615 desidera-
1056 2582 1156 2613 locum
1191 2583 1222 2612 in
1250 2586 1352 2613 vetere
1381 2582 1548 2624 exemplari
1581 2582 1736 2617 mutilum,

325 2632 405 2652 muS.
1056 2631 1213 2666 utcunque
1232 2625 1388 2666 expletum
1411 2625 1508 2655 habes
1530 2635 1567 2655 ex
1591 2625 1738 2656 Gronovii

369 2666 409 2695 82
435 2665 515 2699 Quid
550 2667 636 2696 etiarn
670 2666 782 2706 dicitis]
827 2667 910 2708 Lege
940 2678 1011 2699 eum
1056 2668 1117 2699 sere
1145 2668 1309 2699 sententia.
1355 2668 1454 2698 Vetus
1482 2667 1630 2709 scriptura
1658 2668 1738 2698 nihil

325 2707 463 2743 Murato,
480 2710 549 2748 quid
563 2711 649 2739 enim.
1055 2710 1141 2741 aliud
1163 2710 1283 2746 habuit,
1300 2709 1357 2740 nisi
1374 2722 1459 2750 quam
1481 2712 1540 2741 illis
1559 2713 1609 2751 qui
1631 2712 1736 2741 trium-

369 2751 410 2781 83
435 2751 502 2781 Non
524 2753 613 2782 unius
632 2753 683 2782 hoc
699 2752 813 2782 Paulli.
859 2753 953 2783 Multi
966 2760 1008 2783 et·
1050 2754 1225 2792 phaner-unt.

325 2793 385 2822 iam
407 2815 416 2824 .
439 2815 448 2824 .
472 2796 502 2824 in
525 2802 620 2826 monte
634 2796 745 2825 Albano
771 2796 1007 2837 triumpharunt]
1097 2797 1138 2827 85
1162 2796 1208 2826 Ne
1250 2797 1374 2827 invictioe
1414 2803 1441 2828 et
1479 2798 1593 2838 ingrati
1627 2796 1737 2837 animi]

326 2835 405 2866 Haec
428 2847 541 2869 manca
555 2848 621 2868 esse
640 2837 737 2868 cuivis
759 2843 856 2879 patet.
902 2839 1009 2869 Credi-
1054 2839 1224 2871 Mallemus
1238 2840 1342 2870 invidi.
