1826 3149
121 205 163 236 U.
175 204 213 237 C.
227 204 300 236 585.

121 248 162 279 A.
175 247 213 279 C.
229 248 300 278 167.

335 90 406 124 188
840 85 1214 124 T1T1L1V11

332 208 398 234 res
429 191 780 250 sollicitatumque
809 195 896 251 jam
932 195 1115 237 animum
1146 211 1278 252 quum
1308 196 1500 247 venisset,
1521 197 1743 253 adgressus

332 248 365 274 ⁸⁴¹
379 251 632 306 tempestivis
672 250 930 314 temporibus
969 267 1055 292 rem
1094 268 1224 309 prope
1267 253 1502 309 prolapsam
1541 254 1741 304 restituit,

121 315 319 357 Castigantur
333 307 423 348 aliis
442 308 524 348 alia
545 322 670 362 regna
691 321 853 348 crevzsse
872 309 998 356 rebus,
1022 308 1220 351 dicendo:
1252 325 1415 364 regnum
1437 324 1566 351 eorum
1588 325 1741 361 novum,

121 368 141 388 a
156 358 278 390 Stratie.

120 1972 232 2004 stratio
246 1973 299 2004 ob-

119 2021 270 2057 temperat

120 2058 257 2091 Attalus.

331 364 448 405 nullis
466 366 626 405 vetustis
640 364 865 416 fiindatum
885 365 1032 417 opibus,
1042 365 1234 416 fraterna
1254 374 1360 408 stare
1379 368 1583 408 concordia
1597 386 1609 407 :
1641 369 1745 421 quod

333 436 432 462 unus
451 436 588 461 nomen
608 423 760 475 regium
783 428 821 461 et
848 423 1091 474 praecipuum
1112 424 1252 475 capitis
1271 425 1426 479 insigne
1454 431 1586 478 gerat,
1609 438 1744 464 omnes

320 478 477 531 fratres
505 485 681 532 regnent.
742 479 923 519 Attalum
944 494 1047 528 vero,
1070 480 1165 533 quia
1185 487 1303 522 (etate
1328 482 1540 533 proicimus,
1563 482 1649 535 quis
1668 496 1744 522 non

327 550 403 588 pro
432 550 526 589 rege
553 536 694 576 habeat
712 534 733 575 ἓ
761 550 884 590 neque
905 551 948 577 eo
973 537 1109 586 solum,
1134 538 1227 590 quia
1263 545 1397 579 tantas
1427 545 1640 591 praesentes
1660 537 1745 593 ejus

332 607 421 645 opes
441 599 588 641 cernat,
610 594 679 632 sed
699 594 801 647 quod
827 594 934 634 haud
963 594 1195 649 ambiguum
1219 609 1344 648 prope
1363 596 1467 636 diem
1486 602 1745 650 regnaturum

333 665 418 690 eum
438 649 671 700 infirmitate
685 657 875 705 aetateque
888 652 1078 691 Eumenis
1099 659 1210 699 esset,
1225 653 1376 693 nullam
1397 653 1559 705 stirpem
1583 653 1744 693 liberum.

335 706 511 747 habentis
526 725 538 747 :
572 708 766 761 (necdum
787 707 895 748 enim
916 717 1141 764 agnoverat
1161 707 1193 733 ⁸⁵
1207 725 1316 760 eum,
1340 711 1413 765 qui
1434 718 1578 766 postea
1597 725 1743 766 regnae

332 763 428 818 vit).
488 764 521 788 ⁸⁶
537 765 643 813 Quid
675 765 869 805 adtineret
897 766 976 805 vim
1006 764 1165 817 adferre
1199 766 1269 816 rei,
1299 781 1370 807 sua
1399 774 1537 819 sponte
1567 782 1659 808 mox
1689 768 1744 807 ad

333 835 422 860 eum
454 820 717 862 adventurae?
746 822 964 862 Accessisse
992 823 1114 863 etiam
1144 838 1284 864 novam
1321 830 1591 877 tempestatem
1620 838 1745 878 regno

332 879 521 920 tumultus
551 879 712 928 Gallici,
737 880 799 919 cui
827 879 895 920 via:
923 893 1107 920 consensu
1137 887 1173 919 ct
1205 882 1410 921 concordia
1442 896 1582 935 regum
1614 881 1746 921 resisti

332 942 465 990 queat.
525 937 569 978 Si
589 951 680 977 vero
702 937 757 976 ad
787 943 985 976 externum
1014 937 1155 976 bellum
1177 939 1388 978 darnestica
1416 939 1554 979 seditio
1575 938 1744 992 adjicia—

335 999 409 1041 tur,
430 994 515 1033 sisti
535 1008 612 1033 non
629 1007 743 1046 posse
755 1010 771 1042 ;
801 993 908 1034 87nec
935 993 1046 1034 aliud
1067 1008 1168 1042 eum,
1188 1009 1322 1049 quam,
1344 1010 1392 1035 ne
1408 994 1544 1047 frater
1563 996 1603 1035 in
1622 1010 1746 1050 regno

334 1051 535 1099 moriatur,
553 1051 626 1090 sibi
645 1051 722 1103 ipsi
739 1065 842 1103 spem
869 1051 1128 1104 propinquam
1149 1052 1262 1106 regni
1282 1059 1517 1105 erepturum.
1575 1053 1619 1093 Si
1638 1060 1746 1093 utra-

334 1121 409 1160 que
426 1107 601 1161 gloriosa
632 1122 694 1148 res
714 1114 825 1156 esset,
848 1116 885 1148 et
912 1122 1087 1149 servasse
1104 1107 1235 1161 fratri
1264 1124 1442 1164 regnum,
1465 1116 1502 1150 et
1532 1110 1744 1162 eripuisse;

333 1165 483 1205 servati
513 1171 644 1205 tamen
673 1165 799 1219 regni,
832 1180 915 1219 quae
934 1163 1079 1219 juncta
1108 1166 1248 1218 pietati
1277 1168 1338 1215 sit,
1362 1167 1549 1219 potiorem
1583 1168 1743 1207 laudem

321 1219 461 1272 sitisse.
525 1222 603 1262 Sed
633 1223 828 1262 enimvero
857 1237 973 1276 quum
996 1223 1234 1263 detestabilis
1254 1223 1380 1264 altera
1410 1238 1473 1264 res
1494 1231 1529 1264 et
1561 1224 1743 1276 proxima

330 1279 545 1330 parricidio
565 1280 628 1330 sit,
648 1281 744 1334 quid
774 1280 830 1319 ad
859 1280 1175 1321 deliberationem
1199 1281 1308 1320 dubii
1336 1280 1567 1334 superesse?
1605 1281 1745 1322 Utrum

332 1335 434 1375 enim
464 1342 621 1388 partem
656 1337 772 1390 regni
799 1337 1013 1389 petiturum
1049 1351 1145 1386 esse,
1179 1352 1228 1377 an
1264 1344 1387 1378 totum
1417 1337 1674 1391 erepturum?
1712 1339 1745 1379 si

328 1399 484 1445 partem
499 1416 514 1440 ,·
548 1394 664 1433 ambo
694 1393 880 1444 infirmos,
903 1395 1101 1435 distractis
1129 1395 1285 1444 viribus,
1315 1402 1352 1435 et
1382 1396 1560 1436 omnibus
1590 1394 1746 1450 injuriis

334 1451 520 1491 obnoxios
553 1449 670 1503 fore.-
715 1452 748 1491 si
788 1457 907 1491 totum
922 1467 937 1499 ;
984 1452 1234 1504 privatumne
1279 1467 1374 1507 ergo
1425 1451 1611 1507 majorem
1648 1452 1744 1504 fra-

334 1514 445 1556 trem,
482 1522 533 1548 an
573 1508 747 1548 exsulem
783 1508 854 1548 illa
888 1515 1019 1558 aetate,
1054 1509 1124 1549 illa
1164 1510 1336 1562 corporis
1369 1509 1608 1561 infirmitate,
1645 1509 1678 1534 ⁸⁸
1692 1525 1744 1551 an

333 1564 512 1604 ultimum
542 1566 642 1606 mori
660 1564 906 1619 jussurum?
964 1567 1191 1621 Egregium
1222 1568 1323 1608 enim
1345 1566 1409 1619 (ut
1429 1565 1587 1619 fabulis
1617 1568 1743 1608 tradi-

334 1627 396 1662 tus
433 1622 626 1674 inpiorum
665 1621 846 1674 fratrum
885 1631 1043 1663 eventus
1083 1627 1283 1679 taceatur)
1321 1626 1461 1666 Persei
1499 1625 1645 1665 eaeitum
1684 1625 1742 1666 vi-

332 1679 429 1729 deri,
450 1680 517 1733 qui
546 1694 596 1719 ex
612 1678 806 1731 fraterna
841 1681 944 1720 ccede
972 1687 1131 1733 raptum.
1165 1681 1352 1722 diadema
1378 1682 1417 1721 in
1442 1682 1582 1734 templo
1602 1682 1747 1723 Samo-⁴

333 1736 522 1785 thracum,
548 1736 649 1777 velut
676 1737 933 1789 prcesentibus
965 1738 1059 1778 Diis
1088 1738 1332 1793 exigentibus
1357 1752 1508 1790 poenas,
1539 1739 1595 1778 ad
1621 1740 1744 1791 pedes

330 1793 488 1834 victoris
527 1794 646 1834 hostis
684 1800 908 1846 prostratus
943 1795 1125 1847 posuerit.
1185 1797 1273 1836 Eos
1311 1796 1428 1848 ipsos,
1462 1796 1539 1850 qui,
1575 1809 1652 1835 non
1686 1796 1747 1836 illi

331 1850 464 1900 amici,
495 1851 566 1891 sed
594 1852 766 1891 Eumeni
798 1852 945 1905 infesti,
977 1852 1172 1893 stimulent
1208 1867 1309 1901 eum,
1342 1853 1526 1904 pietatem
1561 1859 1742 1894 constan-

332 1908 502 1961 tiamque
524 1908 772 1958 laudaturos,
794 1909 829 1949 si
836 1908 964 1959 fidem
987 1910 1042 1949 ad
1062 1909 1243 1950 ultimum
1252 1908 1382 1962 fiatri
1400 1910 1657 1962 praestitisset.

390 1965 499 2005 XX.
534 1967 638 2006 Haec
668 1966 763 2022 plus
787 1966 953 2007 valuere
983 1966 1024 2006 in
1051 1967 1187 2008 Attali
1220 1967 1367 2008 animo.
1431 1968 1582 2022 Itaque
1613 1966 1741 2009 intro-

332 2020 485 2062 ductus
517 2022 559 2062 in
590 2031 792 2072 senatum,
820 2023 1057 2078 gratulatus
1087 2023 1316 2073 victoriam,
1339 2032 1380 2065 et
1410 2038 1485 2064 sua
1516 2023 1664 2065 merita
1692 2040 1741 2065 eo

331 2078 440 2118 bello
460 2078 698 2135 fratrisque,
721 2079 753 2120 si
774 2094 858 2135 qua
878 2088 1010 2131 erant,
1032 2089 1073 2122 et
1096 2080 1314 2121 Gallorum
1336 2080 1622 2130 defectionem,
1645 2096 1742 2136 quae

331 2149 465 2190 nuper
484 2135 642 2191 ingenti
671 2145 789 2178 motu
819 2136 930 2178 facta
949 2144 1051 2187 erat,
1074 2137 1278 2193 exposuit.
1340 2137 1482 2187 Petiit‚
1505 2145 1553 2178 ut
1583 2137 1741 2193 legatos

375 2248 416 2278 84
454 2249 634 2288 Tempestivis
685 2249 870 2290 temporibus]
931 2251 1014 2291 Lege
1057 2261 1146 2291 regno
1169 2251 1322 2284 moriatur,
1345 2249 1377 2279 id
1404 2255 1461 2286 est,
1489 2249 1562 2279 dum
1590 2254 1673 2280 vetat
1703 2260 1741 2280 ne

332 2301 403 2321 cum
419 2291 585 2327 Gronovio,
602 2293 771 2330 tempestivis
783 2295 966 2324 sermonibus.
1058 2292 1150 2324 frater
1170 2293 1202 2324 in
1224 2303 1317 2333 regno
1339 2293 1495 2323 moriatur.
1539 2292 1589 2322 Ne
1605 2292 1696 2322 frater
1711 2292 1742 2322 in

376 2335 417 2363 85
442 2335 518 2363 Eum
543 2337 593 2374 qut
617 2340 711 2373 postea
740 2336 887 2376 regnarit]
922 2336 1014 2366 Atta·
1059 2346 1151 2376 regno
1186 2335 1342 2370 moriatur,
1372 2336 1429 2366 hoc
1458 2340 1638 2375 assequetur
1658 2334 1741 2381 ¹ipse,

332 2375 396 2405 lum
434 2377 653 2411 Philometora,
685 2376 737 2417 qui
774 2379 913 2417 regnavit
947 2383 1016 2419 post

332 2418 414 2448 hunc
435 2418 576 2449 Attalum
605 2424 748 2460 patruum
771 2430 871 2456 suum,
895 2426 925 2451 et
953 2422 1016 2451 hae-

332 2460 404 2491 rede
418 2462 530 2503 populo
546 2461 690 2492 Romano
706 2461 847 2493 decessit.

377 2504 419 2534 86
443 2504 522 2537 Quid
550 2506 687 2534 attineret
708 2507 763 2534 rim
788 2505 911 2545 afferre]
949 2505 1015 2535 Ad-

334 2545 482 2577 mittimus
494 2546 741 2577 emendationem
758 2547 923 2578 Gronovii:
947 2549 1017 2588 quid

333 2591 458 2620 attinere
471 2591 529 2619 vim
542 2589 656 2630 afferri.

377 2633 417 2662 37
451 2632 512 2662 Nec
546 2633 630 2662 aliud
668 2644 733 2662 eum
771 2633 872 2672 quam]
918 2632 1016 2662 Recte

333 2680 440 2706 censet
466 2674 614 2716 Dujatius
644 2675 694 2705 hic
726 2675 812 2705 nulla
846 2674 1016 2705 mutatione

334 2728 411 2758 opus
427 2728 504 2748 esse.
548 2717 667 2748 Sufficit
682 2728 719 2748 ex
742 2728 824 2748 more
841 2716 920 2747 Livii
942 2728 1013 2757 sup-

334 2760 417 2800 plere
445 2760 627 2801 effecturum.
673 2759 734 2791 Nec
766 2761 850 2790 aliud
879 2770 943 2789 eum
970 2759 1014 2789 ef-

335 2803 498 2838 fecturum,
527 2815 613 2843 quam.
639 2804 690 2833 sibi
718 2805 770 2843 ipsi
796 2814 871 2842 spem
897 2803 1013 2841 propin-

334 2856 419 2884 quam
455 2848 538 2886 regni
573 2853 749 2886 erepturum,
786 2857 821 2876 ne
846 2845 949 2886 frater
984 2847 1014 2875 in

1058 2384 1092 2408 ut
1106 2377 1163 2409 sibi
1184 2388 1269 2419 spem
1291 2378 1495 2419 propinquam
1516 2377 1600 2418 regni
1623 2377 1745 2419 eripiat.

1061 2422 1206 2452 Ceterum
1224 2421 1383 2462 ingeniosa
1404 2427 1508 2451 tamen
1528 2426 1575 2450 est
1594 2420 1742 2451 Gronovii

1059 2463 1252 2494 emendatio:
1300 2463 1362 2493 Nec
1403 2464 1486 2493 aliud
1530 2473 1595 2493 eum
1628 2463 1741 2504 j'ratri,

1059 2518 1145 2546 quam
1158 2518 1193 2536 ne
1207 2507 1239 2535 in
1252 2517 1341 2546 regno
1359 2507 1512 2539 moriatur,
1527 2507 1579 2535 sibi
1601 2507 1654 2545 ipsi
1669 2517 1745 2545 spem

1057 2551 1247 2589 propinquam
1261 2550 1345 2589 regni
1358 2554 1537 2587 erepturum.

1103 2592 1143 2621 88
1167 2592 1213 2621 An
1245 2592 1397 2632 ultimum]
1442 2590 1586 2620 Ultimum
1616 2590 1665 2620 hic
1697 2590 1743 2620 in-

1060 2638 1261 2674 terpretamur
1275 2635 1313 2663 ad
1330 2635 1476 2667 ultimum,
1492 2635 1623 2673 denique.
1667 2634 1743 2663 Par-

1060 2676 1187 2706 ticulam
1222 2688 1272 2711 an,
1307 2686 1400 2716 quam
1436 2681 1535 2706 mutat
1571 2675 1744 2706 Gronovius

1058 2718 1089 2748 in
1118 2720 1166 2753 ad,
1195 2718 1387 2749 retinendam
1419 2729 1484 2749 esse
1518 2718 1741 2753 existimamus,

1058 2766 1093 2791 ut
1128 2761 1249 2791 tertium
1286 2761 1343 2792 hoc
1381 2761 1419 2792 sit
1455 2760 1613 2792 divisionis
1642 2771 1740 2791 mem-

1058 2803 1157 2834 brum-
