1831 3174
136 242 176 272 U.
188 241 224 272 C.
237 241 309 271 574.

132 284 170 313 A.
183 284 221 315 C.
238 283 305 313 178.

132 520 203 551 Istri
219 531 293 562 epu—

132 564 234 594 lantur
249 564 280 594 in

133 606 240 637 eastris

133 650 226 681 Rom.

133 919 310 961 'l‘repidatio

137 963 291 993 Romano-

136 1016 210 1035 ium.

143 1595 289 1627 Redeunt
302 1593 341 1642 afl
351 1586 449 1627 belli
479 1587 617 1628 hostes
646 1587 935 1628 meminissent.

140 1644 241 1670 castra
266 1647 341 1668 reci-

141 1682 265 1724 pienda.

343 128 365 157 4
877 122 1010 161 TITI
1050 121 1216 160 LIVII

344 245 474 271 vacua
520 240 653 272 castra
687 232 830 288 inpetu
870 232 995 281 facto,
1034 231 1147 280 Istri,
1183 245 1315 286 quum
1350 230 1455 270 alius
1489 236 1672 270 armatus
1707 227 1756 268 iis

343 302 463 327 nemo
496 288 659 329 obviam
693 289 804 338 isset,
840 289 881 328 in
916 288 1110 343 praetorio
1144 288 1414 328 instruentem
1453 294 1580 340 atque
1612 284 1759 324 adhor-

345 352 501 385 tantem
542 360 636 386 suos
670 346 973 401 obpresserunt.
1050 344 1250 384 Proelium
1291 343 1483 392 atrocius,
1520 356 1644 397 quam
1684 355 1760 395 pro

344 400 553 455 paucitate
592 401 883 451 resistentium,
919 401 1023 441 fuit:
1070 416 1143 441 nec
1183 409 1277 441 ante
1317 399 1481 440 finitum
1520 406 1595 447 est,
1636 411 1762 452 quam

345 456 538 497 tribunus
567 457 760 507 militum,
792 457 948 512 quique
978 457 1082 498 circa
1118 472 1212 497 eum
1242 455 1523 505 constiterant,
1556 452 1763 495 interfecti

347 521 454 553 sunt.
528 514 735 564 ,Praetorio
775 513 950 570 dejecto,
992 513 1177 569 direptis,
1219 529 1313 568 quae
1353 512 1410 552 ibi
1454 512 1639 560 fuerunt,
1676 508 1761 549 Sad

347 570 615 624 quaestorium
637 570 774 610 forum
795 570 1122 626 quintanamque
1147 570 1285 610 hostes
1310 575 1600 624 pervenerunt.
1676 565 1759 616 Ibi,

347 641 478 680 quum
518 627 701 667 omnium
741 642 878 667 rerum
918 635 1104 682 paratam
1149 626 1461 681 expositamque
1505 623 1679 679 copiam,
1720 631 1761 663 et

348 690 496 724 stratos
534 683 658 724 lectos
698 683 739 723 in
778 684 1002 738 quaestorio
1040 683 1302 733 invenissent,
1344 681 1513 737 regulus
1552 680 1763 721 adcubans

347 739 504 794 epulari
535 739 671 795 coepit.
703 755 799 780 mox
830 740 938 780 idem
974 740 1097 781 ceteri
1131 755 1287 789 omnes,
1318 753 1526 779 armorum
1561 736 1761 777 hostium-

347 811 428 850 que
458 795 591 845 obliti,
621 796 797 837 faciunt:
830 805 886 847 et,
918 805 965 838 ut
995 797 1148 852 quibus
1177 796 1364 837 insuetus
1394 794 1599 836 liberalior
1628 793 1763 833 victus

346 861 465 901 esset,
487 852 649 892 avidius
669 853 765 893 vino
786 853 960 908 ciboque
981 868 1152 909 corpora
1170 861 1352 893 onerant.

406 909 494 948 III.
528 909 805 964 Nequaquam
832 910 974 950 eadem
1005 918 1065 950 est
1096 918 1185 950 tum
1216 909 1274 949 rei
1304 910 1437 949 forma
1466 907 1579 964 apud
1610 908 1763 947 Roma-

347 980 438 1005 nos:
472 973 596 1015 terra,
618 966 721 1006 mari
748 966 998 1021 trepidatur:
1045 966 1200 1007 nautici
1220 965 1486 1006 tabernacula
1517 963 1762 1013 detendunt,

348 1030 706 1077 commeatumque
741 1022 782 1062 in
813 1023 932 1063 litore
962 1023 1196 1078 expositum
1226 1022 1267 1062 in
1298 1038 1422 1063 naves
1456 1021 1642 1077 rapiunt:
1688 1019 1763 1060 mi-

350 1078 440 1118 lites
461 1078 501 1118 in
524 1078 694 1133 scaphas
715 1087 756 1120 et
777 1095 888 1119 mare
909 1079 1041 1120 territi
1068 1088 1214 1120 ruunt:
1256 1087 1410 1129 nautae,
1432 1087 1547 1119 metu
1576 1093 1627 1117 ne
1657 1092 1765 1117 com-

349 1134 542 1189 pleantur
577 1135 755 1191 navigia,
788 1135 854 1176 alii
890 1136 1025 1177 turbae
1059 1136 1280 1186 obsistunt,
1312 1136 1379 1176 alii
1410 1136 1462 1176 ab
1492 1135 1611 1176 litore
1640 1148 1765 1174 naves

350 1191 391 1230 in
422 1191 553 1232 altum
584 1192 810 1247 expellunt.
841 1192 937 1232 inde
966 1200 1187 1242 certamen,
1218 1208 1314 1233 mox
1344 1192 1469 1234 etiam
1498 1206 1642 1248 pugna
1670 1205 1764 1230 cum

351 1247 590 1288 vulneribus
620 1257 660 1289 et
691 1249 802 1289 caede
832 1249 872 1289 in
903 1249 1033 1289 vicem
1069 1249 1247 1290 militum
1282 1258 1588 1304 nautarumque
1617 1247 1765 1296 oritur,

351 1304 479 1344 donec
513 1305 634 1360 jussu
675 1305 852 1346 consulis
891 1306 1035 1362 procul
1074 1322 1099 1346 a
1137 1315 1246 1347 terra
1285 1306 1422 1346 classis
1461 1306 1653 1345 submota
1691 1312 1764 1344 est.

355 1362 570 1401 Secernere
596 1361 691 1402 inde
726 1362 899 1403 inermes
926 1362 977 1403 ab
1003 1362 1170 1403 armatis
1196 1363 1333 1418 coepit.
1357 1362 1425 1402 vix
1452 1362 1562 1402 mille
1598 1360 1766 1401 ducenti

352 1432 402 1457 ex
428 1426 545 1458 tanta
570 1418 853 1468 multitudine,
883 1419 955 1474 qui
991 1434 1104 1459 arma
1128 1419 1342 1468 haberent,
1370 1418 1565 1474 perpauci
1592 1417 1766 1473 equites,

352 1473 425 1528 qui
456 1489 584 1528 equos
614 1489 749 1515 secum
786 1475 1038 1524 eduxissent,
1069 1475 1225 1516 inventi
1263 1484 1370 1516 sunt.
1403 1484 1538 1516 cetera
1571 1473 1767 1514 deformis

351 1530 490 1579 turba,
531 1530 646 1571 velut
686 1531 863 1571 lixarum
903 1531 1190 1587 calonumque,
1226 1532 1368 1587 praeda
1407 1547 1502 1572 vere
1541 1531 1699 1580 futura,
1736 1529 1768 1570 si

1008 1588 1176 1628 ⁹Tunc²¹
1205 1588 1372 1628 demum
1403 1587 1577 1628 nuncius
1606 1587 1659 1628 ad
1689 1595 1770 1628 ter-

354 1642 453 1683 tiam
484 1643 684 1697 legionem
715 1644 1000 1693 revocandam,
1023 1653 1063 1685 et
1096 1644 1311 1684 Gallorum
1342 1644 1600 1699 praesidium:
1646 1652 1688 1685 et
1718 1644 1769 1685 si-

355 1699 442 1739 mul
472 1714 522 1738 ex
557 1699 749 1740 omnibus
783 1700 881 1740 locis
915 1700 968 1740 ad
1003 1709 1136 1741 castra
1169 1700 1402 1755 recipienda
1440 1700 1768 1755 demendamque

357 1755 620 1809 ignominiam
641 1756 764 1796 rediri
794 1765 978 1812 coeptum
1005 1765 1077 1797 est.
1140 1757 1320 1797 Tribuni
1346 1757 1526 1798 militum
1552 1756 1685 1798 tertiae
1712 1757 1766 1797 le-

357 1811 488 1866 gionis
527 1812 727 1868 pabulum
769 1813 963 1869 lignaque
1002 1813 1200 1869 projicere
1237 1814 1406 1869 jubent:
1457 1813 1768 1857 centurionibus

947 1896 962 1919 d
980 1897 1055 1927 Tum
1072 1897 1164 1929 Crev-

360 1974 537 2016 manipulis.
566 1974 639 2005 vid.
656 1980 716 2005 not.
728 1976 756 2005 2.
781 1975 819 2006 ad
834 1975 856 2006 l.
874 1975 1035 2007 XXXIII.

361 2026 389 2047 c.
410 2019 437 2048 l.

404 2061 422 2090 8
447 2061 493 2090 Aa
511 2062 696 2100 quaestorium
711 2060 818 2102 forwn
842 2061 1035 2095 Quintanam-

360 2103 428 2142 que]
455 2103 527 2134 Duo
543 2103 625 2134 fuere
640 2102 672 2132 in
687 2104 794 2134 castris
806 2104 956 2135 Romanis
971 2104 1035 2135 fora

361 2154 461 2175 rerum
485 2146 657 2176 venalium:
697 2146 827 2176 alterum
856 2147 895 2177 ad
924 2154 1035 2188 praeto-

362 2186 450 2223 rium,
473 2187 536 2218 sive
552 2189 784 2219 tabernaculum
800 2189 897 2225 ducis,
922 2190 959 2220 de
975 2200 1036 2230 quo

360 2230 473 2261 diserte
494 2231 652 2272 Polybius,
675 2231 752 2262 libro
767 2238 870 2262 sexto:
906 2233 1035 2263 alterum

361 2272 401 2302 ad
444 2273 651 2314 quaestorium,
698 2274 761 2304 sive
802 2275 1035 2306 tabernaculum

361 2316 531 2355 quaestoris·
588 2316 733 2347 Ceterum
770 2322 800 2347 et
828 2317 1035 2358 quaestorium,

360 2363 391 2387 et
418 2358 475 2388 hoe
505 2359 630 2399 proinde
654 2358 751 2389 forum
774 2360 933 2399 quaestoris
963 2360 1036 2391 olim

361 2410 465 2430 versus
488 2406 605 2442 portam
628 2402 843 2432 Decumanam
860 2402 952 2433 fuisse
969 2403 1035 2444 jam

360 2444 575 2474 annotavimus
590 2444 629 2474 ad
644 2444 830 2475 LXXXIV.
854 2446 944 2476 c.47.
988 2445 1035 2475 Si-

362 2490 427 2515 tum
457 2491 522 2516 erat
544 2496 654 2528 nempe
676 2486 709 2516 in
731 2487 834 2517 media
864 2488 1035 2524 Quintana,

361 2538 431 2568 quae
447 2528 497 2559 via
513 2533 683 2559 transversa
705 2535 781 2565 erat,
804 2540 912 2560 secans
938 2531 1035 2571 longi-

361 2570 499 2601 tudinem
530 2578 708 2607 castrorum,
739 2572 889 2612 paralella
916 2573 1035 2603 Princi-

360 2612 430 2653 piis.
488 2613 592 2654 Atque
616 2614 687 2644 hinc
710 2614 806 2644 forum
828 2615 927 2656 ipsum
951 2626 1035 2656 quae-

358 2655 447 2686 storis
474 2656 640 2697 saepissime
677 2656 838 2694 Quintana
864 2657 1034 2689 dicebatur.

360 2698 520 2733 Quintana
555 2699 640 2729 dicta
669 2710 687 2730 a
717 2699 831 2740 quintis
861 2700 1034 2731 cohortibus

352 2739 440 2777 juxta
476 2751 543 2771 eam
572 2741 779 2772 tendentibus.
832 2742 970 2784 Apparet
996 2754 1032 2773 ex

357 2781 413 2827 boc
431 2782 507 2813 Livii
533 2784 600 2815 loco
621 2784 686 2826 jam
702 2795 784 2814 nunc
810 2791 961 2815 mutatum
986 2786 1031 2816 fu-

355 2834 412 2854 isse
434 2825 525 2856 situm
552 2827 718 2867 quaestorii,
745 2827 789 2857 ita
811 2833 845 2857 ut
867 2828 945 2858 illud
968 2834 1032 2858 tum

353 2874 442 2902 esset,
485 2878 544 2909 quo
574 2870 639 2900 loco
670 2870 817 2911 Polybius
843 2871 961 2905 statuit,
1003 2872 1032 2901 in

1090 1975 1187 2006 fronte
1224 1980 1391 2006 castrorum
1429 1975 1467 2005 ad
1503 1974 1638 2016 praetorii
1674 1972 1766 2004 latus.

1090 2019 1166 2049 Ideo
1189 2018 1290 2048 hostes
1312 2018 1454 2059 praetorio
1477 2017 1596 2059 dejecto
1619 2016 1658 2047 ad
1681 2026 1766 2057 quae-

1088 2061 1214 2092 storium
1236 2060 1429 2102 perveniunt.
1474 2060 1648 2097 Quaestorio
1676 2059 1769 2100 igitur

1089 2105 1236 2134 translato
1266 2104 1297 2133 in
1327 2109 1446 2145 partem
1476 2113 1617 2144 superam
1650 2107 1766 2133 castro-

1091 2157 1169 2182 rum,
1197 2146 1285 2176 simul
1310 2153 1341 2176 et
1367 2146 1464 2176 forum
1487 2145 1645 2187 quaestoris
1660 2144 1768 2175 eodem

1088 2190 1269 2220 translatum
1296 2195 1350 2219 est.
1397 2189 1482 2226 Quin
1504 2194 1535 2219 et
1556 2188 1607 2219 via
1628 2187 1768 2230 proxima

1089 2232 1252 2273 quaestorio
1294 2232 1455 2268 Quintana
1484 2241 1607 2273 quoque
1631 2230 1768 2261 vocitata

1089 2281 1134 2305 est
1157 2285 1175 2305 a
1197 2274 1398 2305 similitudine
1421 2285 1499 2306 verae
1523 2273 1704 2311 Quintanae‚
1734 2272 1768 2303 in

1089 2328 1152 2358 qua
1177 2318 1250 2348 olim
1272 2317 1471 2359 quaestorium
1499 2316 1633 2358 positum
1659 2316 1767 2346 fuerat.

1090 2361 1131 2390 Et
1146 2360 1213 2390 haec
1230 2360 1261 2390 in
1276 2361 1343 2391 loco
1359 2371 1451 2401 quem
1470 2359 1662 2401 explicamus
1675 2357 1768 2388 intel-

1091 2402 1217 2443 ligenda
1239 2408 1285 2433 est
1308 2402 1478 2439 Quintana,
1511 2413 1572 2432 non
1593 2401 1649 2432 illa
1671 2401 1768 2432 altera

1089 2451 1188 2481 vetus,
1212 2456 1281 2486 quae
1297 2445 1425 2475 nimium
1447 2445 1538 2486 longe
1554 2445 1641 2476 abest
1656 2455 1674 2475 a
1688 2454 1767 2485 prae-

1090 2488 1177 2518 torio.
1237 2489 1316 2518 Haec
1347 2487 1391 2518 ita
1423 2488 1577 2529 explicare
1611 2496 1768 2522 conamur,

1090 2536 1124 2560 ut
1156 2530 1299 2561 brevitati
1322 2529 1412 2561 simul
1436 2536 1466 2560 et
1491 2529 1624 2561 claritati
1654 2538 1764 2559 consu-

1089 2572 1200 2603 lamus.
1258 2573 1318 2603 Sed
1341 2573 1393 2613 qui
1421 2578 1517 2603 totam
1538 2583 1602 2603 rem
1633 2570 1768 2613 apertius

1089 2615 1261 2656 perspicere
1286 2615 1377 2650 volet,
1402 2615 1495 2646 adeat
1516 2615 1602 2657 Lips.
1621 2614 1645 2645 l.
1669 2614 1708 2645 V.
1725 2613 1764 2644 de

1090 2657 1162 2688 Mil.
1180 2658 1271 2687 Rom.
1287 2657 1373 2688 Dial.
1389 2659 1417 2687 3.

1132 2701 1151 2730 9
1179 2701 1251 2730 Tum,
1265 2702 1378 2730 demum
1400 2700 1534 2739 nuntius]
1560 2699 1675 2741 Supple
1698 2701 1765 2729 mis-

1088 2754 1134 2772 sus
1159 2749 1216 2772 est:
1254 2748 1285 2773 et
1307 2742 1445 2783 intellige
1469 2743 1631 2773 Gallorum
1661 2741 1766 2783 praesi-

1088 2785 1172 2815 dium
1188 2785 1225 2815 de
1241 2796 1301 2826 quo
1317 2785 1366 2815 hic
1380 2785 1489 2826 agitur,
1507 2785 1655 2826 cujusque
1677 2794 1763 2815 men-

1088 2828 1130 2858 tio
1145 2827 1228 2859 facta
1243 2833 1288 2858 est
1311 2838 1402 2869 supra
1418 2839 1445 2859 c.
1459 2829 1485 2859 1.
1510 2827 1628 2858 stetisse
1644 2837 1661 2858 a
1677 2832 1763 2868 parte

1088 2870 1308 2900 Romanorum.
