1816 3159
260 98 335 131 330

259 203 383 233 Flavius
400 203 558 240 Lucanus,
582 207 706 242 praetor,
723 208 777 239 25,
805 208 851 234 16.
876 215 945 244 pro-

303 247 350 275 dit
364 247 415 275 Ti.
432 247 622 284 Gracchum,
640 248 670 275 ib
686 248 714 276 d.

261 291 297 319 C.
315 290 440 319 Flavius
458 291 518 319 Cn.
531 291 565 319 F.
584 291 684 320 scriba
702 291 872 329 humilique
886 291 948 320 for-

302 337 381 362 tuna
417 336 516 367 oitus,
553 334 650 362 aedilis
687 336 816 369 curulis,
839 339 869 364 9.
894 338 946 364 46.

302 380 401 405 certat
424 377 570 405 adversus
588 376 720 412 nobiles,
738 378 812 406 ibid.
825 377 878 414 jus
904 379 947 407 ci-

303 420 376 455 vile,
398 420 567 458 repositum
585 421 616 448 in
634 421 845 457 penetralibus
870 431 945 459 pon-

303 463 435 495 tificum.
459 463 595 499 exurgat,
620 463 696 491 ibid.
734 464 842 492 Fastos
866 465 947 494 circa

303 506 403 535 forum
422 506 453 534 in
470 507 542 535 albo
558 506 717 544 proponit,
733 507 804 535 ibid.
823 507 946 537 dedicat

304 550 399 578 aedem
419 549 612 580 Concordiae,
631 549 703 580 ibid.
728 551 865 579 curulem
889 553 945 580 sel-

304 593 363 621 lam
393 592 448 620 sibi
472 593 583 621 adferri
607 591 712 629 jubet,
736 603 830 630 quum
859 596 949 624 nohi-

303 635 378 664 lium
392 644 482 663 nemo
498 636 523 664 ei
542 639 729 673 assurgeret,
748 637 821 665 ibid.

262 678 307 708 M.
339 679 465 707 Flavius
493 680 546 707 (lat
575 679 808 708 viscerationem
834 681 949 718 populo

304 722 335 750 in
368 722 475 750 funere
502 722 622 753 matris,
660 726 691 758 8,
722 727 773 752 22.
803 723 949 752 tribunus

304 764 415 803 plebis,
439 769 491 795 37.
514 765 574 794 fert
598 765 635 793 ad
660 767 824 804 populum,
857 774 892 796 ut
917 768 948 797 in

301 808 497 836 Tusculanos
514 809 793 845 animadvertatur,
810 811 882 840 thd.

262 852 308 881 M.
325 851 512 884 Flavoleius,
530 852 685 888 centurio,
703 857 733 881 2.
751 857 803 881 45.

261 894 420 930 Floronia,
438 895 525 933 virgo
542 896 679 928 vestalis.
696 896 794 934 stupri
810 906 948 936 comper-

303 942 346 971 ta,
372 942 423 969 22.
441 942 490 969 57.

261 982 394 1010 Flumen
419 981 559 1010 manavit
581 982 747 1020 sanguine.
766 983 824 1011 vid.
844 984 949 1012 Prodi-

304 1034 398 1058 grum.

261 1068 473 1096 Flumentana
487 1072 587 1104 porta,
605 1070 636 1101 6,
653 1072 702 1096 2ο.
720 1072 774 1104 35,
792 1073 842 1097 21.

263 1111 403 1140 Foederis
421 1111 549 1138 feriendi
567 1111 659 1147 ritus,
679 1116 708 1147 1,
727 1116 778 1140 24.

262 1154 426 1183 Foederum
443 1154 503 1181 tria
519 1163 643 1191 genera,
660 1158 715 1189 34,
729 1158 778 1185 57.

263 1198 299 1226 de
317 1197 480 1226 Foederum
504 1197 572 1233 jure
596 1197 678 1225 inter
701 1198 860 1226 Romanos
878 1199 951 1226 Car-

305 1240 579 1277 thaginiensesque
596 1241 791 1278 disceptatio,
807 1246 861 1276 21,
884 1245 928 1271 19.

264 1284 380 1313 Foedus
407 1284 620 1312 Romanorum
648 1293 719 1312 cum
746 1285 867 1321 l’oenis,
896 1289 950 1322 30,

307 1331 358 1357 37.
372 1330 398 1354 et
416 1330 469 1355 43.

283 1385 326 1392 -—
342 1378 412 1398 cum
429 1369 556 1406 AEtolis,
581 1371 634 1404 26,
652 1374 704 1398 24.
720 1373 775 1400 38.
793 1374 822 1401 9.

285 1427 329 1435 --
344 1421 415 1441 cum
435 1412 592 1450 Philippo,
606 1416 659 1448 29,
681 1417 727 1441 ll.
741 1418 796 1450 33,
813 1417 864 1442 30.

285 1471 329 1478 —
342 1465 412 1484 cum
430 1455 629 1491 Nabide,34,
644 1461 697 1485 35.

285 1515 329 1522 --
341 1498 513 1534 Antiocho,
530 1503 582 1530 38,
597 1503 648 1528 38.

285 1558 329 1565 —
344 1542 479 1580 Philippi
495 1551 564 1570 cum
579 1542 748 1577 Annibale,
766 1545 818 1573 23.
834 1547 887 1571 33.

267 1586 386 1615 Foenus
401 1585 679 1621 unciarium,7,t6.
692 1586 752 1613 vid.
764 1589 791 1613 e!
806 1590 889 1616 7.21.
904 1596 949 1615 se-

308 1628 514 1657 munciarium
530 1630 646 1657 sactum
656 1638 693 1656 ex
704 1629 950 1666 unciario,7,27.

264 1673 398 1702 Foenore
415 1671 518 1700 obruti
532 1672 702 1707 debitores,
718 1676 773 1707 35,
789 1676 820 1702 7.

266 1716 484 1744 Foeneratores
501 1716 705 1750 mulctantur,
723 1720 756 1750 7,
775 1719 823 1743 28.
841 1720 889 1748 10,
902 1722 954 1746 23.

308 1762 363 1795 35,
382 1762 433 1786 41.
451 1767 557 1786 eorum
578 1759 775 1796 improbitas,
795 1762 827 1794 8,
846 1763 895 1788 28.

266 1803 484 1831 Foeneratores
500 1811 536 1829 cx
553 1802 696 1831 Sardinia
717 1803 879 1841 fugantur,
897 1807 953 1840 32,

310 1849 362 1875 27.

266 1889 350 1918 Fons
368 1888 527 1925 Herculis,
552 1892 604 1922 22,
625 1892 650 1918 1.

265 1932 310 1961 Μ.
329 1931 479 1959 Fonteius
491 1936 615 1959 creatur
631 1934 757 1968 praetor,
773 1936 826 1966 45,
842 1936 894 1961 44.

265 1975 300 2004 P.
319 1974 470 2003 Fonteius
487 1974 605 2002 Balbus
618 1978 740 2002 creatur
755 1980 881 2012 praetor,
894 1979 949 2012 44,

315 2022 363 2047 17.
384 2017 513 2045 sortitur
531 2017 730 2055 Hispaniam,
750 2018 822 2046 ibid.

266 2061 298 2089 P.
330 2060 481 2089 Fonteius
504 2061 628 2098 Capito,
658 2066 784 2098 praetor,
812 2064 866 2098 43,
904 2066 952 2090 ll.

308 2103 439 2131 sortitur
453 2103 635 2138 Sardiniam,
657 2108 703 2135 17.

265 2147 303 2175 Τ.
319 2147 482 2182 Fonteius,
498 2147 631 2185 legatus,
648 2152 701 2179 25.
716 2151 770 2176 34.
786 2149 839 2182 26,
862 2151 907 2178 17.

267 2190 303 2219 T.
321 2190 472 2218 Fonteius
491 2191 604 2228 Capito
621 2196 743 2219 creatur
756 2197 879 2228 praetor,
897 2195 950 2224 40,

311 2237 362 2263 59.
386 2233 517 2261 sortitur
545 2234 729 2271 Hispaniam
764 2234 951 2266 ulteriorem,

310 2280 365 2310 41,
385 2280 414 2304 2.
430 2278 596 2313 proconsul
609 2277 642 2305 in
660 2277 814 2315 Hispania
831 2287 953 2306 manere

306 2319 447 2355 jubetur,
476 2323 522 2350 19.

267 2363 444 2391 Fontinalis
461 2367 562 2399 porta,
578 2367 632 2398 35,
649 2367 696 2391 10.

268 2406 378 2434 Forem
396 2414 433 2433 ex
451 2406 514 2433 aede
530 2407 639 2441 Lunae,
658 2416 725 2443 quae
743 2406 773 2433 in
793 2406 953 2434 Aventino

310 2451 371 2483 cst,
387 2452 505 2485 raptam
531 2450 590 2477 fert
614 2455 702 2477 atrox
725 2453 906 2485 tempestas,
923 2454 954 2477 et

311 2491 342 2519 iu
359 2490 487 2528 posticis
510 2492 681 2528 parietibus
705 2491 824 2519 Cereris
847 2493 953 2530 templi

311 2534 430 2572 adfigit.
448 2537 501 2565 40,
517 2539 545 2562 2.

268 2578 362 2606 Fores
386 2576 526 2615 Sulpicii,
550 2576 669 2605 tribuni
692 2577 841 2614 militum,
867 2578 954 2615 virga

310 2620 446 2658 percutit
462 2620 565 2655 lictor,
582 2622 613 2653 6,
631 2624 684 2648 34.

269 2663 341 2692 Fori
357 2664 389 2692 in
404 2663 497 2699 circo,
518 2666 546 2699 l,
565 2666 615 2691 35.
633 2667 662 2691 et
675 2662 725 2692 56.

269 2706 342 2735 Fori
359 2706 491 2745 publici,
510 2710 563 2742 29,
579 2710 631 2736 37.

269 2750 412 2783 Formiae,
428 2754 482 2786 35,
501 2754 553 2778 21.

268 2792 436 2821 Formiana
454 2802 536 2826 saxa,
553 2797 608 2828 22,
630 2794 676 2820 16.

270 2835 443 2865 Formianis
470 2836 580 2864 civitas
605 2835 670 2864 sine
700 2835 843 2869 suffragio
867 2835 951 2870 data,

315 2883 344 2916 8,
366 2882 412 2909 14.
436 2884 502 2908 tum
528 2880 622 2919 longo
645 2883 716 2918 post
735 2882 873 2916 tempore
890 2880 952 2908 suf·

705 94 883 131 INDEX
913 95 968 132 IN
1000 95 1045 132 T.
1076 92 1215 132 LIVII

1033 203 1122 244 fragii
1139 205 1227 241 latio,
1242 209 1296 238 38,
1313 209 1363 236 36.

990 248 1174 277 Formianus
1196 258 1278 286 ager,
1302 254 1352 285 10,
1369 255 1421 279 31.

991 292 1174 320 Formianus
1192 301 1295 326 mons,
1312 297 1368 329 39,
1387 297 1436 322 44.

991 335 1107 364 Foruix
1123 334 1154 362 in
1170 335 1337 373 Capitolio,
1354 346 1423 365 cum
1441 338 1560 374 septem
1579 334 1674 369 signis

1032 378 1157 411 aurati&
1185 384 1217 406 et
1243 379 1364 408 (luobus
1387 380 1488 417 equis,
1515 379 1635 417 positus
1659 387 1678 406 a

1034 421 1064 449 P.
1084 422 1229 450 Cornelio
1246 422 1390 460 Scipione
1403 423 1563 458 Africano,
1579 425 1633 457 37,
1646 425 1678 450 3.

989 463 1136 492 Forniccs
1159 465 1220 493 divo
1244 465 1280 493 de
1303 467 1459 495 manubiis
1482 466 1555 494 facti
1579 465 1618 493 ab
1639 465 1674 492 L.

1035 506 1185 535 Stertinio
1217 512 1270 540 33.
1289 513 1341 538 27.

993 551 1140 579 Foruiccs
1150 551 1181 578 in
1193 552 1297 586 Muro,
1311 553 1375 591 apti
1389 553 1426 582 ad
1442 552 1681 588 excurrentium,

1035 595 1089 625 36,
1105 597 1155 622 23.

994 636 1160 665 Fornicata
1173 636 1235 672 via,
1254 640 1309 673 22,
1324 640 1375 666 36.

995 680 1141 708 Fortunae
1159 680 1237 708 aedes
1255 682 1422 717 Praeneste,
1439 686 1492 717 23,
1514 685 1560 712 19.
1579 682 1680 710 Roma

1036 723 1120 751 intra
1136 728 1255 761 portam
1281 725 1507 753 Carmentalem
1533 725 1678 753 incendio

1035 767 1223 800 absumitur,
1248 771 1301 800 24,
1333 772 1382 798 47.
1409 768 1557 802 rtficitur,
1575 772 1630 804 25,
1648 771 1677 798 7-

1036 810 1066 838 in
1084 810 1150 838 foro
1164 810 1288 839 Boario.
1302 815 1356 845 33,
1374 815 1423 842 27.

1014 869 1057 874 —
1067 853 1240 890 Equestris,
1252 857 1305 888 40,
1316 858 1368 883 40.
1380 858 1405 882 e!
1421 857 1470 882 44.
1483 857 1536 887 42,
1547 858 1575 882 3.
1585 858 1615 882 et
1631 857 1679 881 10.

995 896 1097 925 Fortis
1123 897 1271 924 Fortunae
1294 898 1386 933 aedes,
1414 901 1462 929 10,
1488 899 1540 926 46.
1558 901 1611 931 27,
1632 901 1678 925 11.

995 941 1143 969 Fortunae
1160 938 1320 968 muliebris
1337 941 1500 978 templum.
1520 944 1552 976 2,
1570 944 1622 968 40.

1014 1000 1058 1007 —
1075 982 1268 1019 Primigeniae
1285 984 1362 1011 aedes
1377 985 1407 1012 iu
1420 984 1497 1012 colle
1510 983 1681 1018 Quirinali,

1035 1030 1088 1059 34,
1106 1030 1156 1054 53.
1173 1030 1228 1060 43,
1250 1030 1296 1054 15.
1315 1027 1373 1056 vid.
1393 1036 1418 1055 ef
1439 1030 1490 1062 99,
1507 1029 1559 1056 36.

996 1069 1143 1098 Fortunae
1168 1069 1199 1097 in
1234 1070 1349 1108 Algido
1374 1070 1560 1109 supplicatio
1585 1070 1680 1107 irnpe-

1038 1117 1116 1147 rata,
1134 1116 1186 1148 21,
1203 1114 1255 1142 62.

997 1154 1119 1191 Foruli,
1138 1155 1237 1191 vicus,
1261 1158 1312 1185 26,
1337 1159 1382 1184 11.

996 1199 1109 1227 Forum
1129 1198 1244 1229 Romae,
1264 1203 1291 1233 1,
1313 1202 1360 1228 12.

1017 1256 1059 1264 -—
1075 1247 1217 1270 ornatum
1236 1243 1332 1270 scutis
1346 1242 1462 1270 auratis
1479 1241 1681 1275 Samnitium,

1038 1289 1071 1320 9,
1089 1289 1141 1313 40.
1158 1285 1230 1313 inde
1253 1285 1377 1314 initium
1401 1285 1459 1314 fori
1487 1285 1617 1313 ornandi
1643 1284 1681 1313 ab

1038 1328 1192 1363 aedilibus,
1208 1328 1279 1356 ibid.

1015 1386 1059 1393 —-
1075 1371 1208 1399 medium
1234 1380 1325 1409 specu
1344 1375 1430 1399 vasto
1454 1372 1622 1409 collapsum
1649 1371 1680 1399 in

1038 1414 1219 1442 immensam
1239 1414 1450 1449 altitudinem,
1467 1419 1499 1450 7,
1513 1417 1541 1442 6.

998 1457 1080 1486 circa
1096 1458 1212 1486 Forum
1229 1457 1325 1486 fastos
1342 1458 1374 1486 in
1392 1458 1462 1486 albo
1477 1457 1625 1495 proponit
1643 1454 1680 1486 C.

1038 1501 1175 1534 Flavius,
1194 1505 1239 1532 ut,
1265 1502 1389 1538 quando
1407 1502 1470 1536 lege
1487 1501 1535 1539 agi
1563 1504 1682 1540 posset,

1038 1544 1179 1576 sciretur.
1197 1548 1229 1579 9,
1246 1547 1298 1574 46.

996 1588 1028 1616 in
1053 1588 1166 1616 Forum
1192 1597 1241 1625 pei
1260 1589 1409 1616 viatorem
1434 1588 1540 1616 accitae
1566 1590 1682 1615 matro-

1041 1641 1087 1659 nae
1104 1630 1259 1662 veneficae,
1286 1635 1315 1665 Β,
1335 1635 1381 1659 18.

999 1676 1030 1703 in
1054 1675 1134 1702 Foro
1164 1674 1265 1702 medio
1293 1674 1407 1712 captivi
1439 1679 1469 1702 et
1500 1673 1682 1703 defectionis

1041 1721 1182 1746 auctores
1210 1717 1304 1756 virgis
1321 1719 1390 1746 caesi
1417 1721 1449 1745 et
1478 1717 1577 1746 securi
1615 1725 1682 1755 per-

1041 1761 1137 1795 cussi,
1156 1764 1188 1795 7,
1210 1764 1259 1791 19.
1275 1765 1307 1796 9,
1326 1765 1377 1789 24.
1392 1765 1444 1796 28,
1459 1765 1509 1788 28.

999 1804 1031 1832 iu
1056 1804 1136 1832 Foro
1160 1808 1340 1841 suggestum
1366 1804 1550 1832 adornatum
1575 1801 1683 1830 rostris

1044 1847 1169 1874 naxium
1183 1847 1363 1883 Antiatum,
1374 1847 1456 1875 unde
1466 1848 1624 1881 Rostra,8,
1634 1848 1682 1873 14.

996 1890 1110 1919 Forum
1136 1890 1298 1925 Boarium,
1325 1894 1374 1922 lo,
1399 1894 1448 1918 23.
1474 1893 1527 1923 21,
1552 1892 1603 1917 62.
1628 1891 1682 1924 22,

1039 1937 1089 1963 57.
1113 1936 1166 1968 27,
1182 1937 1235 1964 37.
1259 1938 1312 1968 29,
1335 1937 1386 1963 37.
1410 1938 1465 1968 35,
1481 1936 1534 1962 4ο.
1557 1933 1588 1961 in
1613 1931 1682 1960 foro

1038 1976 1152 2004 Boario
1164 1977 1386 2005 anteFortuuae
1397 1977 1492 2005 aedem
1505 1976 1608 2005 fornix
1619 1975 1682 2004 sac-

1039 2024 1088 2047 tus
1105 2019 1143 2047 ab
1168 2020 1201 2048 L.
1219 2019 1383 2055 Stertinio,
1400 2024 1455 2055 33,
1472 2024 1524 2050 27.

1015 2078 1058 2084 —
1074 2061 1256 2098 Olitoriuni,
1280 2067 1332 2093 21.
1351 2065 1402 2091 62.
1419 2067 1472 2096 40,
1489 2067 1540 2091 34.
1566 2061 1597 2090 in
1614 2062 1680 2090 foro

1038 2106 1170 2134 Ulitorio
1186 2108 1265 2135 (edes
1287 2106 1425 2135 ‹lunonis
1449 2107 1581 2144 Sospitae
1598 2104 1682 2133 dedi-

1037 2154 1116 2182 cata,
1132 2154 1187 2183 34,
1203 2154 1252 2179 53.

1016 2208 1061 2214 —
1076 2193 1358 2228 Piscator-iniust&
1380 2196 1431 2223 27.
1448 2196 1503 2227 40,
1522 2195 1574 2220 51.

1017 2253 1060 2258 -
1075 2240 1161 2264 extra
1177 2241 1297 2273 portam
1316 2235 1541 2273 Trigeminam,
1558 2237 1613 2269 40,
1629 2237 1680 2262 51.

998 2279 1110 2307 Forum
1128 2279 1329 2316 quaestorium
1347 2279 1378 2307 in
1395 2278 1517 2312 castris,
1535 2282 1589 2312 41,
1606 2279 1636 2305 6.

998 2322 1042 2349 Μ.
1061 2322 1197 2358 Foslius,
1213 2323 1357 2350 tribunus
1374 2322 1507 2350 militum
1526 2319 1680 2349 consulari

1040 2369 1207 2403 potestate,
1225 2370 1257 2401 4,
1276 2369 1326 2393 25.

998 2408 1040 2436 Μ.
1055 2409 1176 2436 Foslius
1187 2408 1383 2437 Flaccinator
1391 2406 1499 2435 consul
1513 2408 1680 2438 creamus),

1042 2455 1093 2479 20.
1107 2451 1253 2489 magister
1264 2451 1416 2488 equitum.
1429 2451 1478 2477 26.
1492 2450 1618 2485 iterum,
1629 2452 1682 2478 28.

998 2494 1095 2523 Fossa
1108 2495 1234 2529 Cluilia,
1256 2498 1286 2530 1,
1304 2497 1355 2522 23.
1373 2497 1405 2527 2,
1418 2496 1469 2522 39.

1018 2554 1061 2560 —
1076 2538 1195 2569 Graeca,
1215 2541 1268 2573 28,
1286 2538 1336 2565 46.

1017 2595 1061 2601 -
1077 2580 1263 2614 Quiritium,
1282 2588 1359 2617 opus
1375 2578 1456 2606 Anci
1470 2578 1560 2616 regis,
1581 2582 1609 2613 l,
1625 2582 1679 2608 33.

997 2623 1104 2652 Frater
1119 2623 1218 2656 fratri,
1234 2622 1326 2651 ctiam
1343 2622 1439 2650 filium
1455 2621 1596 2657 habenti,
1611 2630 1680 2650 suc-

1039 2666 1119 2694 cedit
1136 2668 1166 2694 in
1181 2665 1389 2704 principatum
1407 2665 1488 2702 apud
1506 2665 1680 2702 Hispanos,

1041 2713 1092 2742 28,
1111 2713 1162 2738 21.
1179 2709 1252 2737 item
1277 2709 1358 2746 apud
1375 2707 1539 2740 Numidas.
1558 2711 1610 2741 29,
1629 2711 1679 2737 29.

996 2750 1155 2790 Fregellae,
1176 2751 1299 2781 colonia
1327 2752 1552 2786 Romanorum,
1578 2753 1610 2787 8,
1628 2754 1679 2778 22.
1701 2765 1709 2768 —

1038 2798 1209 2833 occupatur
1224 2805 1241 2823 a
1257 2794 1463 2829 Samnitibus,
1479 2798 1510 2825 9.
1533 2797 1579 2821 12.

997 2838 1174 2876 Fregellana
1188 2848 1239 2867 arx
1256 2838 1377 2875 capitur
1393 2847 1409 2867 a
1426 2836 1680 2873 S;:mnitibu5,-9,

1040 2886 1090 2910 28.
1103 2882 1261 2920 recipitur,
1279 2881 1350 2911 ibid.
