1805 3174
555 71 1014 120 PRAEFATlo.
1383 72 1515 120 xxxii

65 209 326 274 distingui:
364 229 512 260 unam
540 229 709 260 carum
733 230 843 276 quae
870 211 1107 274 Philippo
1133 226 1236 257 non
1262 220 1518 273 parcrcnt3

65 289 288 351 alteram,
312 308 480 339 earum
506 309 617 355 quae
645 298 816 339 essent
840 291 889 339 in
914 291 1021 352 ejus
1055 288 1260 337 ditione.
1334 289 1519 337 l’rioris

62 369 258 428 generis
286 386 458 417 omnes
484 370 649 417 liberae
668 370 913 430 jubentur
937 386 1063 416 csse.
1129 368 1255 421 Quae
1284 366 1518 429 Philippo

63 457 254 508 parent,
284 465 347 495 ex
383 447 440 494 iis
479 448 654 495 itidem
691 446 924 495 omnibus
961 444 1193 509 praesidia
1230 443 1412 491 deduci
1443 444 1521 504 ju-

64 522 255 580 bentur,
293 525 379 571 sed
423 524 491 572 ita
527 533 582 572 ut
617 524 740 580 aliae,
767 541 877 587 quae
913 540 1018 570 non
1053 523 1388 577 nominantur,
1427 529 1522 568 tra-

62 602 247 649 dantur
267 601 543 659 Romanis3
571 602 693 657 aliae,
715 619 826 665 quae
850 601 1187 656 nominantur,
1216 599 1377 647 liberae
1404 597 1518 646 sint.

63 677 174 726 Nec
197 696 313 727 vero
340 680 446 728 sine
471 698 625 728 causa
650 681 909 727 decretum
935 696 1078 726 suum
1102 676 1319 725 Romani
1343 676 1519 724 Patres

59 756 110 803 in
137 757 266 805 hunc
294 759 500 806 modum
523 760 964 807 concinnaverant.
1020 757 1262 805 Nondum
1290 755 1421 803 enim
1447 754 1518 802 eis

61 840 253 882 certum
278 845 384 883 eiat
410 836 719 893 Corinthum,
749 843 798 883 et
824 834 1137 895 Chalcidem,
1164 842 1214 881 et
1238 833 1479 881 Demetri
1470 852 1518 880 ι-

60 912 176 959 dem
199 913 421 972 liberare,
440 931 566 978 quas
590 917 837 978 compedes
861 914 1070 961 Grcecice
1093 930 1189 959 non
1207 913 1517 959 contumelio·
1532 926 1580 956 1

58 991 173 1045 sins,
211 1009 354 1054 quam
388 994 548 1040 verius
584 991 848 1055 Philippus
890 991 1141 1055 appellare
1181 990 1357 1037 solitus
1392 996 1515 1038 e1·.at
1530 970 1670 1002 XXXH
1680 972 1739 1003 3⁷

60 1066 362 1118 Metuebant
392 1070 537 1133 igitur
564 1070 820 1130 invidiam,
845 1070 884 1118 si
920 1087 1006 1116 eas
1042 1069 1190 1116 urbes
1226 1068 1516 1115 nominatim

60 1146 151 1194 sibi
176 1147 305 1195 tradi
323 1148 575 1209 juberent,
599 1149 719 1196 dum
745 1147 912 1211 palam
938 1146 1156 1194 liberatae
1177 1145 1386 1193 Graeciae
1407 1145 1519 1192 titu-

59 1223 163 1271 lum
190 1224 516 1275 affectabant.

124 1302 319 1350 Livium
337 1320 472 1352 nunc
493 1303 772 1350 audiamus,
829 1303 945 1351 Pax
962 1303 1081 1349 data
1099 1300 1377 1365 Philippo
1358 1318 1411 1347 m
1430 1301 1517 1349 has
1527 1315 1688 1388 ΧΟΧΧΠΙ.

57 1381 138 1446 leg
141 1398 187 1429 es
203 1390 303 1429 est·
331 1381 507 1429 Omnes
532 1384 605 1430 Gr
607 1398 731 1430 secor
733 1398 812 1428 um
835 1382 1074 1436 civitates,
1093 1397 1198 1443 qzcoe
1218 1380 1268 1425 in
1290 1359 1545 1442 Ειιν3ορα,

57 1476 254 1523 quaeque
286 1462 334 1508 in
357 1461 488 1509 Asia
519 1467 686 1516 essent,
713 1459 986 1507 libertatem
1009 1476 1066 1506 ac
1089 1475 1200 1505 snas
1224 1459 1352 1522 leges
1375 1458 1517 1505 Imbe-

57 1544 180 1585 rent.
220 1537 341 1592 Quoe
363 1544 525 1586 earum
543 1539 628 1586 sub
646 1540 830 1586 ditione
847 1538 1086 1601 Philippi
1092 1537 1329 1599 fuissent,
1344 1539 1520 1601 prcesi-

58 1615 141 1662 dia
157 1632 218 1663 ex
234 1617 313 1664 leis
329 1618 598 1682 Philippus
615 1620 893 1666 deduceret:
917 1617 996 1663 leis
1012 1634 1116 1680 quse
1134 1616 1183 1664 in
1202 1613 1332 1662 Asia
1349 1622 1519 1670 essent,

60 1693 296 1751 Euromo,
326 1696 646 1760 Pedasisque,
673 1704 718 1744 et
744 1696 1026 1761 Bargyliis,
1057 1702 1102 1742 et
1130 1693 1295 1749 ιῙαεδο,
1322 1701 1368 1740 ec
1402 1691 1519 1756 My-

58 1771 186 1831 rina,
213 1780 259 1820 et
283 1774 475 1838 Abydo,
502 1783 547 1823 et
583 1774 791 1830 Thasso‚
818 1783 864 1822 et
888 1773 1146 1822 Perintho,
1205 1771 1316 1819 Eas
1339 1788 1521 1834 quoque

57 1850 390 1914 enimplacere
409 1852 587 1900 liberas
607 1868 718 1902 esse.
768 1850 829 1898 In
854 1850 1028 1914 paucis
1054 1850 1129 1897 his
1150 1850 1374 1896 versibus
1398 1866 1519 1912 qua-

61 1935 135 1974 ter
157 1945 397 1991 peccasse
422 1929 632 1986 Livium‚
659 1928 762 1977 sive
787 1928 1116 1985 detrahendo,
1143 1926 1245 1974 sive
1280 1926 1517 1973 addendo

56 2022 170 2068 quae
197 2023 323 2069 opus
348 2023 452 2054 non
475 2013 623 2062 esset,
650 2006 794 2054 facile
819 2004 1143 2054 animadverti
1169 2009 1349 2068 potest.

126 2082 297 2132 Primo
323 2084 546 2148 quidem,
567 2101 727 2131 omnes
755 2086 1035 2133 Groecorum
1052 2084 1276 2131 civitates
1300 2081 1348 2129 in
1376 2080 1519 2127 liber-

57 2166 209 2208 tatem
247 2161 442 2209 restitui
480 2161 561 2219 ait,
598 2179 751 2226 quum
788 2161 1005 2210 scribere
1041 2160 1299 2208 debuisset
1332 2168 1516 2207 ceteras

57 2257 219 2287 omnes
244 2239 531 2288 Groecorum
550 2242 790 2296 civitates,
806 2249 887 2296 τοὺς
905 2249 972 2302 μὲν
992 2247 1127 2294 ἀλλοὺς
1147 2246 1343 2296 Ἕλληνας
1362 2245 1514 2293 πάντας.

60 2315 175 2363 Vox
202 2315 334 2364 enim
359 2316 446 2364 illa
470 2325 649 2365 ceteras
674 2317 840 2365 otiosa
863 2333 966 2363 non
992 2323 1083 2372 est,
1104 2316 1193 2362 sed
1220 2315 1411 2362 indicat
1435 2331 1518 2361 ex-

57 2401 262 2456 ceptum
280 2394 337 2442 iri
356 2402 534 2458 postea
553 2396 801 2458 quasdam
822 2394 1068 2449 civitateS‚
1089 2409 1297 2457 quarum
1320 2393 1516 2440 diversa

58 2471 121 2517 ab
146 2471 203 2519 iis
227 2490 336 2536 quae
362 2473 550 2536 priores
575 2474 890 2537 appellantur
913 2471 1139 2521 conditio
1165 2473 1331 2518 futura
1355 2469 1433 2525 sit,
1454 2487 1513 2517 ac

56 2549 266 2612 proinde
290 2569 400 2616 quae
425 2551 706 2599 libertatem
731 2569 791 2600 ac
820 2569 934 2600 suas
960 2552 1096 2614 leges
1121 2566 1226 2598 non
1250 2549 1351 2597 sint
1375 2547 1513 2594 habi-

58 2634 195 2676 turae.

123 2713 191 2753 2⁰.
220 2704 427 2754 Nullam
453 2707 759 2756 mentionem
778 2707 895 2756 facit
920 2707 1110 2756 urbium
1131 2722 1242 2768 quae
1266 2701 1509 2753 Romanis

56 2782 184 2829 tradi
204 2782 492 2843 jubeantur.
