1826 3149
94 203 183 233 U.(‘.
198 203 269 233 583.

91 246 129 275 A.
142 246 179 278 C.
198 246 266 277 169.

92 2069 224 2107 Legatos
237 2067 276 2098 ad

92 2111 242 2142 Gentium

92 2154 223 2184 Perseus

90 2196 196 2228 mittit.

306 87 378 120 114-
821 81 966 122 ΤΙΤΙ
1016 81 1194 122 L1V11

303 206 465 233 omnem
486 191 738 243 deditorum,
760 208 856 248 quac
888 208 1018 249 prope
1044 209 1217 235 numero
1246 192 1475 234 exercitum
1505 190 1716 247 aequabat,

306 249 527 290 Stuberam
561 249 744 291 abducit.
807 250 874 290 Ibi
905 250 1148 301 ⁷R0manis,
1182 250 1385 306 (quatuor
1415 248 1545 289 millia
1575 257 1714 289 autem

304 305 518 347 hominum
550 309 687 360 erant)
719 314 873 361 praeter
906 306 1126 363 principes,
1147 307 1189 347 in
1222 306 1453 348 custodiam
1485 305 1716 347 civitatium

305 362 461 413 divisis,
484 362 792 404 Uscanensibus
825 362 1064 419 Illyriisque
1094 364 1287 413 venditis,
1309 363 1351 404 in
1382 362 1618 404 Penestiam
1648 375 1718 401 ex-

305 419 479 461 ercitum
514 419 675 460 reducit
711 419 764 459 ad
795 420 996 460 Oaeneum
1025 420 1228 476 oppidum
1258 420 1301 461 in
1330 427 1579 476 potestatem
1611 417 1719 459 redi-

304 477 501 531 gendum.
533 485 573 517 et
601 475 756 531 alioqui
788 484 1024 532 opportune
1055 477 1196 527 situm,
1218 485 1259 519 et
1280 476 1480 518 transitus
1509 491 1557 516 ea
1586 483 1647 516 est
1677 474 1718 514 in

306 533 526 579 Labeates,
549 533 621 573 ubi
645 532 825 573 Gentius
844 533 1057 588 regnabat.
1120 533 1398 575 Praetereunti
1418 533 1615 588 frequens
1635 547 1720 571 cas-

306 589 465 638 tellum,
509 589 781 630 Draudacum
827 590 1006 640 nomine,
1047 590 1278 646 peritorum
1324 589 1497 645 quidam
1542 587 1723 644 regionis

304 646 409 701 ejus,
441 647 548 686 nihil
581 646 730 686 anneo
761 652 879 699 capto
908 661 1006 700 opus
1037 662 1130 696 esse,
1162 647 1235 697 ait,
1267 648 1350 688 nisi
1380 648 1424 687 z'n
1449 651 1654 699 potestate
1683 651 1722 684 et

303 704 570 743 Draudacum
601 704 669 743 sit.
699 703 992 757 ⁸opportzcnius
1021 705 1142 745 etiam
1174 706 1231 744 ad
1261 705 1397 744 omnia
1422 704 1599 756 positum
1630 716 1721 743 esse.

305 759 492 801 Admoto
527 760 728 810 exercitu,
764 776 905 801 omnes
939 761 1150 817 extemplo
1182 760 1433 802 dedjderunt
1469 776 1566 801 sese.
1629 760 1723 809 Qua

305 831 376 871 spe
425 816 617 857 celeriore
664 816 874 858 deditione
920 826 1096 868 erectus,
1141 826 1363 874 postquam
1411 815 1720 865 animadvertit,

335 881 488 914 uantus
518 873 693 929 agminis
726 873 790 914 sui
821 882 953 914 terror
983 883 1103 923 esset,
1125 875 1318 915 undecim
1348 873 1429 915 alia
1460 872 1628 914 castella
1657 888 1723 912 eo-

304 887 399 970 ilem
420 938 535 972 metu
566 930 607 971 in
637 938 887 986 potestatem
916 930 1081 986 redigit.
1114 931 1167 972 ad
1197 946 1406 987 perpauca
1426 930 1468 970 vi
1488 944 1595 985 opus
1623 929 1721 977 fuit,

304 994 441 1027 cetera
460 987 676 1028 voluntate
697 986 862 1028 dedita:
895 996 936 1028 et
958 987 999 1027 in
1024 987 1089 1028 his
1120 987 1275 1043 recepti
1307 986 1419 1028 mille
1440 994 1481 1028 et
1503 985 1719 1042 quingenti

303 1041 493 1098 dispositi
525 1058 599 1099 per
631 1043 824 1099 praesidia
858 1043 1010 1085 milites
1043 1044 1234 1085 Romani.
1296 1045 1458 1100 Magno
1493 1043 1586 1085 usui
1623 1044 1723 1083 Car-

304 1098 427 1140 vilius
460 1100 698 1155 Spoletinus
727 1109 815 1141 erat
848 1100 890 1141 in
920 1101 1164 1156 conloquiis,
1186 1100 1376 1151 dicendo,
1402 1099 1506 1141 nihil
1539 1099 1582 1140 in
1611 1100 1724 1154 ipsos

305 1155 509 1197 saevitum.
570 1157 644 1197 Ad
686 1157 887 1197 Oaeneum
926 1166 1174 1213 perventum
1215 1166 1291 1207 est,
1328 1157 1444 1213 quod
1484 1157 1570 1197 sine
1605 1156 1723 1211 justa

303 1212 616 1268 obpugnatione
638 1213 729 1269 capi
750 1228 832 1254 non
862 1222 1051 1269 poterat;
1085 1222 1125 1255 et
1156 1216 1311 1271 majore
1341 1213 1571 1269 aliquanto,
1593 1228 1721 1269 quam

303 1277 455 1319 cetera,
480 1270 720 1325 juventute,
754 1278 795 1311 et
835 1270 1023 1312 validum
1056 1271 1260 1327 oppidum
1300 1271 1508 1312 moenibus
1543 1278 1643 1310 erat.
1680 1278 1723 1310 et

302 1325 399 1365 hinc
434 1326 565 1367 amnis
596 1327 776 1368 Artatus
808 1326 987 1377 nomine,
1017 1327 1113 1368 hinc
1145 1343 1263 1368 mons
1295 1327 1497 1384 praealtus
1528 1335 1570 1368 et
1602 1326 1721 1368 aditu

303 1381 481 1423 difficilis
510 1383 714 1438 cingebat.
746 1382 836 1424 haec
868 1399 983 1439 spem
1013 1384 1067 1424 ad
1099 1384 1373 1426 resistendum
1403 1382 1624 1440 oppidanis
1650 1383 1722 1424 da-

303 1438 417 1479 bant.
479 1440 670 1489 Perseus,
696 1439 1008 1481 circumvallato
1037 1440 1207 1496 oppido,
1230 1456 1423 1497 aggerem
1453 1455 1479 1481 a
1506 1448 1625 1496 parte
1655 1455 1719 1480 su-

302 1495 463 1549 periore
495 1495 647 1537 ducere
681 1495 879 1546 instituit,
910 1497 1031 1553 cujus
1066 1496 1289 1539 altitudine
1317 1513 1458 1539 muros
1494 1504 1719 1552 superaret.

302 1551 418 1606 quod
450 1567 556 1608 opus
588 1552 691 1593 dum
723 1553 953 1609 perficitur,
978 1553 1132 1595 crebris
1166 1554 1332 1596 interim
1366 1553 1538 1611 proeliis,
1566 1553 1722 1609 quibus

301 1622 377 1662 per
398 1608 660 1649 excursiones
680 1617 721 1650 et
743 1609 895 1650 moenia
927 1624 1002 1650 sua
1028 1610 1227 1666 oppidani
1248 1611 1512 1660 tutabantur,
1533 1618 1575 1651 et
1595 1625 1723 1665 opera

301 1663 486 1706 hostium
506 1665 789 1721 inpediebant,
811 1681 962 1722 magna
981 1681 1125 1707 eorum
1155 1667 1386 1708 multitudo
1405 1666 1529 1708 variis
1558 1667 1723 1707 casibus

302 1721 496 1762 absumta
516 1730 602 1763 est:
635 1730 692 1772 et,
714 1721 789 1778 qui
819 1731 1076 1778 supererant,
1099 1723 1239 1764 labore
1259 1724 1411 1765 diurno
1431 1731 1721 1778 nocturnoque

302 1785 344 1818 et
366 1777 610 1819 vulneribus
639 1778 808 1820 inutiles
837 1788 965 1821 erant.
1027 1779 1115 1820 Ubi
1146 1780 1328 1836 primum
1349 1796 1477 1836 agger
1507 1779 1722 1836 injunctus

302 1848 423 1875 muro
453 1843 530 1885 est,
551 1843 593 1876 et
622 1835 769 1876 cohors
798 1835 926 1892 regia,
948 1851 1054 1892 quos
1085 1836 1303 1878 Nicatoras
1333 1837 1560 1893 adpellant,
1589 1844 1721 1877 trans-

302 1891 476 1941 scendit,
498 1900 540 1933 et
561 1891 679 1932 scalis
703 1892 847 1934 multis
868 1892 990 1933 simul
1020 1894 1212 1949 partibus
1241 1893 1407 1950 inpetus
1427 1894 1470 1934 in
1490 1893 1638 1934 urbem
1658 1902 1720 1934 est

301 1946 450 1989 factus.
482 1949 661 2011 puberes
690 1964 831 1990 onmes
862 1950 1070 1991 interfecti
1101 1959 1222 1992 sunt:
1258 1952 1456 2007 conjuges
1486 1950 1721 2005 liberosque

302 2018 446 2044 eorum
486 2020 529 2045 1n
569 2005 801 2047 custodiam
837 2006 976 2047 dedit:
1021 2007 1176 2063 praedae
1215 2007 1296 2049 alia
1334 2008 1516 2048 militum
1551 2021 1717 2047 cessere.

305 2060 525 2101 Stuberam
556 2061 652 2102 inde
682 2062 815 2104 victor
843 2071 1053 2106 revertens
1082 2064 1136 2104 ad
1168 2064 1370 2106 Gentium
1399 2064 1572 2119 legatos,
1596 2063 1720 2103 Pleu-

302 2125 441 2158 ratum
473 2117 683 2173 Illyrium,
705 2120 964 2161 exsulantem
996 2121 1111 2177 apud
1142 2136 1197 2170 se,
1228 2129 1270 2163 et
1299 2121 1550 2177 ⁹Aputeum
1577 2121 1719 2160 Mace-

302 2172 451 2215 donem
472 2190 498 2215 a
519 2175 681 2226 Beroea,
703 2176 852 2227 mittit..
909 2176 968 2218 Iis
988 2177 1173 2227 mandat,
1196 2186 1245 2219 ut
1277 2186 1531 2234 exponerent
1562 2176 1719 2218 aestatis

300 2230 392 2286 ejus
423 2231 652 2287 hiemisque
685 2241 778 2274 acta
813 2248 888 2274 sua
921 2233 1120 2275 adversus
1156 2235 1366 2276 Romanos
1400 2233 1715 2288 Dardanosque.

300 2286 526 2342 adjicerent
558 2289 740 2330 recentia
773 2289 815 2330 in
850 2290 1020 2346 Illyrico
1052 2291 1237 2332 hibernae
1269 2290 1545 2347 expeditionis
1577 2305 1714 2345 opera.

300 2342 333 2366 ¹⁰
345 2344 613 2385 hortarentur
645 2345 847 2387 Gentium
879 2346 922 2387 in
953 2347 1176 2389 amicitiam
1209 2362 1347 2389 secum
1377 2355 1418 2389 et
1449 2362 1544 2389 cum
1576 2348 1718 2388 Mace-

300 2399 478 2441 donibus
493 2402 766 2457 jungendam.

341 2541 360 2570 7
384 2540 522 2572 Romam}
544 2562 553 2571 .
576 2563 584 2571 .
606 2564 614 2572 .
639 2549 745 2582 proeter
768 2545 923 2583 principes,
952 2547 984 2575 in
1028 2545 1151 2580 tionem,
1173 2545 1213 2576 ab
1235 2545 1372 2576 Hearnio
1395 2549 1549 2576 testatam.
1595 2545 1714 2576 Grono-

297 2584 455 2614 custodiam
486 2585 638 2614 civitatum
672 2587 786 2626 divisis]
827 2587 985 2628 Pn'ncipes
1027 2588 1126 2618 vianae
1141 2588 1300 2623 editiones,
1317 2589 1504 2627 opportunius
1519 2589 1605 2617 euim.

298 2636 407 2667 nempe
437 2636 542 2657 secum
567 2626 686 2662 habuit,
711 2634 745 2658 ut
769 2629 921 2669 colligitur
946 2640 983 2659 ex
1070 2632 1090 2660 9
1114 2632 1275 2672 Apnteum]
1301 2632 1333 2661 Is
1348 2631 1454 2660 Adaeus
1475 2641 1494 2660 a
1517 2630 1648 2671 Polybio
1662 2641 1713 2660 vo-

297 2668 334 2697 iis
347 2679 416 2709 quae
431 2668 573 2700 dicuntur
588 2669 666 2701 infra
681 2669 719 2701 de
734 2671 879 2702 Carvilio.
924 2672 984 2702 Ce-
1027 2678 1124 2708 catur,
1141 2674 1249 2713 Legat.
1264 2674 1315 2704 76.

297 2715 376 2742 teros
403 2712 619 2743 custodiendos
651 2723 705 2754 per
737 2714 876 2745 civitates
904 2714 981 2745 divi·
1070 2717 1110 2746 10
1139 2716 1340 2746 Hortarentur
1367 2715 1509 2746 Gentium
1545 2719 1577 2747 in
1612 2716 1714 2745 amici-

296 2752 345 2783 Sit·
1025 2760 1096 2788 riam
1119 2780 1127 2788 .
1150 2780 1158 2788 .
1182 2780 1190 2788 .
1203 2759 1408 2801 jungendum]
1444 2758 1550 2800 RIagis
1580 2757 1715 2799 placeret

340 2798 358 2825 8
391 2796 589 2836 Opportunitas
624 2799 727 2840 etiam]
773 2798 983 2840 Reposuimus
1024 2802 1244 2833 «lamio-itiam.

296 2843 426 2874 veterem
450 2840 553 2881 primae
575 2839 717 2874 editionis
734 2846 764 2874 et
779 2836 894 2883 sigonii
919 2842 979 2876 lec-
