1816 3159
275 76 348 109 382
717 70 894 109 INDEX
923 71 982 108 IN
1011 72 1058 111 T.
1087 71 1225 109 LIVII

274 182 457 221 Pergamum
491 183 653 220 oppugnat
683 181 843 218 Seleucus,
874 182 954 211 tilius

316 225 480 262 Antiochi,
504 229 559 262 37,
586 229 634 255 18.
657 225 838 263 Pergamum
857 225 955 253 intro-

318 268 405 297 missi
432 268 552 302 Achaei,
589 273 640 298 20.
673 269 804 298 solvitur
834 268 955 297 obsidio

318 312 531 350 Pergami,2l.

274 355 454 390 Perinthus,
473 356 556 387 urbs.
570 359 624 390 33,
639 358 689 384 30.

273 398 422 427 Perlitare
446 398 523 427 bove
543 398 650 435 jussus
667 397 776 426 consul
800 397 840 428 Q.
859 396 957 427 Petil-

320 442 392 474 lius,
406 445 461 477 41,
481 445 530 470 18.

275 485 406 518 Perolla,
451 484 566 513 Calavii
613 483 706 515 filius,
752 483 959 512 interficiendi

316 527 484 556 Annibalis
502 525 665 555 consilium
683 526 779 564 capit,
799 531 851 563 23,
867 527 958 556 8.ad-

317 575 458 599 versatur
481 571 506 598 ei
539 572 635 607 pater,
675 573 703 600 9.
743 570 825 598 cedit
863 570 956 608 patri,

317 614 444 650 ejusque
460 614 497 641 ad
514 617 632 650 patrem
650 612 761 647 oratio,
778 612 851 641 ibid.

276 656 319 684 M.
345 656 511 693 Perperna,
536 656 653 691 legatus
681 655 719 683 ad
736 655 899 690 Gentium,
916 656 958 684 Il-

316 699 463 737 lyriorum
489 708 604 737 regem,
636 703 691 734 44,
717 702 767 729 27.
793 708 811 727 a
840 700 957 728 Gentio

315 742 483 778 conjicitur
505 743 537 771 in
561 751 725 778 carcerem,
749 742 822 771 ibid.
847 742 956 771 libera.-

315 787 368 813 tur
383 785 422 814 ab
442 785 571 820 Anicio,
589 788 733 824 praetore,
750 790 803 815 32.
820 786 954 814 nuncius

315 828 454 857 victoriae
469 829 600 857 Romam
615 829 765 863 mittitur,
783 828 857 857 ibid.

271 871 455 908 Perrhaebia,
471 872 640 901 Thessaliae
653 871 739 908 urbs,
756 876 810 907 42,
828 875 879 902 67.

270 914 453 947 Perrhaebia.
470 919 526 952 31,
542 919 595 945 41.
617 919 671 951 32,
692 919 739 944 15.
763 917 816 949 36,
832 919 885 944 33.
901 918 955 948 42,

315 959 366 987 36.
384 962 414 986 ct
430 961 481 988 67.

271 1001 428 1029 Perrhaebi
464 1001 714 1040 pronunciantur
751 1001 852 1035 liberi,
896 1005 953 1038 33,

313 1048 367 1073 32.
383 1049 413 1073 et
428 1048 481 1074 34.
498 1045 559 1073 viel.
576 1048 605 1072 et
621 1048 676 1079 42,
693 1047 745 1072 53.

270 1087 503 1117 Perrhaeborum
549 1087 679 1125 querelae
723 1088 760 1116 de
798 1087 954 1126 Philippo,

313 1134 367 1166 39,
380 1135 432 1159 34.

271 1173 470 1207 Perranthes,
486 1172 640 1208 tumulus,
656 1176 711 1208 38,
731 1176 759 1200 4.

274 1217 384 1249 Persae,
409 1221 440 1249 9,
462 1219 510 1244 18.
527 1221 555 1244 ct
575 1220 623 1246 19.
653 1215 691 1244 ab
710 1214 953 1244 Lacedaemoniis

313 1268 424 1297 aquam
459 1263 490 1287 et
520 1261 632 1287 terram
667 1258 795 1296 petiere,
817 1262 872 1294 35,
905 1262 953 1288 17.

314 1301 564 1331 Lacedaemonios
610 1310 628 1329 a
663 1306 751 1340 tergo
785 1301 955 1330 circumve-

313 1355 384 1374 nere
402 1346 433 1374 in
455 1344 685 1382 Thermopylis,
702 1346 757 1380 36,
775 1347 824 1373 16.

269 1389 400 1424 Perseis,
422 1389 495 1417 urbs
511 1387 543 1416 in
560 1387 733 1426 Deuriopo,
747 1388 781 1416 in
802 1388 951 1416 honorem

310 1431 425 1466 Persei,
456 1430 591 1469 Philippi
619 1430 686 1465 filii,
712 1430 754 1460 sic
777 1431 874 1466 dicta,
897 1434 951 1464 39,

312 1479 363 1504 54.

269 1520 409 1551 Perseus,
432 1517 557 1546 relictus
573 1526 591 1546 a
610 1516 755 1556 Philippo
780 1526 849 1546 cum
875 1526 951 1553 qua-

311 1566 384 1590 tuor
413 1560 552 1589 millibus
576 1564 765 1590 armatorum
782 1561 819 1589 ad
847 1561 952 1589 fauces

309 1604 490 1640 Thessaliae,
503 1606 556 1640 26,
573 1607 624 1633 25.

269 1647 414 1684 Perseus,
452 1646 589 1685 Philippi
626 1646 706 1684 regis
743 1646 950 1676 Macedonum

310 1691 405 1726 filius,
433 1690 600 1719 admodum
632 1699 720 1727 puer,
743 1690 881 1719 mittitur
911 1691 952 1718 ad

309 1733 493 1763 obsidendas
517 1733 689 1771 angustias.
707 1741 774 1770 quae
799 1733 836 1762 ad
867 1733 952 1761 Pela-

310 1776 435 1816 goniam
453 1780 539 1810 sunt,
554 1780 610 1812 31,
629 1779 679 1803 28.

352 1824 516 1859 oppugnat
554 1818 798 1857 Amphilochus,
833 1823 888 1856 38,
921 1823 953 1849 5.

310 1863 390 1893 redit
407 1864 439 1891 in
456 1863 685 1895 Macedoniam,
700 1866 730 1891 7.

353 1906 426 1935 belli
456 1915 526 1934 curn
554 1907 665 1935 Perseo
692 1904 840 1933 inchoata
861 1904 952 1932 initia

309 1959 328 1977 a
343 1949 486 1986 Philippo
502 1952 588 1984 sunt,
603 1952 658 1983 39,
684 1951 734 1976 23.
762 1947 863 1976 Persei
880 1956 949 1976 cum

310 1992 472 2022 Demetrio
498 1990 701 2029 comparatio,
721 1993 771 2019 53.
799 1991 881 2019 inter
896 1998 949 2019 eos

309 2035 486 2069 discordiae,
503 2034 575 2063 ibid.

353 2087 447 2117 prava
461 2077 527 2114 ejus
543 2078 575 2106 in
599 2077 792 2106 Demetrium
809 2076 951 2112 consilia,

310 2125 365 2158 40,
382 2126 413 2151 5.
437 2121 556 2150 ludicro
581 2120 753 2150 certamine
780 2120 917 2149 vincitur
933 2128 950 2148 a

309 2163 483 2200 Demetrio,
514 2166 543 2192 6.
576 2164 704 2193 Perseus
735 2167 862 2192 accusat
888 2164 951 2192 De-

308 2207 453 2236 metrium
477 2207 559 2245 apud
589 2211 721 2245 patrem,
739 2210 769 2240 8,
786 2212 815 2237 9.
839 2209 867 2235 et
899 2210 952 2237 23.

309 2255 360 2279 24.
377 2250 444 2287 ejus
470 2251 503 2279 in
534 2250 728 2279 Demetrium
754 2249 875 2278 insidiae
899 2250 950 2278 de-

308 2297 470 2328 teguntur,
507 2297 559 2322 55.
590 2302 718 2329 regnum
744 2293 857 2322 scelere
879 2302 949 2331 par-

308 2341 375 2365 tum
405 2336 536 2369 invadit,
564 2339 615 2365 56.
640 2337 838 2374 Antigonum
861 2339 950 2365 curat

308 2379 571 2415 interficiendum,
597 2384 647 2408 58.
673 2379 792 2417 legatos
815 2379 948 2409 Romam

308 2421 421 2458 mittit,
437 2426 560 2459 petens,
577 2426 614 2451 ut
628 2431 679 2451 rex
695 2422 734 2451 ab
758 2425 870 2451 senatu
893 2431 950 2460 ap-

307 2464 485 2503 pellaretur,
503 2465 576 2493 ibid.
589 2470 619 2494 et
634 2469 689 2499 41,
706 2469 736 2494 2.
751 2465 844 2494 initio
861 2465 947 2502 regui

306 2507 415 2537 multis
428 2506 570 2536 laudibus
587 2508 836 2543 commendatus,
852 2509 927 2538 ibid.

349 2550 459 2579 miscet
480 2550 562 2578 inter
584 2551 747 2579 Dardanos
766 2554 798 2579 et
819 2551 948 2580 Bastar-

308 2602 364 2622 nas
381 2593 563 2629 certamina,
588 2597 641 2625 41,
659 2597 709 2622 23.
725 2593 844 2631 legatos
873 2595 947 2623 mit-

307 2637 348 2665 tit
379 2636 615 2674 Carthaginem,
638 2639 688 2666 27.
713 2637 869 2674 Dolopum
898 2642 948 2667 to-

307 2684 370 2707 tam
401 2682 523 2718 gentem
556 2679 614 2708 sub
647 2679 700 2716 jus
733 2679 947 2717 judiciumque

307 2731 398 2752 suum
436 2722 531 2760 cogit,
577 2721 649 2751 ibid.
687 2721 752 2750 adit
787 2723 945 2752 oraculum

308 2765 507 2803 Delphicum,
543 2765 615 2794 ibid.
650 2765 781 2793 Achaeos
816 2767 946 2796 maxime

306 2808 365 2836 sibi
379 2808 576 2837 reconciliare
592 2808 708 2843 studet,
725 2812 775 2837 28.

1082 182 1229 212 conciliat
1253 180 1311 210 sibi
1345 180 1465 211 animos
1487 182 1680 219 Graecorum,

1040 228 1092 260 ,
1109 230 1136 255 5.
1154 224 1220 264 ejus
1238 225 1367 258 srevitia,
1383 224 1457 253 ibid.
1483 226 1520 254 ad
1544 235 1613 254 eum
1638 227 1680 254 le-

1039 269 1104 307 gati
1128 270 1299 298 mittuntur
1334 268 1447 304 Roma,
1472 270 1501 297 6.
1524 268 1680 298 Eumenes

1040 320 1111 341 eum
1135 316 1316 350 suspectum
1339 311 1415 340 facit
1439 311 1602 347 Romanis,
1629 316 1679 342 ll.

1041 357 1070 382 et
1100 357 1145 384 [2.
1170 359 1201 384 et
1216 355 1328 384 bellum
1346 355 1492 383 adversus
1516 364 1586 384 eum
1608 363 1678 383 sua-

1043 396 1106 433 det,
1126 401 1174 427 13.
1194 398 1303 436 legatis
1330 397 1395 435 ejus
1423 398 1512 426 datur
1539 404 1679 433 senatus,

1044 444 1092 468 14.
1121 441 1159 469 ad
1188 441 1337 470 Eumenis
1368 441 1481 469 caedem
1515 442 1677 470 sceleratos

1042 484 1188 520 quosdam
1212 484 1374 520 subornat,
1395 487 1442 512 15.
1456 492 1509 521 per
1532 484 1679 512 veneficia

1041 527 1171 564 grassari
1189 530 1320 555 conatur
1342 527 1374 555 in
1401 527 1576 559 Romanos,
1596 531 1645 557 17.
1660 535 1678 555 a

1041 574 1150 598 senatu
1171 569 1331 606 judicatur
1347 570 1459 604 hostis,
1488 574 1534 598 18.
1558 568 1678 608 legatos

1040 612 1170 641 Romam
1206 613 1318 648 mittit,
1354 615 1406 642 36.
1441 622 1510 642 cum
1547 613 1678 649 Marcio,

1040 656 1251 684 Romanorum
1305 657 1418 694 legato.
1477 656 1678 694 colloquitur,

1040 702 1178 728 3942.
1202 698 1302 728 mittit
1325 700 1442 737 legatos
1465 699 1502 728 ad
1526 699 1678 737 Byzanti-

1041 750 1096 770 nos
1121 746 1152 771 et
1175 741 1328 776 Rhodios,
1349 743 1401 771 46.
1423 742 1460 770 de
1484 751 1583 771 rerum
1607 751 1678 771 sua-

1041 793 1108 813 rum
1133 794 1254 814 summa
1284 785 1449 814 consilium
1484 786 1591 821 habet,
1626 790 1678 814 50.

1039 828 1137 865 ipsius
1181 828 1346 865 exercitus,
1390 828 1519 866 triginta
1567 838 1678 858 novem

1038 871 1136 900 millia
1172 872 1324 909 peditum,
1363 875 1496 909 quatuor
1539 872 1678 909 equitum

1040 918 1091 942 51.
1124 914 1307 943 cohortatur
1343 915 1458 942 milites
1489 914 1525 942 ad
1549 915 1677 949 bellum,

1040 961 1090 985 52.
1114 957 1145 985 in
1168 957 1357 986 Thessaliam
1383 959 1420 993 it,
1445 960 1496 986 53.
1520 958 1679 986 Romanos

1039 1000 1173 1038 equestri
1195 1001 1306 1039 proelio
1328 1000 1440 1035 vincit,
1474 1004 1610 1031 5759.
1640 1001 1678 1029 ad

1039 1044 1152 1072 milites
1181 1044 1351 1073 orationem
1370 1044 1474 1075 babet,
1498 1046 1552 1073 61.
1577 1047 1680 1073 tentat

1038 1096 1156 1125 pacem,
1187 1087 1315 1123 frustra,
1344 1089 1397 1116 62.
1428 1090 1529 1116 castra
1566 1087 1681 1116 Roma-

1039 1139 1152 1158 norum
1177 1131 1243 1159 vult
1266 1130 1442 1167 incendere,
1481 1131 1532 1158 64.
1565 1130 1680 1159 Roma-

1039 1182 1096 1201 nos
1118 1174 1232 1210 passim
1263 1179 1410 1208 vagantes
1443 1173 1603 1211 opprimit,
1627 1177 1679 1202 65.

1039 1216 1118 1245 redit
1135 1216 1166 1244 in
1184 1217 1416 1252 Macedoniam,
1435 1219 1486 1247 67.

1080 1268 1142 1287 rem
1166 1269 1310 1298 prospere
1338 1260 1417 1297 gerit
1443 1260 1588 1288 adversus
1615 1258 1679 1287 Ro-

1036 1311 1160 1337 manos,
1178 1307 1208 1331 et
1221 1304 1252 1330 in
1269 1303 1413 1338 Thracia,
1430 1307 1483 1335 43,
1508 1306 1537 1330 4.
1566 1302 1676 1339 Epiro-

1037 1348 1085 1373 tas
1109 1345 1167 1373 sibi
1202 1345 1355 1382 adjungit,
1389 1349 1419 1374 5.
1455 1346 1520 1382 ejus
1547 1344 1676 1374 insidias

1038 1388 1089 1416 vix
1112 1388 1221 1426 effugit
1256 1388 1365 1417 consul
1397 1387 1568 1422 Hostilius,
1601 1387 1676 1418 ibid.

1036 1431 1068 1460 in
1086 1432 1249 1460 Dardanos
1269 1431 1481 1460 excursionem
1498 1431 1585 1463 facit,
1602 1430 1678 1459 ibid.

1037 1475 1190 1513 proximas
1218 1475 1392 1513 Illyriorum
1418 1478 1526 1512 gentes
1555 1482 1676 1512 oppug-

1038 1521 1103 1550 nat,
1128 1522 1181 1551 43,
1207 1522 1257 1546 20.
1291 1518 1446 1547 Uscanam
1479 1516 1574 1555 capit,
1603 1517 1677 1546 ibid.

1037 1561 1154 1599 legatos
1182 1561 1220 1590 ad
1248 1561 1411 1597 Gentium,
1433 1560 1608 1599 Illyriorum
1632 1569 1678 1588 re-

1037 1614 1120 1643 gem,
1136 1604 1247 1640 mittit,
1262 1608 1313 1633 21.

1079 1648 1214 1676 occurrit
1237 1647 1278 1679 Q.
1290 1646 1409 1676 Marcio
1426 1646 1583 1685 Philippo,
1600 1655 1674 1674 con>

1036 1690 1108 1727 suli,
1142 1695 1193 1725 44,
1218 1695 1248 1720 2.
1285 1693 1418 1728 occupat
1448 1690 1563 1726 aditus,
1601 1689 1675 1718 ibid.

1035 1733 1115 1762 levia
1142 1733 1311 1763 committit
1343 1732 1465 1772 proelia,
1488 1737 1518 1761 4.
1541 1732 1609 1769 ejns
1632 1733 1676 1766 ig-

1037 1777 1139 1810 navia,
1177 1779 1205 1805 6.
1243 1777 1400 1815 trepidans
1431 1776 1545 1804 Nician
1577 1775 1677 1804 mittit

1036 1819 1166 1855 Pellam,
1192 1823 1228 1848 ut
1250 1829 1356 1858 gazam
1374 1820 1405 1848 in
1431 1827 1514 1847 mare
1537 1818 1674 1855 dejiciat,

1033 1862 1248 1891 Andronicum
1271 1862 1522 1892 Thessalonicam
1546 1862 1583 1890 ad
1621 1870 1675 1889 na-

1034 1906 1114 1934 valia
1130 1905 1336 1939 incendenda,
1358 1909 1405 1935 10.
1421 1908 1540 1943 postea,
1558 1904 1674 1944 pudore

1033 1951 1150 1981 tactus,
1195 1953 1364 1986 utrumque
1394 1948 1556 1983 interficit,
1593 1947 1673 1977 ibid.

1032 1991 1149 2020 foedere
1179 1992 1237 2020 sibi
1267 1991 1412 2030 adjungit
1435 1990 1598 2025 Gentium,
1623 1995 1673 2019 23.

1034 2035 1182 2064 sollicitat
1217 2035 1369 2069 Rhodios,
1409 2034 1595 2067 Eumenem,
1641 2038 1673 2062 et

1033 2078 1241 2115 Antiochum,
1259 2079 1288 2107 ib
1299 2079 1332 2107 d.
1348 2081 1377 2107 el
1396 2078 1520 2114 ..aLeJus
1532 2075 1674 2112 avaritia,

1036 2123 1086 2149 26.
1113 2126 1234 2150 recusat
1257 2122 1418 2150 Gallorum
1448 2120 1575 2155 auxilia,
1598 2119 1674 2149 ibid.

1035 2164 1187 2193 Gentium
1215 2165 1246 2193 in
1282 2164 1421 2194 fraudem
1444 2163 1590 2202 impellit,
1619 2166 1672 2193 27.

1034 2207 1172 2236 vincitur
1200 2211 1231 2236 et
1271 2207 1399 2247 sugatur
1454 2206 1493 2236 ab
1543 2205 1672 2235 AEmilio

1034 2251 1157 2286 Paullo,
1181 2251 1319 2287 consule,
1344 2254 1396 2280 40.
1425 2254 1455 2278 et
1469 2258 1548 2288 seqq.
1579 2248 1671 2277 cadu-

1033 2297 1169 2323 ceatores
1205 2294 1305 2323 mittit
1343 2294 1380 2322 ad
1410 2292 1582 2328 consulem,
1618 2294 1673 2330 45.

1034 2336 1268 2366 Samothracam
1299 2336 1453 2375 pervenit,
1481 2334 1553 2364 ibid.
1598 2342 1668 2362 eum

1033 2380 1175 2418 sequitur
1189 2381 1310 2416 consul,
1324 2382 1377 2409 46.

1075 2423 1142 2459 ejus
1167 2423 1204 2451 ad
1227 2423 1388 2452 AEmilium
1412 2421 1520 2455 literae,
1551 2424 1605 2453 45,
1636 2424 1667 2448 4.

1031 2466 1160 2495 molitur
1182 2466 1286 2504 fugam
1310 2465 1436 2500 frustra,
1451 2465 1482 2492 6.
1497 2462 1565 2499 ejus
1581 2463 1667 2501 pueri

1031 2511 1196 2537 transeunt
1225 2510 1263 2537 ad
1290 2509 1462 2542 Romanos,
1493 2505 1566 2533 ibid.
1597 2506 1673 2534 Per-

1032 2560 1102 2580 seus
1129 2552 1194 2590 ipse
1225 2561 1257 2580 se
1280 2551 1388 2583 tradit,
1415 2548 1488 2578 ibid.
1515 2558 1586 2577 eum
1616 2548 1669 2577 be-

1033 2595 1126 2632 nigne
1149 2593 1261 2632 excipit
1284 2593 1404 2623 consul.
1435 2596 1466 2623 7.
1491 2595 1521 2620 et
1545 2595 1573 2621 8.
1597 2600 1666 2620 curn

1032 2637 1096 2666 filio
1112 2637 1256 2675 Philippo
1272 2636 1303 2664 in
1328 2635 1501 2665 custodiam
1518 2634 1667 2667 mittitur,

1032 2683 1084 2708 28.
1114 2680 1150 2708 de
1180 2689 1216 2708 eo
1246 2679 1421 2717 triumphat
1446 2677 1582 2709 Paullus,
1615 2681 1667 2707 39.

1031 2722 1156 2751 ducitur
1171 2727 1244 2751 ante
1268 2732 1391 2751 currum
1419 2720 1559 2752 victoris,
1591 2719 1667 2748 ibid.

1030 2766 1207 2803 deprecanti
1244 2766 1324 2794 hanc
1354 2763 1556 2804 ignominiam
1593 2762 1666 2803 quid

1030 2807 1155 2837 Paullus
1192 2810 1396 2847 responderit,
1436 2806 1506 2836 ibid.
1552 2805 1666 2834 Albam
