1831 3194
424 143 549 182 LIB.
582 142 704 180 XLV.
751 142 886 179 CAP.
916 141 1112 181 XXVIII.
1404 151 1475 191 197

62 252 281 315 ingressos,
307 252 511 294 hostilitei
543 250 770 293 saevierant.
833 252 905 292 Ad
931 252 1153 293 lEnimum
1184 267 1352 308 quoque
1384 252 1528 296 hos-U
1542 265 1579 296 C.
1592 264 1664 296 58⁵

62 307 190 350 tiliter
221 311 365 351 urbem
391 308 670 376 diripiendam
690 310 739 349 Ι.
766 309 1028 349 Postumium
1058 309 1184 358 misit,
1206 309 1319 365 quod
1350 311 1476 366 pcrti-
1488 309 1528 338 A.
1544 308 1580 339 (3·
1595 308 1662 338 ¹⁶7·

62 366 220 417 nacius,
242 382 367 423 quam
389 366 575 407 finitimae
596 374 798 415 civitates,
821 365 861 405 in
883 366 1007 406 armis
1028 366 1204 407 fueiant.
1265 367 1474 408 Autumni

62 424 148 463 fere
195 432 359 480 tempus
403 431 519 470 οιίιῖς
572 423 692 476 cuius
735 423 933 478 temporis
977 423 1095 464 initio
1139 423 1473 465 circumeundim
1488 432 1617 463 Paullus

61 480 284 531 Gneciam,
306 480 573 535 visendaque,
595 469 731 534 33(ιιιιε
761 480 979 520 nobilitata
1008 481 1120 521 lama
1146 480 1277 536 magis
1305 481 1475 522 auiibus
1489 476 1641 505 Graeciam

59 546 230 593 accepta
259 546 371 585 sunt
394 552 519 592 quam
551 536 680 577 oculis
713 545 956 586 noscuntur,
978 545 1026 578 ut
1060 537 1221 588 statuit,
1215 516 1639 602 Dpraepositoperagra

61 594 204 635 castris
228 595 274 635 C.
300 594 483 650 Sulpicio
506 593 644 643 Gallo,
666 594 879 649 profectus
908 609 1003 634 cum
1034 594 1149 635 haud
1179 610 1330 650 maffno
1354 610 1478 636 conn-

61 659 168 700 tatu,
198 651 436 707 tegentibus
465 651 596 692 latera
627 650 815 707 Scipione
847 650 932 691 filio
967 658 1008 691 ct
1039 629 1272 692 Athenae0⁰
1275 652 1478 694 Eumenis

60 707 167 762 regis
197 708 341 758 fiatre,
362 723 437 764 per
467 707 725 748 Thessaliam
752 707 940 763 Delphos
971 707 1092 763 petit,
1116 708 1303 750 inclitum
1334 724 1478 750 macu-

58 763 171 805 lum:
213 765 301 815 ubi,
337 764 534 806 sacrificio
570 764 757 828 Apollini
791 765 917 813 facto,
954 764 1165 806 inchoatas
1198 766 1239 806 in
1271 765 1477 807 vestibulo

57 820 286 872 columnas,
322 822 476 877 quibus
516 821 735 877 inposituri
777 829 934 862 statuas
970 821 1078 876 regis
1115 822 1254 863 Peisei
1294 823 1476 874 fuciant,

58 877 144 919 suis
185 878 333 920 statuis
368 878 500 920 victor
535 878 769 919 destinavit.
832 878 1033 919 Lebadiae
1068 893 1237 935 quoque
1273 854 1476 935 templuni

59 934 219 977 *0.Ιον15
256 935 490 991 'lrophonii
526 935 642 976 adiit.
674 935 731 975 ibi
765 950 898 990 quum
931 935 1100 976 vidisset
1133 952 1178 976 05
1211 951 1372 992 specus,
1403 951 1478 992 per

60 992 175 1047 quod
195 992 362 1033 maculo
388 1000 551 1033 utentes
576 992 828 1033 sciscitatum
851 992 962 1032 Deos
984 992 1256 1043 descendunt,
1279 993 1477 1034 sacrificio

60 1048 161 1089 Jovi
183 1050 508 1104 Hercynnaeque
533 1049 657 1097 facto,
680 1063 861 1103 quoium
891 1048 948 1088 ibi
979 1048 1183 1104 templum
1214 1057 1290 1099 est,
1315 1049 1478 1090 Chalci-

61 1105 155 1146 dem
184 1106 237 1146 ad
268 1106 551 1170 spectaculum
571 1105 762 1161 27Ἐιιιὶρὶ
786 1106 1010 1159 *‘aevoque
1040 1113 1135 1146 ante
1166 1105 1327 1156 insulae‚
1348 1114 1476 1170 ponte

58 1162 285 1203 continenti
309 1163 484 1218 junctae,
507 1161 731 1203 descendit.
791 1162 835 1202 A
857 1161 1055 1202 Chalcide
1076 1161 1278 1203 Aulidem
1305 1162 1474 1218 trajicit,

60 1220 188 1260 tiium
221 1219 397 1260 millium
432 1219 565 1281 spatio
600 1218 837 1269 distantem,
870 1226 1040 1274 pmtum
1072 1218 1262 1260 inclitum
1299 1219 1476 1261 statione

57 1276 271 1332 quondam
310 1276 421 1317 mille
460 1290 629 1316 navlum
670 1275 1015 1331 Agamemnoniae
1055 1275 1208 1326 classis,
1232 1276 1478 1340 Dianaeque

59 1333 277 1389 templum,
299 1333 373 1374 ubi
405 1333 581 1374 navibus
611 1347 780 1373 cursum
810 1333 864 1373 ad
887 1333 1076 1388 Trojam,
1098 1332 1184 1373 filia
1202 1332 1372 1374 victima
1396 1349 1477 1374 arls

58 1389 241 1440 admota,
264 1405 337 1430 rex
367 1390 436 1431 ille
466 1405 612 1446 regum
642 1389 776 1444 petiit
839 1389 944 1429 Inde
977 1391 1165 1452 Oropum
1192 1390 1351 1431 Atticae
1381 1405 1478 1430 ven-

59 1455 150 1488 tum
186 1455 273 1496 est3
306 1446 418 1488 ‘'Bubi
451 1462 527 1502 pro
560 1447 653 1486 Deo
682 1454 799 1487 vates
834 1445 1142 1508 Amphilochus
1177 1446 1341 1497 colitur,
1374 1454 1478 1487 tem-

58 1503 262 1559 plumque
296 1512 511 1545 vetustum
551 1511 628 1552 est,
663 1502 850 1543 fontibus
889 1517 1072 1556 uvisque
1107 1517 1215 1543 eirca
1253 1518 1474 1544 amoenum.

61 1560 252 1602 Athenas
292 1560 403 1611 inde,
435 1560 619 1615 2⁹plenas
651 1558 821 1614 quidem
862 1568 902 1601 et
943 1574 1053 1614 ipsas
1088 1567 1297 1639 voetustate
1337 1560 1476 1611 famae,

61 1617 195 1658 multa
235 1626 373 1658 tamen
412 1617 583 1658 visenda
627 1616 849 1657 habentes:
897 1631 1047 1665 arcem,
1088 1614 1295 1678 ³⁰portus‚
1336 1631 1479 1657 muros

63 1673 269 1717 Piraeeum
291 1674 385 1715 urbi
405 1674 646 1730 jungenteS‚
667 1671 700 1696 ³¹
714 1671 876 1712 navalia
895 1687 1141 1728 magnorum
1163 1672 1478 1728 imperatorum,

62 1730 281 1771 simulacra
302 1731 490 1771 Deorum
511 1730 827 1785 hominumque,
848 1729 960 1770 omni
989 1744 1140 1785 genere
1161 1737 1203 1771 et
1233 1730 1417 1771 materi‘e
1438 1738 1480 1772 et

61 1787 214 1828 artium
236 1787 423 1842 insignia.

119 1844 350 1885 XXVIII.
386 1843 592 1886 Sacrificio
615 1843 820 1884 Minervae
849 1842 1019 1899 praesidi
1049 1842 1153 1884 arcis
1180 1843 1222 1883 in
1243 1843 1346 1884 urbe
1367 1844 1480 1886 facto

547 1960 556 1980 ῑ
574 1959 660 1990 abest
674 1964 750 1989 nota
764 1958 884 1989 lacunae
904 1958 996 1990 Crev.

104 2061 146 2092 25
179 2061 253 2095 Quae
276 2082 285 2091 .
307 2083 315 2090 .
340 2083 350 2092 .
371 2062 464 2102 magis
490 2062 611 2092 auribus
632 2067 750 2100 accepta

64 2110 145 2140 sunt,
181 2115 268 2144 quam
302 2104 393 2134 oculis
427 2104 604 2145 noscuntur]
670 2104 750 2140 Quae

793 2060 890 2095 fizmoe,
920 2061 1016 2090 multa
1045 2059 1156 2100 tamen]
1203 2059 1319 2090 Plenas
1355 2059 1481 2100 quidem

792 2103 999 2133 monumentis
1014 2102 1187 2138 vetustatis,
1203 2112 1271 2144 quae
1296 2101 1373 2133 nihil
1396 2103 1482 2134 aliud

64 2147 158 2187 vulgo
186 2146 323 2188 plerique
351 2146 476 2177 auribus
510 2146 651 2188 accipere
677 2146 752 2178 satis

63 2189 189 2226 habent,
206 2200 261 2221 nec
283 2195 394 2220 curant
415 2189 509 2220 etiam
532 2199 656 2220 noscere
678 2199 751 2220 ocu-

62 2231 114 2263 lis.

117 2276 159 2305 26
188 2276 268 2307 Jmn‘s
298 2275 467 2317 Trophonii]
488 2275 558 2305 'De
584 2275 751 2317 Trophonii

65 2318 198 2354 oraculo,
214 2324 245 2349 et
265 2319 445 2360 Hercynna,
461 2328 529 2359 quae
552 2318 631 2348 infra
654 2318 750 2348 nomi-

64 2365 164 2397 natur,
174 2361 236 2391 vid.
250 2361 438 2392 Pausaniam
451 2361 482 2390 in
496 2361 655 2391 Boeoticis.
701 2360 750 2390 Ibi

64 2403 131 2433 fuse
174 2403 358 2445 descriptum
402 2403 533 2444 reperies
575 2410 608 2434 et
649 2403 750 2434 locum

65 2445 178 2486 ipsum,
215 2452 246 2477 et
282 2446 374 2477 ritum
409 2446 592 2477 consulendi
626 2446 752 2477 oraculi.

68 2489 213 2520 Ceterum
235 2490 317 2520 male
339 2489 389 2519 hic
411 2489 484 2519 olim
507 2489 666 2530 legebatur
682 2490 752 2520 Tro-

62 2531 174 2570 phonis.
219 2531 358 2562 Correxit
371 2531 524 2572 Sigonius.

110 2574 150 2603 27
176 2575 284 2614 Euripi
297 2586 407 2614 oevoque
422 2581 491 2605 onte
513 2575 632 2616 insulae]
670 2575 754 2615 Lege

70 2615 177 2655 Euripi
191 2617 359 2658 Euboeaeque
375 2619 500 2648 z'nsulae:
531 2617 614 2658 quod
636 2616 754 2648 dudum

71 2665 255 2690 monuerunt
269 2659 411 2701 Sigonius
423 2666 454 2692 et
467 2660 651 2691 Gronovius.

123 2702 163 2731 28
199 2702 255 2731 Ubi
278 2713 331 2741 pro
356 2705 406 2733 deo
441 2710 517 2734 vates
553 2703 758 2742 Amphilochus

70 2744 193 2784 colitur]
220 2744 295 2774 Non
316 2745 381 2776 sine
402 2756 497 2777 causa
517 2745 672 2777 existimat
687 2746 757 2776 Du-

66 2785 165 2827 jatius
197 2786 319 2816 Livium
348 2787 406 2818 hoc
439 2788 506 2819 loco
536 2789 758 2828 Amphiloc-hum

70 2828 183 2860 dixisse
220 2839 274 2870 pro
300 2830 486 2869 Amphiarao.
529 2831 604 2862 Vid.
636 2832 755 2863 Pausa-

70 2871 153 2902 niam
168 2871 200 2902 in
214 2871 337 2902 Atticis.

115 2915 157 2945 29
187 2914 294 2946 Plenas
322 2916 437 2955 quidem
463 2922 489 2946 ez
518 2917 589 2955 ipsas
616 2922 771 2947 vetustate,

793 2146 912 2187 insigne
927 2146 1073 2182 habeant,
1092 2155 1186 2186 quam
1207 2144 1289 2186 quod
1312 2155 1481 2187 repraesen-

793 2194 862 2219 tant
877 2188 1065 2219 heroicorum
1087 2194 1260 2230 temporum
1283 2199 1480 2220 memoriam·
1473 2212 1481 2225 ‚

793 2232 893 2262 multa
906 2237 1008 2262 tamen
1029 2231 1193 2267 habentes,
1210 2242 1281 2272 quae
1305 2242 1359 2272 per
1381 2241 1413 2262 se
1436 2231 1482 2273 ip-

794 2285 839 2310 sa,
876 2279 907 2305 et
942 2274 981 2304 ob
1015 2280 1173 2304 structurae
1209 2274 1482 2314 magnificentiam,

795 2323 849 2348 aut
871 2316 1088 2348 excellentiam
1111 2316 1242 2352 artificii,
1258 2316 1386 2347 visenda
1399 2317 1472 2347 sint.

839 2360 880 2390 30
905 2360 1029 2400 Portus]
1055 2360 1094 2393 In
1111 2360 1228 2390 Piraeeo
1243 2359 1307 2389 solo
1321 2364 1381 2389 tres
1397 2364 1485 2390 erant

794 2407 909 2444 portus.
953 2403 1108 2433 Praeterea
1122 2409 1152 2433 et
1167 2402 1244 2432 duos
1259 2401 1334 2432 alios
1350 2402 1389 2432 ad
1408 2403 1484 2433 Mu-

795 2445 941 2486 nychiam
963 2450 994 2475 et
1019 2445 1059 2476 ad
1084 2445 1249 2476 Phalerum
1269 2450 1374 2485 portus
1388 2445 1486 2476 habe·

795 2488 872 2518 bant
894 2487 1112 2521 Athenienses.
1156 2487 1229 2518 vid.
1254 2488 1390 2519 Pausan.
1417 2488 1486 2519 Att.

796 2530 892 2562 initio.

839 2575 876 2604 31
906 2573 1034 2603 Navalia
1061 2583 1233 2614 mognmutm
1260 2573 1484 2613 imperatorum]

798 2616 936 2647 Navalia
970 2625 1032 2646 non
1065 2619 1137 2646 sunt
1174 2614 1404 2656 imperatorum,
1431 2615 1486 2645 sed

799 2657 916 2700 populi.
961 2658 1094 2690 Videtur
1114 2657 1264 2688 excidisse
1289 2658 1393 2698 aliqua
1413 2667 1484 2691 vox,

799 2707 877 2743 puta
887 2708 1082 2737 monumenta,
1098 2706 1152 2731 aut
1173 2700 1236 2731 alia
1254 2710 1316 2730 non
1338 2698 1486 2729 absimilis

801 2754 919 2775 sensus.
963 2744 1012 2774 Sic
1027 2744 1119 2785 igitur
1135 2743 1303 2783 legendum
1325 2747 1357 2771 et
1377 2741 1486 2772 distin-

801 2787 957 2828 guendum
979 2786 1054 2817 erit:
1085 2787 1214 2820 παιαὶὶα,
1237 2795 1409 2825 magnorum
1430 2786 1485 2814 im-

795 2837 963 2869 peratorum
981 2835 1179 2865 monumenta,
1194 2828 1350 2858 simulacra
1368 2829 1485 2858 demvm

799 2874 1012 2912 hominumque.

865 2963 933 2998 03
