1831 3194
438 118 563 154 LIB.
595 117 748 153 XLIII.
796 115 929 153 cAP.
962 116 1076 152 XIII.

1397 121 1468 158 107

54 241 197 268 curam
232 228 457 282 praebebat.
493 227 533 267 in
570 226 740 267 classem
773 225 885 266 mille
918 224 1015 265 socii
1051 224 1216 265 navales
1237 223 1345 264 cives
1382 224 1465 265 Ro-
1481 229 1659 278 [RQ-533.

54 284 164 324 mani
198 284 378 326 libertini
410 283 580 333 ordinis,
602 299 653 324 ex
679 282 858 324 Italia*¹¹
881 281 1002 323 scribi
1030 281 1163 337 jussi;
1208 281 1383 322 totidem
1418 273 1656 322 11t³³·C·¹⁰9·

55 356 106 381 ex
131 341 269 381 Sicilia
301 341 601 382 scriberentur:
635 349 691 389 et,
714 339 781 381 cui
803 355 851 380 ea
871 339 1083 395 provincia
1116 337 1331 387 evenisset,
1354 352 1467 377 man-

55 398 218 448 datum,
243 406 288 439 ut
309 414 377 438 eos
398 397 440 437 in
474 397 782 446 Macedoniam,
807 396 1061 451 ubicumque
1083 395 1221 436 classis
1254 401 1374 443 esset,
1397 394 1468 434 de·-

55 455 283 510 portandos
318 463 493 496 curaret.
557 456 608 495 In
644 453 890 510 Hispaniam
920 453 1000 494 tria
1020 452 1149 493 millia
1168 451 1359 508 peditum
1384 452 1468 491 Ro-

56 526 273 552 manorum
293 511 333 552 in
349 512 701 567 supplementum,
719 510 892 552 trecenti
909 510 1070 565 equites
1086 509 1252 550 decreti.
1301 507 1467 548 Finitus

58 567 113 608 ibi
145 583 314 624 quoque
343 569 385 608 in
416 568 597 624 legiones
638 568 819 609 militum
861 582 1074 616 numerus,
1106 566 1295 623 peditum
1339 564 1469 620 quina

56 625 197 674 millia,
221 625 373 666 treceni
395 634 436 666 et
458 625 630 666 triceni⁰
650 624 823 681 equites
897 625 956 664 Et
985 623 1101 663 sociis
1128 624 1331 678 imperare
1363 637 1469 677 prae-

58 690 137 731 tor,
160 681 227 722 cui
250 682 457 738 Hispania
477 682 725 732 obvenisset,
743 682 886 737 jussus
908 688 1091 737 quatuor
1111 680 1241 721 millia
1260 678 1466 735 peditum,

57 747 98 779 et
120 746 325 780 trecentos
345 739 518 795 equites.

116 796 257 836 XIII.
291 797 387 838 Non
409 812 501 837 sum
523 796 698 847 nescius,
722 796 774 836 ab
796 795 940 836 eadem
962 794 1238 851 neglegentia,
1261 808 1346 849 qua
1365 792 1469 832 nihil

58 853 171 893 Deos
210 854 458 908 portendere
497 854 626 909 vulgo
666 869 777 894 nunc
827 852 1012 901 credant,
1053 851 1086 875 ⁵⁴¹
1099 866 1234 907 neque
1283 849 1470 890 nunciari

56 909 323 950 ⁵⁵ad1nodum
356 910 492 951 nullap
513 910 704 966 prodigia
734 910 776 950 in
808 909 1041 965 publicum,
1063 924 1198 964 neque
1231 907 1272 948 in
1305 906 1471 947 annales

58 966 214 1007 referri.
247 976 430 1008 ceterum
463 976 504 1008 et
532 967 648 1016 mihi,
671 975 857 1007 vetustas
888 982 953 1006 res
987 965 1196 1015 scribenti,
1219 964 1354 1005 nescio
1387 979 1472 1018 quo

58 1031 196 1078 pact0,
218 1023 251 1047 ⁵⁶
265 1024 464 1079 antiquus
499 1024 546 1065 fit
577 1024 766 1071 animus;
813 1023 847 1049 ⁵⁷
861 1031 900 1064 et
933 1022 1128 1078 quaedam
1161 1021 1307 1076 religio
1342 1028 1471 1069 tenet,

59 1095 156 1135 quae
187 1080 247 1120 illi
278 1081 589 1136 prudentissimi
618 1080 695 1121 viri
728 1080 895 1136 publice
928 1079 1189 1134 suscipienda
1223 1076 1471 1126 censuerint,

60 1152 108 1176 ea
128 1152 203 1192 pro
225 1137 361 1193 dignis
382 1138 548 1187 habere,
572 1153 668 1193 quae
689 1137 731 1177 in
752 1152 864 1177 meos
886 1135 1052 1177 annales
1080 1136 1268 1176 referam.
1329 1134 1474 1188 Anag-

60 1193 129 1234 nia
163 1193 248 1235 duo
284 1194 476 1250 prodigia
510 1210 558 1235 eo
593 1210 702 1235 anno
735 1202 831 1235 sunt
864 1192 1086 1239 nunciata;
1134 1192 1266 1232 facem
1297 1190 1339 1231 in
1369 1190 1473 1231 coelo
1487 1197 1641 1239 Prodigia.

60 1259 337 1306 conspectam,
360 1260 400 1292 et
421 1252 571 1292 bovem
603 1251 798 1292 feminam
835 1251 1017 1291 locutam
1044 1248 1212 1305 publice
1234 1248 1299 1289 ali.
1362 1247 1475 1287 Min-

62 1308 196 1348 turnis
218 1324 386 1364 quoque
419 1324 494 1364 per
515 1324 583 1349 eos
616 1308 703 1349 dies
723 1307 857 1348 ⁵²³coeli
889 1306 1072 1348 ardentis
1105 1305 1260 1362 species
1295 1304 1476 1345 adfulse-

61 1372 138 1406 rat.
200 1366 333 1406 Reate
354 1365 477 1406 imbri
498 1365 712 1421 lapidavit.
775 1364 920 1405 Cumis
936 1363 978 1404 in
999 1379 1091 1404 arce
1109 1362 1264 1419 Apollo
1286 1361 1476 1403 triduum

62 1437 109 1462 ac
130 1430 212 1463 tres
234 1431 373 1463 noctes
398 1422 640 1463 lacrimavit.
672 1422 715 1462 in
736 1422 839 1462 urbe
874 1422 1065 1461 Romana
1086 1420 1172 1460 duo
1205 1418 1350 1459 aeditui
1371 1433 1476 1458 nun-

62 1478 240 1529 ciarunt,
258 1479 377 1529 alter,
394 1479 436 1519 in
458 1480 547 1520 aede
570 1480 772 1520 Fortunae
794 1493 973 1532 anguem
989 1477 1188 1532 jubatum
1210 1491 1235 1516 a
1254 1473 1477 1530 compluri-

62 1535 142 1576 bus
163 1535 297 1576 visum
331 1552 440 1577 esse:
474 1536 592 1586 alter,
615 1535 656 1575 in
685 1536 774 1576 aede
795 1534 828 1558 ⁵⁹
842 1531 1107 1589 Primigeniae
1141 1533 1357 1581 Fortunae,
1380 1547 1477 1587 quae

63 1591 105 1632 in
128 1592 230 1632 colle
251 1601 327 1642 est,
350 1593 435 1633 duo
456 1593 619 1633 diversa
651 1591 868 1647 prodigiag
902 1591 1083 1646 palmam
1105 1590 1147 1630 in
1175 1604 1271 1629 area
1303 1597 1482 1638 enatam,

64 1657 105 1690 ct
136 1649 335 1704 sanguine
365 1649 550 1690 interdiu
580 1649 747 1704 pluisse.
810 1649 910 1688 Duo
946 1662 1028 1687 non
1066 1654 1259 1702 suscepta
1292 1644 1486 1701 prodigia

65 1714 177 1756 sunt,
200 1706 378 1747 alterum
412 1706 527 1761 quod
562 1706 604 1746 in
638 1705 803 1761 privato
839 1705 930 1745 loco
965 1705 1124 1745 factum
1161 1710 1280 1752 esset,
1303 1702 1485 1758 palmam

64 1771 228 1804 enatam
261 1762 449 1819 inpluvio
484 1779 559 1804 suo
582 1764 636 1803 T.
657 1762 845 1803 Marcius
874 1761 1054 1817 Figulus
1088 1759 1338 1801 nunciabat:
1385 1758 1487 1799 alte-

64 1834 173 1870 rum,
197 1820 312 1876 quod
348 1820 390 1860 in
424 1820 515 1860 loeo
548 1819 784 1876 peregrino,
820 1818 1023 1874 Fregellis
1055 1817 1098 1857 in
1131 1816 1255 1857 domo
1292 1816 1343 1855 L.
1362 1814 1485 1856 Atrei

64 1876 198 1927 hasta,
221 1892 348 1932 quam
368 1876 455 1917 filio
477 1876 599 1918 militi
622 1884 793 1926 emerat,
816 1875 999 1917 interdiu
1021 1874 1117 1930 plus
1145 1873 1251 1914 duas
1280 1872 1403 1912 horas
1424 1887 1487 1912 ar-

66 1933 177 1983 sisse,
200 1933 260 1974 ita
282 1942 329 1974 ut
356 1933 460 1973 nihil
482 1935 572 1989 ejus
593 1933 832 1974 ambureret
853 1932 974 1988 ignis,
997 1931 1227 1972 dicebatur.
1291 1928 1487 1969 Publico-

65 2005 160 2031 rum
181 1990 470 2046 prodigiorum
502 2006 647 2032 caussa
667 1989 802 2030 ⁶⁰l‘1bri
824 2004 849 2030 a
869 1987 1113 2030 decemviris
1145 1986 1274 2033 adit‘1;
1308 1985 1488 2041 quadra-

111 2108 126 2125 Π
144 2109 215 2134 nota
230 2104 349 2135 lacunae
364 2104 451 2134 abest
466 2105 562 2135 Gron.
578 2105 667 2136 Crev.
732 2108 747 2124 ⁰
763 2104 884 2134 trecenti
899 2108 924 2133 ec
941 2103 1069 2143 triginta
1084 2100 1172 2131 Eaed.
1240 2103 1256 2127 P
1274 2100 1337 2129 ulla
1353 2099 1444 2130 Crev.

112 2200 154 2230 54
180 2199 291 2239 'Neque
327 2202 466 2230 mirzciari
501 2201 656 2230 admodum
692 2200 757 2229 ulla

64 2243 216 2284 prodigia]
250 2243 301 2274 Sic
326 2242 424 2274 edidit
446 2244 611 2273 obsecutus
635 2243 756 2273 Grono-

801 2198 918 2228 Heaut.
949 2196 997 2227 11.
1028 2196 1049 2226 1.
1082 2196 1132 2226 16.
1163 2196 1266 2236 religio
1305 2200 1344 2225 est
1383 2196 1490 2226 dicere.

801 2240 865 2270 'Si
895 2238 964 2281 quis
999 2244 1106 2269 tamen
1134 2238 1295 2279 vulgatam
1323 2237 1491 2268 lectionem

70 2287 120 2317 vio
137 2286 287 2318 Clericus.
332 2287 361 2317 V
364 2286 463 2327 ulgati
478 2286 595 2316 habent
610 2285 757 2316 manifes-

71 2335 137 2360 tum
152 2329 312 2365 mendum,
328 2330 425 2359 nulla.

111 2375 152 2404 55
163 2374 180 2391 *
192 2373 370 2413 Admodum]
397 2373 484 2402 Fere.

111 2417 153 2445 56
185 2417 331 2455 Antiquos
359 2415 402 2454 fit
431 2414 561 2454 animus]
603 2413 758 2450 Quaedam

70 2458 221 2489 editiones
249 2460 295 2488 sit.
348 2457 410 2487 Sed
438 2457 632 2491 vetustiores,
662 2462 693 2486 et
723 2466 761 2486 ea

70 2511 193 2542 quoque
209 2512 280 2542 quae
304 2501 342 2531 ab
367 2500 505 2530 Hearnio
529 2499 679 2530 adornata
702 2504 760 2534 est,

71 2543 102 2574 id
118 2544 234 2574 habent
248 2543 331 2584 quod
346 2542 509 2573 edidimus.

115 2587 154 2616 57
180 2587 219 2616 Et
234 2588 366 2627 qitct’dum
388 2586 490 2625 religio
511 2590 588 2615 tenet
610 2605 618 2613 .
644 2606 652 2615 .
676 2605 684 2613 .
706 2595 759 2623 pro

71 2630 167 2669 dignis
196 2629 310 2669 habere]
343 2625 476 2659 Videtur
498 2627 665 2669 legendum
688 2637 755 2657 esse

71 2671 172 2712 potius
188 2673 327 2713 indignis.
372 2671 530 2712 Religioni
550 2670 632 2701 enim
649 2680 687 2700 ea
701 2669 756 2700 ha-

69 2715 143 2744 bere
167 2713 307 2750 dicimur,
324 2725 392 2755 quae
415 2724 603 2749 aversamur,
619 2723 688 2753 quae
711 2712 758 2742 fa-

72 2767 141 2787 cere
176 2761 230 2786 aut
259 2756 324 2786 fieri
352 2757 506 2793 nolumus,
529 2766 590 2786 non
621 2765 658 2785 ea
688 2766 757 2796 quae

70 2803 286 2841 praeoptamus.
321 2799 371 2829 Sic
399 2800 421 2830 1.
445 2800 488 2830 V.
518 2809 545 2829 c.
568 2799 622 2829 23.
679 2798 758 2827 Jovis

71 2843 198 2881 Solisque
238 2842 315 2880 equis
359 2843 539 2881 oeqniparari.
588 2843 758 2872 dictatorem

72 2887 101 2915 in
126 2886 290 2925 rcliginncm
314 2885 398 2913 etiam
421 2885 583 2915 trahebant.
628 2884 668 2913 Et
687 2883 756 2913 Ter.

802 2282 880 2313 tueri
910 2282 997 2317 velit,
1030 2281 1126 2312 habet
1155 2292 1217 2322 quo
1242 2280 1358 2310 nitatur
1386 2291 1493 2311 exem·

802 2326 888 2367 plum
905 2325 957 2355 el.
975 2325 1016 2355 X.
1041 2324 1185 2362 Liviano,
1210 2334 1237 2354 c.
1254 2324 1307 2354 27.
1349 2322 1424 2353 Vid.
1447 2323 1491 2353 ibi

804 2374 866 2399 not.
883 2370 938 2399 55.

846 2413 887 2442 58
925 2411 999 2440 Caeli
1027 2411 1156 2440 ardentis
1185 2411 1286 2448 species
1321 2407 1490 2449 qffztlserot]

805 2454 981 2485 Gronovius
997 2453 1105 2483 mallet
1128 2452 1289 2493 effulserat,
1306 2457 1341 2480 ut
1363 2451 1385 2481 l.
1402 2452 1492 2481 XLI.

804 2508 833 2528 c.
849 2498 901 2527 21.
931 2497 1000 2526 Tres
1014 2496 1100 2525 simul
1115 2497 1182 2525 soles
1197 2494 1380 2535 effulserunt.

845 2541 886 2570 59
923 2539 1132 2579 Primigeniae]
1174 2538 1261 2568 Olim
1300 2537 1489 2577 Primigenoe.

803 2582 945 2614 Correxit
961 2581 1146 2612 Gronovius.

841 2626 883 2656 60
906 2625 990 2654 Libri
1005 2636 1023 2653 α
1046 2625 1212 2654 decemviris
1234 2623 1308 2652 aditi
1332 2643 1340 2651 .
1365 2642 1374 2651 .
1395 2641 1403 2649 .
1429 2642 1438 2650 .
1461 2627 1490 2649 et

799 2669 993 2708 addiderunt]
1025 2668 1126 2697 Locus
1151 2666 1278 2700 fractus,
1309 2673 1400 2703 quem
1429 2662 1487 2692 hoc

800 2711 892 2742 modo
920 2709 1054 2740 restituit
1084 2708 1276 2740 Gronovius:
1317 2706 1412 2735 Libris
1437 2706 1485 2733 ‹Ie-

801 2755 918 2784 cemviri
964 2754 1061 2787 aditis,
1100 2753 1297 2792 quadraginta
1333 2747 1488 2785 maioribus

801 2798 897 2827 hostiis
918 2797 1019 2836 quibus
1046 2797 1100 2825 <liis
1123 2794 1249 2824 consules
1275 2791 1486 2829 sacrificarent,

801 2841 967 2874 ediderunt,
996 2844 1023 2867 et
1049 2839 1106 2867 uti.
1165 2835 1304 2865 Verbum
1333 2833 1487 2878 ediderunt

802 2882 861 2913 hac
876 2880 908 2912 in
924 2891 956 2911 re
972 2880 1101 2911 solenne
1121 2883 1177 2914 est,
1195 2887 1251 2908 nec
1274 2880 1375 2918 potest
1397 2874 1486 2906 dubi-
