1816 3159
88 1101 185 1130 Λῑίις.
203 1101 261 1131 IV.

88 1144 264 1174 sumusn-

86 1197 205 1216 'i'lONifs
225 1198 267 1217 AD

90 1241 144 1258 ΑΝῙ
155 1241 230 1259 'HUM

88 1283 269 1304 ,uoursoun

86 1556 205 1586 Livium
230 1556 287 1587 ini-

84 1611 177 1640 quum
195 1600 261 1629 Sal-

84 1643 174 1672 1¹1„th
186 1642 279 1674 fuisse

85 1687 203 1716 Seneca
219 1697 266 1717 ar-

83 1729 160 1768 guit-

303 101 489 150 xxxviii
820 97 1276 148 PRAEFATIO.

302 241 480 289 iisdem
518 255 708 288 morum
744 238 1170 287 informandorum
1208 239 1397 287 monita
1420 243 1469 285 et
1501 244 1750 301 praecepta

304 318 575 366 narrationi
597 318 863 381 inspergat.
931 317 1051 365 Duo
1075 318 1144 366 ita
1168 317 1395 382 praestitit
1423 316 1606 373 Livius,
1632 323 1686 363 ut
1710 315 1751 362 si

306 397 465 444 minus
491 396 667 444 ceteris
693 395 923 443 omnibus
943 395 1189 444 dicendus
1213 402 1289 444 est
1312 393 1624 460 praeripuisse
1642 393 1749 456 pal-

303 490 450 530 mam,
479 480 612 522 certe
630 472 758 520 ‘nulli
776 473 1028 521 secundus
1048 473 1212 521 haberi
1233 473 1415 536 possit:
1454 488 1512 519 ac
1532 471 1570 518 si
1596 471 1748 517 histo-

301 552 479 600 riarum
505 551 736 615 scriptori
755 552 1007 599 sufficeret
1032 552 1151 599 utile
1170 551 1305 599 dulci
1327 551 1555 605 miscere,
1572 550 1753 596 frustra

303 630 581 694 quidquam
605 628 872 692 perfectius
892 636 1209 692 quaereretur.
1281 628 1380 676 Sed
1406 643 1558 691 quum
1580 627 1752 672 adver-

302 725 386 754 sus
411 707 561 754 fidem
586 705 769 769 triplici
789 707 944 754 modo
968 723 1174 770 peccare
1197 706 1308 770 quis
1326 704 1502 768 possit,
1520 704 1748 752 nimirum

302 783 381 830 vel
406 783 569 831 sciens
589 789 640 831 et
659 784 849 839 volens,
870 783 946 830 vel
974 784 1152 830 amoris
1174 791 1256 831 aut
1273 782 1374 830 odii
1394 782 1541 830 caecis
1559 781 1750 829 insidiis

303 862 558 925 deceptus,
585 862 663 909 vel
698 861 999 925 negligentia
1033 850 1231 925 lapsus3
1279 862 1454 908 harum
1491 861 1749 923 culparum

299 938 489 986 nullam
513 955 621 985 esse
646 956 675 986 a
693 956 796 1002 qua
819 955 871 985 se
896 955 1090 1001 semper
1106 938 1377 985 immunem
1401 937 1570 984 Livius
1591 954 1751 984 serva-

302 1017 439 1072 verit,
464 1016 673 1073 idoneis,
700 1022 755 1065 ut
776 1024 1026 1081 putatum,
1053 1016 1353 1080 argumentis
1378 1015 1715 1080 probavimus.

366 1093 659 1158 Antequam
685 1095 749 1141 ad
776 1094 980 1142 alteram
1005 1094 1242 1141 institutae
1263 1092 1616 1156 disputationis
1642 1109 1750 1155 par-

301 1178 401 1220 tem
438 1178 764 1228 transeamus,
790 1189 854 1219 ne
888 1172 1006 1236 quid
1035 1189 1064 1219 a
1088 1171 1246 1228 nobis,
1272 1172 1410 1235 quod
1448 1171 1660 1231 alicujus
1686 1170 1751 1217 sit

302 1250 555 1306 momenti,
585 1250 967 1313 praetermissum
1004 1250 1214 1306 dicatur,
1254 1251 1355 1296 duo
1391 1249 1535 1297 nobis
1571 1265 1752 1312 expen-

223 1327 278 1389 ‘'S'j
301 1327 469 1373 denda
493 1334 624 1383 sunt,
653 1344 682 1374 a
707 1328 899 1375 Seneca
917 1334 1057 1390 patre
1081 1333 1130 1373 et
1146 1326 1313 1374 Plinio
1339 1327 1527 1388 majore
1546 1327 1750 1388 objecta

300 1403 460 1460 Livio,
480 1422 583 1452 non
607 1405 671 1452 ad
699 1422 826 1469 opus
851 1404 1020 1469 ipsius,
1042 1405 1132 1453 sed
1160 1405 1223 1452 ad
1246 1421 1409 1453 mores
1429 1405 1750 1468 animumque

302 1481 612 1544 pertinentia.

368 1558 572 1615 Seneca,
613 1559 695 1606 lib.
735 1558 826 1606 IV.
867 1558 1110 1607 Controv.
1149 1563 1227 1607 24.
1266 1559 1395 1607 hanc
1431 1558 1747 1621 Thucydidis

300 1637 594 1683 sententiam
638 1636 797 1683 refert.
868 1643 992 1684 Δειναῖ
1025 1640 1103 1698 γεῖς
1135 1642 1173 1682 αἳ
1208 1642 1398 1699 εὐπραξίαι
1438 1643 1655 1700 συγκρύψαι
1689 1645 1750 1684 καὶ

298 1719 503 1761 συσκιάσαι
524 1719 574 1759 τοὶ
595 1718 734 1767 ἑκάςων
755 1719 1025 1776 ἁμαρτήματα.
1095 1712 1262 1766 Quam
1288 1712 1358 1760 Sic
1383 1713 1526 1760 vertit
1560 1713 1749 1760 Sallus·-

301 1789 412 1836 tius.
470 1797 499 1815 “
529 1788 633 1834 Res
658 1789 897 1835 secundae
922 1787 1042 1835 mire
1066 1795 1184 1836 sunt
1207 1788 1333 1837 vitiis
1360 1790 1642 1837 obtentui.''
1683 1791 1747 1838 T.

300 1867 658 1922 autemLiviu3‚
670 1865 831 1928 inquit
841 1864 1048 1922 Seneca,
1059 1873 1158 1914 tam
1173 1868 1366 1930 iniquus
1378 1870 1613 1917 Sallustio
1615 1869 1708 1930 fui
1711 1878 1747 1926 t,

298 1956 350 1992 uc
365 1945 488 1992 hanc
503 1945 804 1999 sententiam,
823 1951 868 1991 et
888 1951 1116 2007 tanquam
1134 1947 1438 2002 translatam,
1458 1955 1505 1994 et
1523 1956 1749 2011 tanquam

298 2030 574 2085 corruptam
581 2024 693 2069 dum
702 2021 1012 2084 transfertur,
1023 2023 1249 2088 objiceret
1265 2024 1519 2073 SallustiO.
1539 2024 1602 2073 N
1597 2042 1647 2073 ec
1659 2026 1749 2074 lcoc

297 2116 456 2147 amore
484 2098 790 2163 Thucydidis
804 2100 960 2162 facit,
986 2108 1041 2148 ut
1065 2102 1204 2149 illum
1219 2104 1472 2166 praeferat.
1544 2102 1748 2151 Laudat

298 2193 432 2239 quem
454 2193 549 2223 non
573 2178 724 2231 timet,
741 2183 786 2224 et
792 2177 1008 2237 facilius
1023 2185 1174 2243 putat
1188 2196 1330 2242 posse
1347 2198 1377 2227 a
1394 2197 1441 2227 se
1458 2181 1747 2229 Sallustium

299 2255 443 2309 vinci,
463 2256 507 2300 si
523 2263 634 2301 ante
650 2272 679 2302 a
702 2253 987 2319 Thucydide
1004 2258 1243 2305 vincatur.
1304 2258 1357 2306 Si
1377 2259 1441 2305 de
1457 2258 1565 2322 ipsa
1587 2275 1637 2306 re
1657 2259 1743 2306 Se-

298 2348 435 2378 necae
460 2331 726 2388 credimus,
754 2333 900 2394 cujus
926 2351 1044 2383 sane
1066 2336 1403 2383 testimonium
1440 2337 1572 2384 haud
1600 2337 1745 2384 facile

297 2408 409 2471 quis
435 2410 685 2472 aspernari
710 2411 884 2473 possit,
910 2412 950 2460 si
975 2412 1145 2461 Livius
1172 2419 1274 2461 tam
1298 2414 1425 2462 futili
1449 2414 1747 2462 criminatio.

298 2502 362 2532 ne
388 2486 677 2534 Sallustium
713 2488 987 2538 insectatus
1012 2499 1101 2548 est,
1129 2493 1356 2555 profecto
1392 2507 1494 2539 non
1518 2491 1743 2541 videmus

298 2562 381 2626 qui
406 2563 553 2610 liceat
577 2564 638 2610 ab
663 2564 892 2624 ejusdem
917 2567 1120 2615 Senecae
1137 2568 1331 2629 judicio
1358 2567 1641 2617 discedere:
1677 2570 1744 2617 fa-

298 2641 501 2688 tendum
529 2641 620 2687 erit
654 2640 847 2689 Livium
873 2644 1108 2691 Sallustio
1140 2644 1367 2705 ejusdem
1402 2646 1570 2707 gloriae
1595 2663 1743 2694 aemu-

298 2718 483 2765 latione
508 2717 730 2782 iniquum
761 2718 927 2766 fuisse.
999 2719 1137 2778 Quid
1164 2722 1294 2769 enim
1328 2724 1543 2787 corrupti
1570 2725 1743 2789 depre-

299 2795 448 2843 hendi
474 2802 637 2858 potest
662 2795 712 2843 in
736 2796 980 2844 sententia
1011 2797 1324 2861 Sallustiana,
1350 2818 1461 2864 quae
1485 2801 1743 2864 Thucydi=
