1826 3149
115 216 154 246 U.
166 215 203 246 C.
216 215 291 245 584

112 258 290 289 A,C.168.

111 610 138 638 N
145 609 234 639 asicae

109 653 304 693 conloquium

109 705 179 725 cum
189 696 310 726 Paullo.

107 2263 238 2306 Eclipsis

329 100 401 134 158
856 95 1001 135 ΤΙΤΙ
1049 96 1230 135 LIVII

325 213 430 246 rent.
492 205 614 255 Quod
646 205 719 247 ubi
750 205 839 246 11611
871 205 1025 246 milites
1055 220 1230 256 sensere,
1266 206 1336 247 alii
1376 203 1559 262 gaudere
1591 207 1743 263 palam,

324 262 440 318 quod
475 262 603 303 fessos
639 263 719 303 viae
755 263 895 303 lab01e
930 261 1251 317 flagrantissimo
1282 241 1402 305 aestuo
1423 278 1504 303 non
1544 264 1744 319 coegisset

323 334 526 383 pugnare.
558 320 683 374 legati
719 320 828 360 circa
862 319 1154 374 impelatorem
1178 320 1399 376 ducesque
1430 321 1589 361 externi
1611 329 1744 371 erant,

323 376 432 417 inter
445 392 551 431 quos
564 385 603 417 et
596 354 838 425 Attalus,6
844 390 985 416 01111165
998 375 1290 431 adprobantes,
1305 392 1437 432 quum
1455 386 1745 433 pugnaturum

323 433 532 473 consulem
555 432 800 473 credebant:
834 432 993 487 ⁷neque
1024 433 1133 472 enim
1154 448 1205 473 ne
1225 433 1290 473 his
1311 434 1617 475 cunctationem
1650 449 1745 489 ape-

324 498 463 530 luerat
493 504 600 530 511111.
630 497 731 530 tunc
761 489 993 530 mutatione
1014 489 1172 530 consilii
1208 490 1348 531 subita
1382 505 1515 546 quum
1548 491 1617 531 alii
1655 490 1745 531 sile·

323 554 430 595 rent,
455 546 605 586 Na5ica
626 561 735 586 unus
765 561 816 586 ex
847 546 1041 586 omnibus
1068 561 1195 586 ausus
1225 555 1286 588 est
1322 562 1487 588 monere
1517 547 1743 596 consulem,

323 602 419 643 8Ne
447 604 592 642 hostem
624 604 782 656 quidem
812 604 1037 656 iustificatos
1061 605 1223 655 priores
1250 605 1523 657 imperatores,
1537 605 1747 658 fugiendo

323 666 536 708 certamen,
567 660 750 701 manibus
779 662 971 701 emittere.
1038 660 1192 709 Vereri,
1215 675 1264 701 ne
1284 667 1396 701 nocte
1428 661 1559 709 abeat,
1581 675 1745 715 sequen-

323 719 396 757 dus
417 718 589 757 maximo
609 718 747 758 labore
767 733 815 757 ac
831 719 1013 771 periculo
1036 719 1079 757 iu
1101 719 1246 758 intima
1280 719 1559 764 Macedonioe,-
1592 719 1744 759 611167·σί·

321 781 473 827 tresque,
494 776 595 814 sicut
613 775 819 828 prioribus
846 775 1020 823 (lucibus,
1038 789 1116 828 per
1132 777 1254 816 calles
1272 777 1474 829 saltusque
1504 776 1746 816 Macedoni-

321 846 453 871 corum
485 833 674 872 montium
705 834 894 886 vagando
923 834 1234 886 circumagatur.
1308 834 1358 874 Se
1388 847 1627 887 magnopere
1655 847 1747 873 sua-

322 890 429 938 dere,
451 890 542 929 dum
573 890 617 929 in
647 904 787 943 campo
809 890 976 943 patenti
1003 890 1150 929 hostem
1180 890 1341 939 habeat,
1371 891 1652 944 adgrediatur,
1677 905 1748 931 nec

322 946 496 986 oblatam
523 948 765 988 occasionem
787 948 976 988 vincendi
1006 948 1187 988 amittat.
1248 947 1420 995 Consul,
1441 947 1545 988 nihil
1565 947 1745 989 offensus

323 1003 453 1044 libera
484 1003 767 1045 admonitione
806 1012 890 1045 tam
926 1003 1025 1044 clari
1060 1003 1346 1054 adolescentis,
1377 1005 1436 1044 Et
1470 1018 1554 1058 ego,
1590 1004 1743 1060 inquit,

321 1062 499 1101 animum
532 1063 648 1102 istum
680 1062 817 1109 habui,
841 1062 1013 1109 Nasica,
1037 1075 1148 1114 quem
1169 1067 1212 1101 tu
1233 1075 1338 1100 nunc
1368 1061 1515 1102 babes.-
1558 1067 1609 1110 et,
1632 1075 1743 1116 quem

321 1132 393 1171 ego
413 1132 517 1158 nunc
537 1118 676 1167 haheo,
698 1125 743 1159 tu
762 1118 937 1158 habebis.
997 1119 1148 1158 Multis
1167 1118 1264 1158 belli
1277 1118 1433 1160 casibus
1452 1119 1595 1167 didici,
1617 1133 1746 1173 quan-

321 1176 372 1214 do
386 1177 665 1229 pugnandum,
689 1177 851 1229 quando
879 1176 1154 1217 abstinendum
1181 1189 1325 1229 pugna
1345 1176 1412 1216 sit.
1471 1175 1589 1216 ⁹N0n
1611 1190 1746 1229 operae

319 1233 373 1271 sit
393 1233 524 1272 stanti
542 1234 706 1273 nuncin
738 1234 827 1273 acie
859 1234 1009 1281 docere,
1033 1233 1174 1286 quibus
1193 1233 1242 1272 de
1261 1234 1411 1273 caussis
1440 1233 1561 1273 hodie
1592 1234 1745 1288 quiesse

319 1290 459 1329 melius
487 1290 554 1330 sit.
584 1291 765 1330 rationes
794 1291 902 1330 alias
931 1290 1152 1342 reposcite.-
1195 1303 1297 1329 nunc
1327 1291 1572 1331 azectoritate
1600 1291 1745 1332 veteris

321 1347 578 1399 imperatoris
612 1354 818 1388 contentus
844 1348 939 1388 eris.
1001 1346 1216 1387 Conticuit
1236 1346 1497 1395 adolescen53
1529 1347 1645 1388 haud
1665 1348 1743 1388 du-

318 1403 386 1443 bie
421 1403 563 1443 videre
597 1404 742 1460 aliqua
768 1403 1053 1460 inpedimenta
1086 1418 1242 1459 pugnae
1274 1403 1499 1454 consulem,
1533 1419 1630 1459 quae
1663 1404 1741 1446 sibi

318 1475 400 1500 non
422 1459 598 1516 adpaiei
601 1469 684 1502 ent

378 1517 637 1559 XXXVII.
671 1516 860 1567 Paullus,
892 1526 1117 1574 postquam
1148 1525 1303 1558 metata
1332 1525 1467 1559 castla
1485 1516 1741 1582 inpedimen-

319 1582 448 1629 taque
468 1574 682 1616 conlocata
712 1574 953 1615 animadve]
956 1583 1022 1624 t1t
1045 1590 1097 1615 ex
1117 1582 1340 1630 postrema
1348 1574 1446 1615 ..acie
1474 1574 1636 1615 triarios
1656 1575 1741 1639 pri-

318 1646 407 1671 mos
444 1631 666 1672 subducit:
719 1631 869 1671 deinde
908 1631 1132 1687 principes,
1167 1631 1374 1672 stantibus
1408 1631 1451 1671 in
1483 1631 1619 1686 prima
1653 1631 1740 1672 acie

318 1687 508 1737 hastatis,
530 1688 563 1728 si
586 1688 691 1743 quid
712 1687 843 1728 hostis
870 1696 1077 1728 moveret:
1110 1695 1320 1743 postremo
1346 1687 1545 1737 hastatos,
1567 1688 1620 1729 ab
1641 1687 1742 1728 dex-

318 1752 384 1784 tro
405 1744 590 1799 primum
624 1759 753 1785 cornu
787 1744 1047 1800 sinoulorum
1083 1743 1301 1800 paullatim
1339 1744 1552 1799 signorum
1586 1744 1740 1786 milites

319 1800 580 1841 subtimahens
644 1802 713 1842 Ita
732 1778 908 1857 pedites,
931 1801 1147 1856 equitibus
1181 1816 1277 1841 cum
1298 1778 1399 1841 levi³
1400 1809 1612 1842 armatura
1643 1810 1739 1843 ante

317 1857 447 1898 aciem
467 1857 577 1899 hosti
599 1857 814 1913 obpositis,
837 1858 923 1899 sine
944 1857 1133 1899 tumultu
1154 1857 1350 1898 abducti:
1383 1872 1457 1898 nec
1478 1865 1588 1908 ante,
1610 1873 1738 1914 quam

317 1914 453 1969 prima
483 1914 598 1955 frons
618 1915 716 1956 valli
737 1930 784 1955 ac
816 1915 927 1956 fossa
960 1914 1184 1979 peiducta
1196 1922 1272 1963 est,
1295 1929 1345 1954 ex
1368 1915 1544 1956 statione
1576 1915 1740 1970 equites

318 1972 498 2012 revocati
516 1980 628 2013 sunt.
688 1973 783 2012 Rex
799 1987 985 2028 quoque,
1003 1986 1135 2027 quum
1154 1971 1240 2012 sine
1256 1970 1552 2012 detrectatione
1568 1979 1740 2027 paratus

318 2042 507 2083 pugnare
528 2043 577 2068 eo
597 2028 664 2069 die
692 2029 854 2079 fuisset,
876 2036 1110 2078 contentus,
1133 2027 1249 2084 quod
1281 2043 1355 2084 Ρ61·
1386 2027 1549 2070 hostem
1580 2042 1738 2069 moram

317 2084 446 2125 fuisse
466 2100 622 2140 pugnae
644 2086 810 2135 scirent,
832 2094 873 2127 et
893 2086 982 2142 ipse
1002 2085 1045 2126 in
1066 2093 1200 2126 castra
1226 2085 1366 2141 copias
1396 2084 1580 2126 reduxit.
1641 2086 1740 2126 Cas-

318 2141 394 2181 tris
413 2142 677 2197 pennunitiS,
702 2143 752 2183 C.
772 2142 983 2199 Sulpicius
1007 2142 1156 2183 Gallus
1177 2141 1373 2182 tribunus
1394 2141 1575 2183 militum
1597 2156 1739 2182 secun-

318 2196 384 2238 dae
405 2198 592 2253 legionis,
615 2199 689 2264 qui
710 2207 867 2255 praetor
899 2199 1111 2255 superiore
1132 2213 1240 2239 anno
1271 2197 1424 2248 fuerat,
1447 2198 1627 2239 consulis
1647 2213 1740 2254 per-

319 2255 446 2295 missu
487 2255 540 2295 ad
576 2256 814 2296 concionem
853 2255 1058 2296 militibus
1089 2255 1246 2296 vocatis
1285 2255 1591 2310 pronunciavit,
1626 2262 1740 2296 nocte

107 2308 203 2337 Lunae
215 2316 305 2379 ΡΜ1
313 2314 517 2363 proxima,
540 2326 590 2352 ue
619 2314 708 2366 quis
739 2314 784 2353 id
804 2327 886 2366 pro
910 2318 1102 2365 portento
1130 2312 1344 2364 acciperet,
1365 2310 1417 2351 ab
1445 2312 1547 2352 hora
1566 2313 1740 2354 secunda

106 2350 187 2380 dicto
203 2361 221 2381 a
237 2351 278 2380 Su

104 2393 195 2434 picio.

370 2423 391 2453 6
423 2424 527 2454 Omnes
553 2425 753 2466 approbantes]
786 2426 904 2455 Omnes
930 2435 1007 2466 pug-
1052 2426 1264 2455 cunctationem
1285 2431 1440 2464 aperuerat
1459 2436 1542 2455 suam
1564 2424 1632 2461 ulli,
1646 2426 1740 2456 uehis

319 2476 392 2498 nare
415 2466 585 2508 cupienteS,
603 2478 637 2498 ac
660 2467 798 2510 proinde,
815 2478 910 2509 quum
929 2478 1007 2509 pug-
1051 2470 1176 2508 quidem.

318 2514 462 2540 naturum
491 2510 648 2540 consulem
684 2510 864 2546 credebant,
897 2520 1007 2552 appro-
1103 2511 1122 2541 8
1155 2510 1202 2540 Ne
1239 2510 1342 2539 hostem
1379 2509 1509 2549 quidem]
1548 2509 1738 2541 Particulam

316 2553 428 2583 bantes
444 2552 501 2583 hoc
517 2553 583 2594 ejus
597 2552 768 2583 consilium.
1051 2555 1165 2592 quidem
1193 2551 1345 2592 rejicimus
1378 2562 1409 2581 m
1442 2550 1607 2592 superiora,
1636 2559 1670 2584 ut
1704 2553 1737 2584 in

361 2596 379 2625 7
405 2595 505 2635 Neque
526 2597 600 2625 enim
624 2607 660 2625 ve
682 2596 740 2636 his]
766 2594 898 2626 Videtur
919 2606 1004 2626 revo-
1050 2595 1242 2637 praecedente
1257 2600 1330 2625 nota
1344 2586 1486 2624 diximus.
1532 2594 1645 2626 Cetera
1658 2596 1737 2627 Gro-

318 2638 419 2669 canda
442 2638 502 2668 huc
525 2638 678 2680 particula
701 2640 825 2678 quidem,
843 2648 911 2678 quae
927 2638 1006 2669 infra
1051 2648 1140 2668 novio
1164 2646 1286 2668 auctore
1310 2636 1353 2667 sic
1376 2636 1570 2677 refingimus:
1605 2638 1651 2669 Ne
1676 2640 1737 2669 hos-

318 2681 420 2711 alieno
445 2681 510 2712 loco
533 2681 674 2716 habetur,
699 2692 734 2711 ue
757 2681 860 2711 hostem
882 2683 1007 2720 quidem.
1052 2687 1107 2710 tem
1123 2681 1307 2720 ludificatum
1329 2681 1436 2719 priores
1451 2682 1633 2719 imperatores
1644 2680 1706 2722 fug
1708 2683 1737 2712 i-

320 2724 465 2764 Legimus
488 2734 576 2765 ergo:
613 2735 702 2764 neque
723 2725 798 2754 enim
821 2735 856 2753 ne
878 2725 921 2753 his
942 2726 1005 2763 qui—
1051 2725 1122 2753 endo
1136 2729 1291 2759 certamen,
1306 2724 1437 2753 manibus
1450 2724 1602 2754 emitteret.

318 2768 381 2796 dem
397 2770 606 2797 cunctationem
622 2773 777 2806 aperuerat
799 2777 892 2796 suam.
936 2767 1004 2796 Du·
1093 2766 1112 2796 9
1138 2766 1205 2795 Non
1226 2776 1318 2806 operae
1341 2766 1393 2807 sit]
1420 2765 1495 2797 Yid.
1512 2770 1575 2798 not.
1591 2767 1640 2797 70.
1659 2765 1699 2797 ad
1715 2765 1738 2798 1.

317 2808 434 2848 plicata
449 2810 505 2839 hoc
529 2810 595 2841 loco
611 2810 734 2851 negatio
748 2809 823 2840 nihil
842 2809 1005 2839 molestum
1051 2809 1078 2839 Ι.
1094 2819 1119 2838 6.
1137 2809 1188 2838 24.

321 2851 423 2885 habet,
441 2852 465 2882 si
480 2858 579 2884 struas
597 2853 653 2883 hoc
677 2853 785 2883 modo:
820 2863 908 2892 neque
929 2854 1003 2882 enim
