1816 3159
270 77 427 125 xxviii
457 152 466 157 ,
773 75 1234 127 PRAEFATIO.

336 223 404 265 3⁰.
433 217 567 265 lllud
609 218 1026 274 additamentum,
1053 235 1132 266 eas
1166 234 1348 282 quoque
1384 219 1509 267 enim
1538 221 1727 283 placere

266 295 443 343 liberas
478 312 590 352 esse,
626 295 777 343 totius
815 294 1006 342 decreti
1041 311 1244 342 sensum
1281 296 1532 358 pervertit.
1604 296 1725 344 Non

267 371 397 419 enim
436 372 532 419 illae
569 389 753 436 quoque
789 372 949 427 urbes,
987 372 1076 418 sed
1119 372 1239 420 solae
1280 372 1376 420 illae
1416 390 1477 420 ex
1518 373 1580 421 iis
1614 391 1724 437 quae

267 449 504 513 Philippo
553 455 799 512 parerent,
845 448 1138 496 nominatim
1184 449 1345 498 liberae
1393 467 1504 498 esse
1542 451 1722 512 juben-

266 534 358 574 tur.

330 610 397 650 40.
426 601 661 667 Denique
686 603 735 650 in
763 602 857 650 illis
885 603 1102 659 urbibus,
1128 620 1253 666 quas
1283 603 1420 652 Asiae
1448 604 1616 652 Livius
1652 612 1724 652 at-

263 680 446 736 tribuit,
468 682 579 728 duae
605 681 928 744 reperiuntur,
952 699 1062 745 quae
1088 682 1151 729 ad
1180 682 1433 745 Europam
1458 683 1720 746 pertinent,

262 756 462 804 Thasus
490 767 538 805 et
567 758 853 806 Perinthus.

331 834 481 887 Quod
520 834 562 881 si
600 835 883 898 culpandos
919 852 1028 883 esse
1065 836 1161 884 hoc
1197 837 1312 885 loco
1350 837 1589 896 librarios,
1618 855 1720 886 non

262 909 472 966 Livium,
500 910 681 974 aliquis
716 913 1060 969 contenderet,
1088 930 1182 961 nec
1218 914 1339 961 nihil
1374 916 1598 972 fortasse,
1627 933 1719 964 nec

262 996 430 1036 tamen
448 989 618 1036 omnia
638 989 804 1037 dicere
824 989 1086 1038 videretur.
1124 990 1252 1038 Fieri
1270 991 1445 1054 potuit,
1464 1000 1532 1045 ut,
1551 1009 1720 1056 quem-

263 1067 542 1115 admodum
581 1085 712 1130 saepe
750 1068 888 1126 alias,
914 1067 985 1115 ita
1018 1075 1067 1116 et
1103 1068 1183 1117 hic
1220 1086 1423 1133 quoque
1454 1069 1594 1117 Livio
1630 1087 1717 1117 no-

261 1146 418 1192 cuerit
454 1146 818 1208 exscriptorum
855 1146 1173 1209 negligentia.
1246 1148 1569 1211 Suspicemur
1600 1165 1719 1196 sane

260 1222 519 1270 excidisse
567 1241 624 1271 ea
672 1241 783 1286 quae
833 1225 896 1271 de
937 1225 1137 1272 urbibus
1178 1226 1438 1274 tradendis
1482 1226 1718 1274 Romano

259 1299 542 1362 scripserat,
577 1317 788 1363 quarum
838 1301 1024 1349 mentio
1065 1292 1277 1350 occurrit
1318 1320 1431 1366 cap.
1476 1305 1717 1367 sequenti,

257 1394 546 1441 quanquam
568 1379 702 1426 haud
725 1381 951 1442 profecto
967 1380 1243 1443 quidquam
1269 1381 1387 1428 satis
1413 1383 1606 1429 firmum
1624 1390 1715 1440 est,

257 1473 360 1518 quo
397 1457 482 1504 illa
524 1457 745 1521 suspicio
770 1459 967 1507 nitatur.
1040 1459 1217 1507 Cetera
1245 1476 1460 1523 quonam
1489 1460 1643 1508 modo
1667 1462 1718 1507 in

258 1532 487 1581 librarios
514 1534 649 1596 rejici
677 1535 888 1598 possint,
913 1552 1014 1583 non
1041 1535 1296 1583 videmus:
1335 1553 1589 1601 quumque
1613 1538 1718 1584 nul-

258 1610 360 1658 lum
397 1613 448 1660 in
483 1613 592 1676 ipsa
617 1613 839 1661 oratione
866 1614 1062 1671 vulnus,
1092 1631 1150 1662 ac
1186 1632 1248 1662 ne
1285 1614 1488 1662 cicatrix
1513 1615 1716 1678 quidem

261 1698 515 1752 appareat,
538 1691 628 1738 sed
656 1691 823 1738 omnia
851 1692 1082 1747 rotunda,
1110 1692 1317 1755 integra,
1342 1709 1480 1748 sana,
1507 1692 1547 1739 si
1567 1691 1718 1740 liceat

262 1766 376 1814 huic
415 1767 529 1815 loco
568 1768 904 1831 suspicionem
933 1770 1163 1831 affingere
1197 1769 1547 1832 corruptionis,
1573 1777 1622 1817 et
1656 1787 1715 1818 eo

260 1852 552 1907 argumento
595 1844 788 1892 Livium
833 1846 1116 1901 defendere,
1159 1845 1280 1892 nihil
1321 1846 1428 1907 jam
1474 1854 1713 1909 superest,

259 1924 394 1985 quod
423 1940 521 1970 non
549 1923 727 1969 eodem
754 1922 918 1985 possit
943 1922 1111 1969 colore
1136 1923 1346 1987 purgari.
1418 1923 1500 1971 Ne
1526 1923 1726 1972 dubite-

259 2015 370 2046 mus
395 2000 540 2062 igitur
565 2017 838 2062 agnoscere
863 2000 1003 2048 illum
1040 2001 1119 2048 hic
1156 2001 1342 2065 aliquid
1381 2001 1580 2048 humani
1608 2019 1716 2066 pas-

259 2094 368 2124 sum
392 2095 520 2134 esse,
548 2086 601 2124 ut
627 2087 675 2125 et
699 2078 1001 2142 quibusdam
1027 2078 1135 2126 aliis
1160 2079 1211 2125 in
1235 2077 1375 2134 locis,
1402 2096 1512 2142 quae
1538 2080 1715 2126 sedulo

257 2156 306 2203 in
331 2156 463 2203 notis
489 2155 674 2203 nostris
700 2155 963 2202 observata
989 2155 1306 2218 reperientur.

325 2233 476 2287 Quod
498 2233 537 2279 si
561 2240 702 2280 tanto
725 2232 830 2279 viro
850 2232 1100 2279 accidisse
1123 2233 1417 2290 mirabimur,
1441 2233 1713 2296 cogitemus

41 2310 407 2365 Quinam-etiam
436 2311 549 2358 illos
583 2309 891 2358 celeberrimi
929 2311 1143 2357 nominis
1179 2311 1462 2374 scriptores,
1490 2327 1713 2358 summos

38 2372 198 2446 ῘῘἻῙΧ·
259 2405 397 2445 esse3
437 2389 663 2435 homines
690 2395 883 2437 tamen:
922 2387 1120 2435 Livium
1148 2406 1259 2436 vero
1285 2390 1349 2436 ad
1378 2388 1709 2451 eloquentiam

258 2473 447 2520 natum,
489 2473 538 2511 et
581 2467 643 2511 ad
687 2465 897 2527 grandia
942 2465 1127 2528 impetu
1170 2466 1391 2529 quodam
1435 2466 1709 2527 abreptum,

258 2542 394 2590 haud
422 2540 569 2588 facile
594 2542 818 2604 potuisse
842 2542 890 2589 in
916 2542 975 2589 iis
1000 2541 1267 2600 immorari,
1287 2559 1394 2605 quae
1420 2542 1710 2590 horridioris

259 2631 306 2667 et
326 2619 583 2683 jejunioris
609 2618 959 2680 disputationis
986 2626 1169 2673 essent,
1193 2626 1243 2665 et
1265 2618 1315 2665 in
1341 2626 1542 2665 auctore
1565 2619 1712 2669 inter-

257 2697 505 2760 pretando
525 2711 698 2743 omnes
719 2693 1024 2755 syllabarum
1043 2694 1210 2756 apices
1230 2694 1455 2757 religiose
1472 2695 1708 2745 dimetiri:

259 2773 476 2837 denique
513 2774 560 2820 id
602 2772 669 2820 illi
708 2771 993 2835 contigisse,
1021 2772 1152 2835 quod
1191 2773 1435 2823 omnibus
1506 2774 1711 2835 Semper
