1805 3174
495 65 877 106 HISTORIARUM
910 64 1121 103 LIBROS.

148 167 175 206 ’9.
199 177 352 206 nunciant
370 178 511 210 Romam.
525 179 606 207 Asia*
625 178 766 208 civitates
783 188 800 208 a

146 220 295 258 Philippo
306 221 479 256 sollicitari,
491 225 526 249 31
538 226 579 256 ,2.
594 222 702 251 navale
715 223 799 250 Rlio-

144 263 270 292 diorum
283 270 438 293 certarnen
451 273 520 292 vum
532 264 689 302 Philippo,
703 269 749 294 14.
762 266 800 294 ab

146 306 396 335 Atheniensibus
408 316 523 336 corona
532 316 623 336 aurea
633 312 664 336 ct.
672 309 798 338 civitate

146 349 318 386 donantur,
345 353 392 378 15.
430 359 535 379 eorum
561 351 672 389 viginti
705 361 798 381 naves

147 393 298 421 Romanae
315 393 401 421 classi
417 403 448 422 se
460 393 613 432 jungunt,
632 397 681 423 46.
696 395 755 423 vid.
769 399 799 423 et

146 439 203 469 32,
226 437 272 463 16.
291 445 395 465 eorum
414 436 506 475 legati
532 438 568 465 ad
585 438 726 473 Achaeos,
750 442 798 468 19.

147 486 217 506 cum
230 479 265 506 iis
278 479 603 518 societatenijungunt
616 482 733 513 Achati,
746 485 797 509 23.

104 520 219 549 Rhodii
238 526 419 559 recuperant
435 523 581 559 Perseum,
597 527 650 555 33.
667 528 712 552 18.
726 524 798 553 mit-

146 567 221 592 tunt
237 565 354 603 legatos
365 566 401 594 ml
416 566 620 601 Antiochum,
639 571 690 596 20.
706 571 800 596 tuen-

146 610 199 635 tur
222 608 322 636 socios
348 609 518 646 Ptolemaei,
538 610 611 639 ibid.
638 610 798 648 accipiunt

146 651 371 680 Stratoniceam
396 652 506 689 Cariae,
532 653 669 691 aliasque
692 654 796 691 urbes,

150 697 205 722 30.

190 735 222 764 in
240 736 321 766 bello
337 738 482 767 adversus
505 738 709 771 Antiochum.
725 740 797 769 init-

146 781 222 807 tunt
237 781 365 810 classem
383 781 496 810 auxilio
510 782 672 818 Romanis,
682 783 736 819 36,
746 787 797 812 45.

146 826 202 858 37,
217 826 244 852 9.
264 824 369 852 classis
385 834 491 854 eorum
508 825 696 863 opprimitur
711 827 797 856 ’.1.Ρο-

147 865 300 902 lyxenida,
322 871 369 895 10.
384 871 411 896 et
430 872 479 897 11.
502 877 608 897 eorum
629 869 746 905 luctus,
764 878 798 899 ac

147 909 257 937 deinde
273 909 330 945 ira,
353 914 401 940 12.
416 910 548 940 vincunt
564 912 691 940 classem
706 913 798 941 Anti-

145 951 229 985 ochi,
245 955 296 982 23.
305 958 335 982 et
345 953 396 983 24.
405 954 468 983 vicl.
477 959 506 982 et
517 959 569 983 30.
582 955 682 984 oratio
693 964 797 985 eorum

146 994 180 1022 in
197 999 306 1024 senatu
323 999 432 1025 contra
447 997 631 1034 Eumenem,
649 1002 699 1026 54.

190 1037 285 1075 Lycia
300 1042 330 1067 et
347 1040 436 1068 Caria
451 1041 488 1068 iis
501 1041 628 1077 dantur,
642 1046 694 1075 38,
710 1045 762 1071 39.

191 1086 368 1118 queruntur
395 1082 431 1112 de
455 1083 540 1112 clade
565 1084 798 1123 Sinopensium,

148 1126 207 1160 40,
226 1129 256 1153 2.

192 1167 273 1196 bello
290 1171 403 1197 vexant
420 1168 543 1207 Lycios,
561 1173 616 1205 41,
632 1174 686 1200 30.

191 1212 325 1248 superba
339 1221 445 1240 eorum
462 1212 576 1250 legatio
592 1213 629 1241 de
639 1214 794 1242 reconcili-

148 1253 232 1282 anda
248 1263 317 1283 cum
334 1254 446 1284 Perseo
460 1264 548 1293 pace,
568 1259 622 1288 44,
642 1260 690 1285 14.
707 1258 800 1285 casti-

148 1299 222 1334 gata
236 1306 342 1326 corum
359 1298 487 1334 ferocia,
519 1301 567 1327 15.
592 1299 719 1329 Perseus
747 1309 799 1328 eos

149 1339 262 1368 incitat
279 1341 317 1369 ad
333 1340 460 1378 bellum,
477 1345 530 1370 23.
542 1350 648 1371 eorum
662 1344 756 1380 legati
769 1343 798 1372 in

147 1386 250 1411 castra
266 1384 304 1412 ad
321 1385 486 1413 AEmilium
509 1384 666 1421 Paullum,
689 1395 802 1415 consu-

150 1426 224 1460 lem,
237 1427 383 1463 veniunt,
400 1432 452 1457 35.

192 1469 333 1498 invitant.
363 1471 401 1499 ad
429 1479 461 1499 se
485 1471 602 1507 legatos
627 1472 801 1509 Romanos,

151 1511 262 1540 missos
278 1513 316 1541 ad
330 1513 536 1548 Antiochum,
554 1518 609 1551 45,
628 1518 676 1542 10.
701 1516 732 1543 in
749 1525 802 1544 eos

151 1555 300 1592 asperitas
317 1556 354 1585 C.
370 1557 507 1595 Popillii,
533 1558 626 1595 legati
656 1558 803 1594 Romani,

152 1598 227 1626 ibid.
241 1599 294 1635 qui
311 1599 420 1628 Perseo
442 1599 596 1637 faverant,
613 1601 802 1631 damnantur

151 1640 276 1679 capitis,
293 1641 366 1671 ibid.
382 1652 488 1672 eorum
513 1644 606 1682 legati
627 1645 705 1673 male
721 1646 803 1674 exci-

151 1683 284 1722 piuntur
300 1684 421 1722 Romae,
438 1690 490 1714 20.
515 1691 624 1715 contra
638 1696 689 1716 eos
706 1689 800 1717 'shal-

153 1736 215 1763 nae,
230 1728 385 1765 praetoris,
410 1729 546 1767 rogatio,
571 1734 624 1759 21.
646 1740 752 1760 eorum
770 1733 801 1760 in

151 1775 264 1799 senatu
279 1771 392 1807 oratio,
409 1776 460 1800 22.
476 1776 605 1801 eatena<
622 1774 729 1803 sociali
746 1776 803 1803 foe-

151 1813 222 1842 dere
238 1823 308 1842 cum
324 1815 473 1843 Romanis
495 1825 557 1844 non
584 1816 710 1855 illigati,
726 1821 804 1848 tunc

153 1856 333 1885 societatem
348 1859 512 1895 petendam
529 1863 655 1896 putant,
668 1863 718 1888 25.

111 1895 308 1937 meduana,
327 1909 475 1930 cacumen
492 1902 607 1931 montis
634 1904 730 1940 OEtae,
747 1906 804 1940 36,

162 1944 212 1971 16.

109 1985 294 2022 Rhoeteum,
305 1987 465 2025 oppidum,
479 1992 534 2025 37,
545 1993 575 2020 9.
585 1992 613 2018 et
628 1994 680 2021 37.
690 1993 744 2027 38,
753 1994 804 2021 39.

109 2027 313 2066 Rhomphoeae
331 2030 501 2068 Thracum,
519 2036 575 2068 31,
591 2037 641 2063 39.

112 2071 249 2110 Rogatio
275 2072 312 2101 de
337 2073 472 2102 tribunis
497 2075 608 2112 plebis,
625 2084 687 2105 non
705 2076 806 2112 aliter,

154 2123 246 2152 quam
263 2124 317 2153 per
333 2116 477 2155 suffragia
489 2118 639 2154 tribuum,
651 2120 804 2156 creandis,

157 2162 190 2191 3,
209 2159 260 2186 65.

133 2215 178 2222 ·-
192 2201 229 2228 de
246 2201 404 2230 connubio
419 2203 545 2232 Patrum
563 2207 593 2233 et
605 2204 718 2243 plebis,
730 2209 763 2238 4,
780 2209 805 2233 1.

133 2259 177 2266 —
190 2244 227 2272 de
242 2244 390 2273 faciendis
409 2247 602 2284 consulibus,
618 2257 672 2277 seu
688 2249 725 2277 (le
742 2248 806 2286 ple-

154 2286 207 2323 be,
225 2295 278 2316 seu
288 2289 325 2316 de
338 2289 493 2325 Patribus,
510 2289 584 2319 ibid.

136 2346 180 2353 --
194 2329 231 2359 de
241 2331 437 2368 publicandis
447 2331 537 2361 bonis
550 2333 671 2362 Servilii
686 2334 805 2371 Ahalae,

159 2376 192 2405 4,
211 2375 261 2401 21.

138 2430 181 2437 -—
197 2420 232 2444 ut
248 2425 320 2455 ager
344 2426 380 2446 ex
397 2417 540 2447 hostibus
566 2423 674 2459 captus
690 2419 806 2449 viritim

158 2458 329 2496 dividatur,
345 2464 379 2496 4,
399 2463 453 2490 48.

137 2504 231 2530 —ut
252 2511 308 2540 pro
335 2503 508 2533 duumviris
531 2505 624 2534 sacris
656 2506 808 2535 faciundis

157 2549 301 2574 creentur
312 2546 491 2583 decemviri,
507 2550 539 2583 6,
557 2553 609 2579 37.

134 2601 178 2608 -—
190 2587 228 2615 dc
242 2588 382 2618 unciario
392 2589 524 2623 foenore,
539 2595 572 2626 7,
589 2594 635 2620 16,

137 2643 182 2651 —
196 2630 235 2657 de
249 2629 448 2668 Tusculanis,
473 2637 502 2666 8,
519 2638 570 2664 37.

136 2688 179 2694 -
192 2676 228 2700 ut
243 2673 362 2703 tribuni
375 2676 510 2704 militum
523 2677 590 2705 seni
602 2677 672 2706 deni
688 2678 718 2706 in
734 2687 809 2715 qua-

157 2718 231 2743 tuor
243 2717 378 2754 legiones
389 2728 406 2746 a
415 2719 531 2757 populo
546 2725 699 2755 creentur,
709 2726 741 2757 9,
755 2726 809 2750 30.

136 2757 231 2828 -ssbde
258 2759 429 2790 duumviris
467 2763 628 2794 navalibus
656 2764 809 2801 creandis,

160 2809 170 2828 Ἰ
195 2810 235 2829 u.
272 2813 274 2815 >

1459 71 1532 102 403

844 175 977 214 Rogatio
1008 175 1044 204 ile
1075 175 1274 212 pontificibus
1305 176 1534 214 auguribusque

887 218 1013 257 plebeiis
1030 219 1217 253 adlegendis,
1239 223 1326 252 10,ίὶ.

865 279 907 285 —
923 263 959 290 de
977 262 1056 290 bello
1073 262 1286 292 Macedonico,
1304 266 1359 297 31,
1375 266 1404 291 G.

864 319 907 326 —-
919 306 955 334 (le
973 314 1045 343 pace
1061 314 1131 333 eum
1151 305 1375 334 Macedonibus
1393 307 1424 334 in
1441 306 1534 344 Capi-

886 349 962 377 tolio
977 349 1014 378 ad
1031 349 1151 387 plebem
1169 349 1241 380 lata,
1259 353 1313 384 33,
1331 353 1383 377 25.

864 407 906 412 —
922 392 957 421 dc
972 391 1052 421 bello
1068 393 1212 421 adversus
1226 391 1432 426 Antiochum,
1447 395 1534 423 36,1.

863 450 907 456 --
923 439 999 472 quot
1015 444 1113 464 annos
1134 436 1196 464 nati
1208 443 1360 473 quemque
1373 435 1536 474 magistra-

886 481 954 506 tum
973 481 1093 516 petant,
1111 482 1163 511 40,
1181 483 1233 508 44.

863 521 958 549 —de
972 522 1196 551 Statiellatibus
1211 521 1389 559 Liguribus,
1408 525 1462 557 4—2,
1481 525 1531 549 21.

864 578 908 585 —-
922 565 959 592 (le
978 564 1055 593 bello
1073 565 1102 593 in
1119 566 1237 601 Persea,
1253 568 1306 600 4⁶2,
1324 569 1376 594 30.

864 622 907 628 -
924 607 959 635 de
977 608 1056 637 bello
1076 608 1206 637 Rhodiis
1222 609 1399 645 indicendo,
1413 611 1467 642 45,
1482 611 1532 634 21.

842 649 1026 684 Rogationis
1056 660 1178 680 carmen
1195 653 1231 680 de
1247 651 1380 680 tribunis
1406 650 1502 689 plebis
1515 659 1532 677 a

888 693 994 722 Duilio
1013 695 1189 730 recitatum,
1204 698 1236 731 3,
1253 697 1306 723 64.

843 735 1033 775 Rogationes
1045 738 1154 766 Licinii
1166 739 1324 776 Smetiique
1336 738 1532 767 tribunorum

887 780 1007 808 recitari
1025 785 1131 809 vetant
1147 782 1282 818 collegae,
1299 784 1332 818 6,
1346 786 1398 811 35.

842 821 962 860 Rogns,
980 827 1034 858 25,
1055 828 1101 855 17.
1120 829 1173 860 28,
1188 829 1239 854 23.

843 865 943 895 Roma
955 867 1079 895 condita
1096 876 1113 896 a
1129 869 1276 904 Romulo,
1297 871 1325 904 1,
1342 870 1373 897 6.

863 924 907 932 —
922 913 1016 948 caput
1031 911 1114 939 orbis
1130 915 1278 940 terrarum
1296 921 1361 940 esse
1373 911 1503 948 jubetur
1518 919 1535 938 a

887 953 967 985 Diis,
990 957 1018 989 1,
1035 955 1154 982 16611.
1170 958 1198 983 ce
1217 959 1270 990 21,
1289 959 1342 984 30.

864 1011 907 1017 —
921 997 1031 1025 crescit
1046 1006 1082 1025 ex
1100 998 1196 1026 ruinis
1210 999 1309 1032 Albae,
1332 1002 1360 1033 l,
1376 1001 1426 1025 30.

865 1053 908 1061 ——
923 1040 1057 1073 cingitur
1072 1049 1161 1069 muro
1177 1039 1311 1079 lapideo,
1332 1045 1360 1076 1,
1377 1045 1429 1069 38.

865 1097 908 1103 -
923 1083 1139 1119 quadrifariam
1158 1084 1256 1112 divisa
1272 1084 1450 1122 regionibus
1473 1081 1536 1111 col-

888 1125 1043 1163 libusque,
1063 1130 1090 1159 1,
1107 1131 1158 1155 43.

865 1182 909 1189 —
920 1168 1136 1206 amplificatur,
1153 1172 1186 1198 et
1200 1178 1310 1209 aggere
1319 1169 1471 1207 fossisque
1481 1169 1538 1197 cir-

886 1212 1064 1247 cumdatur,
1083 1216 1110 1246 1,
1127 1216 1179 1241 44.

864 1269 908 1276 --
920 1255 1080 1284 obsidetur
1096 1264 1113 1283 a
1128 1257 1274 1291 Porsena,
1293 1259 1325 1292 2,
1347 1260 1397 1285 11.

865 1312 909 1320 -
923 1298 1068 1336 diripitur
1083 1307 1101 1327 a
1112 1299 1220 1332 Gallis,
1243 1303 1274 1334 5,
1285 1303 1337 1327 41.
1352 1303 1383 1327 et
1399 1298 1537 1327 incendi⁴

886 1344 950 1374 tur,
963 1345 1015 1370 42.
1033 1342 1239 1378 instauratur,
1256 1346 1306 1370 55.
1323 1347 1351 1370 ee
1367 1345 1399 1374 6,
1419 1346 1449 1369 4.
1470 1342 1537 1378 ejus

888 1384 967 1413 situs
984 1385 1162 1422 descriptio.
1180 1390 1211 1413 et
1227 1386 1307 1420 laus,
1326 1389 1356 1417 5,
1375 1389 1426 1413 54.
1442 1385 1537 1422 pesti-

888 1427 955 1455 lens
972 1431 1065 1465 atque
1081 1428 1199 1457 aridum
1216 1428 1296 1457 circa
1307 1429 1410 1456 urbem
1422 1426 1538 1462 solum,

889 1469 920 1503 7,
938 1474 990 1499 88.

846 1513 952 1542 Romae
970 1514 1053 1543 urbis
1072 1514 1221 1553 templum
1239 1515 1320 1553 apud
1336 1513 1537 1543 Alabanden-

890 1566 950 1592 ses,
969 1561 1023 1589 43,
1043 1562 1072 1587 8.

845 1599 994 1628 Romanae
1010 1600 1185 1639 reipublic-m
1197 1601 1278 1636 laus,
1297 1601 1395 1638 Proef.
1411 1600 1464 1629 lib.
1486 1604 1511 1629 1.

867 1658 910 1665 -
923 1644 1056 1673 altitudo
1074 1644 1180 1677 animi,
1199 1649 1230 1675 4.
1247 1647 1275 1672 6.

867 1704 910 1710 -—
925 1687 1186 1722 amorlibertatis,
1203 1691 1234 1722 2,
1252 1690 1299 1715 15.
1316 1688 1410 1718 6,19.

869 1739 1011 1758 ——amor
1037 1731 1069 1758 in
1099 1731 1324 1768 patriau1,23,
1340 1733 1393 1759 49.
1416 1733 1470 1765 211,
1492 1733 1538 1757 18.

891 1776 944 1809 26,
961 1773 1014 1802 36.

867 1833 910 1839 —
926 1816 1103 1844 constantia
1117 1816 1148 1844 in
1159 1815 1307 1851 adversis,
1324 1820 1356 1852 9,
1372 1819 1402 1845 3.
1420 1819 1472 1850 22,
1489 1819 1539 1843 58.

894 1863 924 1887 et
941 1862 991 1888 61.
1011 1864 1064 1894 42,
1081 1862 1132 1887 612.

869 1918 912 1924 —-
929 1906 1034 1937 gratus
1061 1903 1092 1931 in
1119 1902 1198 1931 bene
1213 1903 1340 1931 meritos
1364 1902 1400 1930 de
1423 1910 1479 1930 sua
1496 1911 1540 1929 re-

891 1945 1016 1984 publica
1042 1947 1178 1982 nuimus,
1205 1951 1236 1978 2,
1258 1951 1306 1975 10.
1331 1948 1359 1974 et
1379 1949 1424 1973 13.
1444 1950 1474 1979 5,
1489 1949 1541 1975 47,

892 1993 948 2025 30,
970 1993 1020 2018 15.
1036 1993 1089 2023 37,
1107 1993 1157 2017 25.
1176 1993 1229 2021 411,
1252 1991 1299 2019 16.

869 2047 912 2055 ·—
927 2033 1075 2068 gravitas,
1100 2036 1155 2067 42,
1171 2036 1224 2063 47.

869 2075 1063 2112 —justitia‚
1083 2078 1114 2110 5,
1132 2079 1185 2105 27.

869 2137 912 2143 —
927 2119 1079 2147 modestia
1095 2118 1126 2146 in
1140 2118 1293 2157 prosperis
1306 2118 1410 2154 rebus,
1424 2122 1540 2154 30,112.

891 2165 945 2195 37,
961 2166 1013 2190 45.

874 2221 916 2226 —
932 2204 1089 2243 religionis
1105 2213 1191 2242 cura,
1211 2208 1239 2241 1,
1254 2208 1304 2233 21.
1316 2208 1373 2240 30,
1385 2208 1433 2232 21.
1446 2208 1540 2240 31,9.

893 2247 956 2276 vid.
969 2247 1102 2287 Religio.

870 2308 913 2315 —-
928 2290 1027 2319 virtus
1053 2290 1210 2327 militaris,
1227 2294 1259 2326 9,
1278 2294 1324 2320 17.
1353 2293 1381 2318 et
1407 2293 1456 2319 19.
1480 2289 1544 2319 vid.

893 2334 998 2370 Acies,
1037 2334 1160 2370 Castra,
1195 2333 1321 2367 Classis,
1353 2333 1542 2370 Disciplina,

893 2376 1037 2414 Equites,
1056 2377 1158 2405 Miles.

851 2421 932 2458 apud
942 2421 1099 2449 Romanos
1116 2421 1148 2448 in
1162 2420 1279 2448 honore
1293 2418 1399 2447 habita
1413 2427 1542 2457 pauper-

872 2477 875 2481 ,
893 2466 955 2499 tas,
970 2463 1030 2491 vid.
1049 2463 1238 2501 Paupertati.

850 2509 882 2534 et
898 2507 996 2535 facere
1011 2509 1042 2534 et
1057 2508 1120 2545 pati
1137 2506 1231 2535 fortia
1242 2505 1418 2534 Romanum
1435 2506 1492 2536 est,
1511 2507 1542 2535 2,

899 2551 946 2577 12.

851 2592 994 2622 Romana
1011 2600 1057 2620 res
1073 2592 1203 2621 ducibus
1219 2591 1348 2620 validior
1364 2589 1436 2621 fuit,
1450 2597 1542 2626 quam

895 2636 1094 2672 exercitibus,
1114 2640 1146 2670 2,
1163 2638 1215 2664 39.

851 2678 1064 2708 Romanorum
1081 2683 1162 2708 artes
1189 2676 1403 2709 fraudulentae,
1421 2679 1474 2710 34,
1492 2677 1545 2703 62.

895 2726 948 2758 40,
965 2727 994 2750 2.
1012 2726 1042 2750 et
1059 2725 1108 2749 20.
1128 2725 1181 2753 42,
1198 2723 1250 2749 47.
1266 2724 1294 2746 et
1314 2722 1361 2747 52.

873 2779 915 2786 —·—
929 2765 1069 2795 avaritia.
1087 2768 1142 2798 43,
1159 2766 1187 2789 2.

873 2823 915 2830 -
931 2807 1109 2839 crudelitas,
1127 2809 1179 2837 39,
1197 2807 1245 2830 :31-

926 2866 949 2888 L³
969 2852 990 2885 (l
1010 2854 1032 2884 Ω
