1805 3174
544 69 929 108 HISTORIARUM
961 68 1167 105 LIBROS.

181 179 431 217 jurisdictionem
446 181 526 210 inter
542 182 636 218 cives,
653 187 684 217 8,
705 186 751 211 18.
777 183 832 211 ni-

187 223 289 253 bunus
307 225 452 258 militnm,
466 229 520 262 40,
534 228 586 254 35.

145 266 267 302 Maesia,
283 268 370 304 silva,
392 272 420 304 1,
435 272 486 296 33.

144 309 292 344 Magaba,
316 320 419 347 mons,
448 315 504 346 38,
539 316 585 342 19.
617 314 730 350 petunt
760 321 830 341 eum

186 353 354 390 Tectosagi
371 354 465 390 Galli,
482 354 555 383 ibid.

145 396 302 434 Magalus,
317 398 440 436 regulus
456 397 621 434 Boiorum,
634 401 687 431 21,
706 401 757 428 29,

146 439 295 474 Magister
311 441 451 479 equitnm
469 441 599 479 primus,
624 441 675 480 Sp.
694 441 833 477 Cassius,

189 487 220 516 2,
243 487 290 512 18.

164 535 207 549 —¹-
223 525 339 564 primus
355 526 392 555 de
408 526 508 563 plebe,
527 528 561 557 C.
579 527 731 562 Licinius,
744 529 830 559 6339.

145 568 298 607 Magistro
313 570 454 608 equitum
471 580 540 600 cum
564 572 713 600 dictatore
729 579 831 607 asqna-

186 612 445 651 tumiinperiuu1‚
470 618 523 650 22,
550 618 599 643 25.
631 618 661 643 ct
690 617 742 643 26.
765 614 832 641 sine

185 655 336 694 magistro
361 657 503 695 equitum
527 658 671 692 dictator,
699 661 752 694 23,
780 660 832 685 22.

187 702 218 726 et
234 703 284 727 -23-

143 741 484 780 Magisterjuventutis
496 743 623 772 Falisca:
639 743 742 781 prodit
758 753 831 781 pue-

186 794 250 821 ros,
268 789 300 821 5,
326 789 377 816 27.
402 787 531 815 caeditur
558 787 650 822 virgis
677 796 695 816 a
718 787 833 826 pueris,

188 829 264 857 ibid.
281 828 344 859 vid.
360 833 389 858 ct
405 833 458 866 42,
473 834 525 860 47.

144 872 351 907 Magistratus
378 873 508 908 curulis,
532 876 565 909 4,
589 878 620 903 7.
643 882 737 910 quum
766 873 832 901 sine

186 914 372 954 magistratu
402 916 501 945 curuli
532 916 706 954 respublica
734 921 830 952 esset,

186 961 308 987 creatur
320 959 467 994 interrex,
480 960 555 988 ibid.
571 959 633 988 vid.
650 963 678 987 et
696 960 832 988 Curnlis.

165 1002 363 1040 ——plebeius
393 1002 497 1031 nullus
521 1002 681 1041 auspicato
698 1006 832 1039 creatur,

187 1048 220 1080 6,
233 1048 286 1075 41.

163 1105 207 1112 —
221 1096 351 1127 magnos
382 1088 469 1118 decet
491 1098 557 1117 esse
577 1089 680 1118 minus
709 1089 830 1117 diutur-

189 1139 258 1168 nos,
274 1136 306 1164 4,
322 1135 374 1160 24.

144 1174 349 1212 Magistratus
373 1183 436 1203 non
456 1175 605 1203 creandus
628 1174 695 1203 sine
721 1183 831 1213 provo-

186 1218 322 1253 catione,
347 1222 381 1254 3,
407 1221 458 1248 55.
482 1219 534 1256 qui
563 1218 629 1247 sine
645 1218 832 1253 Magistrum

186 1270 249 1290 rem
265 1261 375 1299 gessit,
406 1261 597 1300 triumphare
625 1270 687 1290 non
716 1264 832 1299 potest,

187 1308 304 1341 28,38.
323 1304 358 1334 L.
380 1306 485 1334 tamen
509 1304 674 1337 Lentulus,
697 1305 749 1343 qui
766 1305 833 1333 sine

187 1347 377 1386 Magistratu
406 1357 470 1377 rem
496 1354 633 1387 gesserat
656 1349 688 1376 in
718 1348 833 1385 Hispa-

189 1390 253 1427 nia,
269 1400 365 1420 ovans
381 1391 487 1420 urbem
506 1392 693 1430 ingreditur,
710 1395 763 1423 31,
781 1395 833 1420 20.

146 1434 368 1470 Magistratnm
398 1434 530 1473 gesturi,
565 1435 649 1463 intra
686 1434 832 1471 quintum

188 1477 269 1506 diem
285 1478 318 1506 in
334 1478 416 1515 leges
427 1478 532 1515 jurare
545 1477 712 1513 debebant,
724 1481 834 1510 31,5o.

146 1520 351 1559 Magistratus
381 1520 460 1550 duos
499 1521 619 1550 curules
655 1529 737 1549 unus
777 1529 832 1549 nec

189 1572 297 1602 capere
311 1567 426 1602 potest,
441 1573 498 1592 nec
513 1573 627 1602 gerere,
644 1567 697 1597 39,
715 1567 768 1593 39.

146 1607 367 1645 Magistratum
376 1608 516 1636 eumdem
528 1608 611 1636 iutra
620 1607 722 1635 decem
734 1615 832 1635 annos

188 1659 253 1679 non
276 1650 473 1689 capiendum,
498 1650 667 1689 plebiscitis
693 1654 832 1683 cautum,

188 1698 222 1729 7,
245 1696 299 1723 42.
329 1694 392 1723 duo
422 1694 626 1731 Magistratus
654 1701 719 1722 uuo
749 1702 832 1722 anno

188 1745 252 1765 non
268 1737 406 1774 gerendi,
422 1737 495 1766 ibid.

149 1780 355 1818 Magistratus
399 1783 432 1809 et
469 1783 626 1809 senatores
669 1779 833 1817 pecuniam

189 1827 302 1860 sponte
327 1824 494 1853 conferunt
519 1824 557 1852 ad
582 1822 833 1861 supplementum

189 1866 308 1901 classis.
325 1870 378 1904 26,
398 1870 449 1896 86.

148 1909 353 1948 Magistratus
378 1910 514 1940 minores
543 1909 651 1939 Romae
674 1908 835 1939 circumire

193 1953 417 1991 vigiliasjussi,
434 1957 487 1986 82,
506 1956 557 1982 26.
570 1956 625 1990 39,
645 1954 693 1980 16·

149 1995 352 2030 Magistratus
372 1997 478 2026 cuncti
509 1997 589 2025 circa
612 1995 718 2025 omnia
735 1994 836 2032 pulvi-

195 2040 282 2068 naria
296 2040 432 2069 victimis
454 2039 623 2077 majoribus
647 2038 834 2073 sacrificant,

194 2083 406 2122 prodigiorum
426 2083 691 2122 procurandorum
715 2090 834 2117 caussa,

193 2131 248 2159 43.
269 2130 316 2155 15.

152 2168 397 2207 Magistratuum
414 2168 625 2198 Romanorum
650 2167 749 2206 prisca
771 2177 836 2197 mo-

195 2213 307 2249 destia,
330 2217 384 2249 42,
412 2216 437 2239 1.
470 2212 600 2241 avaritia
620 2215 654 2240 et
680 2211 835 2250 superbia,

195 2260 250 2292 43,
267 2260 297 2286 2.
313 2255 490 2292 crudelitas,
502 2260 532 2284 4.
546 2259 576 2283 et
592 2256 623 2284 6.

152 2303 397 2340 Magistratuum
413 2299 482 2328 libri
497 2298 597 2332 citati,
614 2302 647 2334 4,
661 2302 711 2327 2ο.
727 2301 836 2330 39,52.

153 2344 393 2383 Magistratibus
417 2342 561 2371 ineundis
585 2341 742 2370 sollemnis
758 2341 835 2378 dies,

193 2388 255 2417 vid.
274 2387 360 2417 Anni
372 2385 543 2416 consularis
555 2384 754 2423 principium.

153 2432 211 2461 Cn.
228 2431 350 2467 Magius
365 2429 559 2464 Amenanus,
574 2431 628 2464 24,
652 2431 698 2458 19.

154 2475 214 2504 Cn.
232 2474 356 2512 Magius
373 2473 454 2510 Cilo,
471 2472 532 2501 vid.
543 2471 626 2510 Epit.
642 2474 711 2500 115.

155 2517 340 2556 Dec.Magii
354 2515 506 2554 Campani
529 2517 676 2544 constans
692 2522 764 2553 erga
779 2513 841 2541 Ro-

197 2569 307 2590 manos
323 2560 409 2597 fideS,
427 2563 481 2596 23,
503 2563 533 2589 7.
548 2558 673 2587 vinctus
689 2557 722 2586 in
740 2557 841 2586 Anni-

197 2603 276 2632 balis
302 2606 403 2632 eastra
427 2602 564 2639 ducitur,
596 2605 644 2629 10.
675 2600 746 2629 navi
770 2599 843 2628 Car-

198 2646 359 2684 thaginem
385 2646 511 2682 missus,
538 2647 723 2683 tempestate
747 2644 843 2672 fertur

200 2691 350 2727 Cyrenas,
366 2688 438 2717 ibid.
461 2687 643 2727 confugiens
655 2688 692 2717 ad
708 2691 842 2716 statuam

203 2732 285 2771 regis
300 2732 459 2761 Ptolemaei
490 2731 650 2764 liberatur,
675 2731 747 2760 ibid.
778 2739 843 2758 ma-

201 2784 274 2804 nere
289 2775 408 2804 mavult
423 2775 455 2803 in
471 2776 620 2815 AEgypto,
637 2783 730 2813 quam
748 2774 844 2803 redire

204 2818 237 2849 in
253 2818 388 2853 Italiam,
408 2817 482 2848 ibid.

1494 75 1567 113 1352)

877 179 1049 217 Magnesia,
1068 179 1140 207 urbs
1155 188 1245 217 super
1263 179 1565 216 Ma·aii‹li·u1n‚dcdit

919 233 951 251 se
968 223 1132 258 Romanis,
1148 227 1202 255 37.
1216 226 1269 251 45.

876 266 1051 304 Magnesia,
1081 265 1152 294 urbs
1183 265 1220 293 nd
1252 265 1405 303 Sipylum,
1431 269 1486 301 36,
1512 271 1563 296 43.

917 314 971 342 87,
991 313 1041 339 10.
1062 313 1108 337 11.
1126 312 1154 337 et
1169 312 1221 338 37.
1239 317 1271 337 se
1293 308 1376 336 dedit
1400 309 1564 345 Romanis,

917 357 972 388 37,
998 357 1048 381 44.
1073 352 1206 382 Eumeni
1235 361 1254 380 a
1279 351 1428 381 Romanis
1452 353 1546 380 tribui

917 399 982 430 tur,
1000 399 1051 424 56.

876 439 1049 476 Magnesia,
1063 438 1191 467 Graecia:
1204 438 1301 476 regio,
1311 441 1366 473 42,
1378 441 1430 467 54.
1443 442 1496 473 44,
1515 442 1562 467 11.

875 482 1125 520 Magnetarches,
1142 490 1281 510 summus
1303 481 1487 520 Magnetum
1500 490 1561 510 ma-

917 526 1079 561 gistratus,
1096 528 1150 560 35,
1166 528 1218 553 31.

877 569 1043 606 Magnetes
1062 568 1310 606 pronunciantur
1322 567 1423 604 liberi,
1441 572 1497 603 33,
1509 573 1562 596 32.

917 617 947 640 ct
962 616 1013 641 34.
1038 621 1143 640 eorum
1161 611 1327 640 concilium
1354 611 1563 647 Demetriade,

918 660 972 691 35,
990 659 1045 684 81.
1060 655 1097 683 ad
1115 654 1279 692 Magnetes
1299 656 1470 694 legatorum
1498 655 1562 683 Ro-

918 707 1080 727 manorum
1105 698 1216 729 oratio,
1256 698 1328 726 ibid.
1358 706 1411 727 eos
1446 698 1561 726 frustra

917 745 1021 770 tentat
1035 741 1073 770 T.
1091 741 1241 774 Quintus,
1256 745 1309 771 39.

879 785 987 820 Magni
1002 785 1123 822 Campi,
1139 784 1237 819 locus,
1253 788 1306 818 30,
1325 788 1354 813 8.

879 828 989 866 Mago,
1005 828 1098 856 frater
1114 827 1293 863 Annibalis,
1312 830 1364 861 21,
1381 830 1433 857 47.
1450 827 1562 865 proelio

917 872 956 900 ad
983 871 1128 900 Trebiam
1164 870 1196 899 in
1227 870 1349 898 insidiis
1379 870 1562 906 collocatur,

918 919 969 943 54.
1015 915 1048 943 in
1086 913 1243 943 (saunensi
1281 921 1388 952 pugna
1431 913 1562 942 mediam

917 958 1014 986 aciem
1031 966 1100 986 cum
1128 957 1284 986 Annibale
1311 960 1412 992 tenet,
1440 960 1493 992 22,
1510 958 1562 984 46.

918 1010 964 1029 res
981 1010 998 1029 a
1013 1002 1107 1029 fratre
1133 1000 1288 1029 Annibale
1313 1004 1414 1035 gestas
1431 999 1563 1028 Cartba-

917 1044 1112 1083 giniensibus
1128 1043 1268 1081 exponit,
1296 1046 1348 1074 23.
1382 1046 1429 1070 11.
1453 1046 1485 1070 ct
1515 1045 1564 1072 12.

918 1085 1053 1116 annulos
1078 1095 1200 1121 aureos,
1225 1096 1241 1114 e
1265 1085 1371 1124 digitis
1390 1085 1563 1114 occisorum

916 1130 1129 1159 Romanorum
1153 1129 1321 1162 detractos,
1338 1129 1370 1157 in
1387 1128 1480 1157 curiae
1497 1138 1563 1156 ves-

917 1173 1017 1202 tibulo
1042 1172 1158 1201 effundi
1183 1172 1286 1209 jubet,
1314 1171 1387 1200 ibfd.
1419 1180 1490 1200 cum
1527 1181 1564 1200 co

919 1216 1090 1245 Hannonis
1129 1214 1328 1253 disceptatio,
1355 1218 1403 1243 13.
1428 1214 1565 1244 mittitur

919 1260 951 1288 in
969 1258 1171 1298 Hispaniam,
1194 1263 1247 1288 32.
1278 1258 1415 1287 vincitur
1437 1258 1475 1286 ad
1500 1258 1565 1286 Illi-

918 1303 1026 1340 turgin
1043 1312 1060 1330 a
1075 1302 1238 1335 Romanis,
1256 1305 1307 1331 49.

962 1346 1099 1375 mittitur
1122 1345 1160 1374 ab
1197 1344 1370 1374 Asdrubale
1400 1344 1495 1373 fratre
1525 1345 1563 1373 ad

918 1389 1180 1427 conquisitionem
1198 1388 1345 1424 militum,
1364 1391 1418 1423 24,
1433 1391 1484 1416 42.

960 1431 1139 1468 Asdrubali,
1156 1430 1303 1469 Gisgonis
1319 1430 1395 1468 filio,
1411 1430 1563 1467 conjunc-

918 1478 982 1509 tus,
1001 1475 1100 1503 vincit
1116 1476 1149 1504 P.
1167 1474 1360 1513 Scipionem,
1387 1476 1441 1510 25,
1465 1478 1518 1502 32.
1535 1478 1565 1502 et

917 1522 969 1547 34.
995 1517 1162 1547 Asdrubali
1186 1517 1273 1546 fratri
1308 1526 1340 1545 se
1363 1516 1486 1554 jungit,
1510 1520 1563 1546 35.

919 1562 984 1599 ejus
1001 1566 1101 1590 castra
1118 1570 1136 1591 a
1152 1560 1271 1589 Marcio
1287 1564 1391 1596 capta,
1407 1563 1460 1590 39.

962 1605 1049 1633 venit
1076 1614 1112 1633 ex
1137 1604 1284 1633 ulteriore
1307 1602 1464 1641 Hispania
1493 1611 1565 1632 cum

919 1647 1106 1683 Asdrubale,
1130 1647 1278 1686 Gisgonis
1300 1646 1377 1684 filio,
1393 1646 1430 1674 ad
1446 1645 1567 1674 Asdru-

919 1690 1020 1720 balem
1055 1691 1195 1727 fratrem,
1219 1694 1272 1727 27,
1306 1693 1357 1718 20.
1392 1689 1424 1717 in
1462 1689 1568 1727 fugam

919 1734 1063 1768 vertitur,
1077 1738 1128 1770 28,
1147 1738 1176 1762 2.
1193 1734 1345 1763 delectum
1362 1732 1395 1760 in
1411 1732 1567 1769 Hispania

920 1787 989 1806 eum
1005 1777 1192 1814 Asdrubale,
1208 1776 1357 1815 Gisgonis
1373 1775 1448 1811 filio,
1459 1775 1566 1809 habet,

920 1824 953 1849 et
985 1830 1054 1850 cum
1093 1829 1131 1850 eo
1168 1820 1282 1850 bellum
1313 1819 1481 1852 instaurat,
1517 1823 1565 1847 12.

920 1864 1057 1901 equestri
1099 1863 1211 1902 proelio
1248 1862 1398 1898 vincitur,
1448 1865 1495 1890 13.
1542 1862 1567 1890 it

921 1907 1035 1943 Gades,
1058 1906 1286 1945 dissipaturque
1309 1905 1375 1942 ejus
1402 1904 1567 1941 exercitus,

925 1952 974 1980 16.
1020 1950 1160 1979 Gadibus
1183 1959 1219 1979 ex
1243 1950 1318 1987 fuga
1341 1947 1497 1984 subsistit,
1514 1952 1566 1977 23.

918 1993 1048 2031 jubetur
1091 2003 1110 2023 a.
1153 1997 1265 2022 senatu
1314 1991 1566 2029 Carthaginiensi

922 2037 1064 2073 classem,
1090 2046 1181 2075 quam
1206 2035 1346 2065 Gadibus
1369 2035 1509 2070 haberet,
1534 2033 1568 2063 in

923 2079 1045 2109 Italiam
1083 2080 1236 2117 trajicere,
1267 2080 1318 2107 36.
1350 2087 1369 2107 a
1401 2078 1568 2106 Gaditanis

927 2123 1011 2152 intra
1036 2123 1143 2152 urbem
1171 2131 1236 2152 non
1252 2121 1443 2158 admittitur,
1459 2125 1512 2151 37.
1529 2130 1567 2149 ex

923 2166 1042 2195 minore
1056 2166 1231 2195 Balearium
1258 2165 1362 2194 insnla
1388 2165 1421 2193 in
1446 2164 1568 2193 Italiam

922 2209 1054 2246 trajicit,
1092 2212 1142 2238 46.
1177 2209 1261 2247 capit
1296 2208 1454 2243 Genuam,
1493 2207 1569 2236 ibid.

924 2252 1031 2281 Gallos
1048 2255 1080 2281 et
1097 2253 1224 2291 Ligures
1240 2252 1271 2280 in
1287 2251 1453 2280 concilium
1466 2255 1570 2286 vocat,

925 2299 977 2330 29,
1004 2299 1032 2324 5.
1055 2296 1192 2324 vincitur
1214 2305 1232 2324 a
1253 2294 1415 2329 Romanis,
1439 2297 1494 2329 30,
1524 2297 1570 2321 18.

925 2338 1041 2368 femore
1078 2339 1227 2368 transfixo
1265 2337 1458 2371 vulneratur,
1494 2336 1569 2364 ibid.

926 2382 1064 2421 profugit
1079 2382 1111 2410 in
1129 2381 1300 2421 Liguriam,
1321 2384 1369 2410 19.
1391 2389 1428 2408 ex
1443 2379 1570 2408 vulnere

925 2425 1068 2458 moritur,
1086 2425 1159 2454 ibid.

885 2469 993 2508 Mago,
1010 2469 1131 2507 legatus
1144 2468 1311 2498 Poenorum
1325 2467 1364 2496 ad
1379 2465 1569 2504 Philippum,

929 2516 983 2549 23,
999 2515 1052 2542 34.

885 2555 981 2592 Mago
996 2564 1033 2583 ex
1048 2557 1142 2594 gente
1157 2554 1303 2587 Barcina,
1327 2554 1478 2592 cognatus
1502 2551 1570 2579 An-

929 2598 1055 2631 nibalis,
1071 2598 1206 2635 capitur,
1223 2601 1277 2633 23,
1294 2599 1350 2625 41.

886 2642 996 2681 Mago,
1030 2642 1199 2670 Poenorum
1238 2641 1313 2673 dux,
1352 2635 1571 2670 Carthaginem

931 2693 1043 2714 novam
1060 2687 1179 2720 tuetur,
1196 2684 1248 2716 26,
1265 2685 1315 2710 44.
1342 2689 1384 2715 se,
1405 2688 1517 2713 arcem,
1540 2683 1573 2707 et

931 2727 1106 2767 praesidium
1123 2725 1261 2764 Scipioni
1283 2723 1379 2758 dedit,
1413 2725 1463 2750 46.
1509 2724 1572 2752 Ro.

932 2780 1013 2801 mam
1044 2770 1182 2799 mittitur
1205 2777 1276 2796 cum
1302 2765 1476 2804 quindecim
1501 2774 1572 2805 cap-

932 2814 1004 2843 tivis
1020 2812 1226 2846 senatoribus,
1245 2813 1295 2839 51.
1539 2829 1543 2830 ⁷

946 2870 1013 2896 Aa
1035 2861 1060 2894 (ὲ
