1805 3174
569 61 1029 112 PRAEFATIO.
1331 64 1503 112 lxxxix

52 201 237 266 aliquid
266 202 580 251 obscuritatis
616 203 798 251 habere
823 203 1120 264 viderentur,
1145 201 1248 250 sive
1273 203 1320 250 in
1347 203 1505 251 verbis

51 280 328 328 obscuritas
354 281 453 338 illa,
481 281 584 329 sive
608 281 658 329 in
683 282 828 330 rebus
856 281 1020 345 posita
1042 287 1190 329 esset.

115 359 364 422 Epitomae
390 375 491 406 non
516 359 735 422 indignae
769 368 923 415 erant,
949 360 1127 423 quibus
1160 358 1347 422 aliquid
1377 375 1506 405 curae
1521 374 1678 423 apuam

47 435 432 498 impenderetur.
472 437 669 485 Primus
698 455 782 486 eas
806 438 938 486 notis
965 438 1232 485 illustravit
1251 436 1502 499 Sigonius.
1519 418 1708 489 {quiffi‘iuinuss

52 511 240 561 Postea
265 514 549 562 Gronovius
586 516 791 563 easdem
817 532 880 563 ex
905 515 1098 579 aliquot
1125 515 1279 564 MSS.
1308 531 1509 562 accura-

50 588 149 636 tius
170 591 469 654 repurgavit.
520 592 670 646 Quod
692 599 899 654 uterque
919 593 1164 651 attulerat,
1182 591 1405 640 studiose
1422 609 1510 654 pro

51 682 187 714 more
211 674 385 716 nostro
404 669 774 731 perpendimus.
816 668 1082 731 Epitomas
1100 669 1248 732 ipsas,
1267 669 1371 717 sive
1396 686 1509 717 cum

54 744 214 805 Livio,
241 745 347 793 sive
372 763 486 794 eum
511 747 688 794 ceteris
724 745 972 793 historicis
1010 746 1274 809 diligenter
1304 746 1513 794 contuli-

52 838 194 872 mus:
246 823 376 870 adeo
403 832 455 870 ut
479 824 795 871 confidamus
834 840 918 871 eas
945 823 1093 871 hodie
1124 824 1509 882 emendatiores,

53 916 203 963 quam
230 916 448 963 unquam
476 908 638 955 antea,
664 899 882 962 prodire.

122 978 239 1025 Hoc
266 979 362 1025 fine
385 978 476 1025 etsi
501 987 669 1025 noster
702 979 914 1025 fortasse
941 985 1136 1041 poterat
1169 978 1415 1026 terminari
1443 979 1509 1025 la·
1522 986 1621 1016 Artic-
1640 987 1698 1016 IV·

52 1054 155 1110 bor,
184 1061 364 1111 tamen,
392 1062 507 1117 post
543 1054 736 1116 Dujatii
763 1062 812 1102 et
837 1054 1021 1102 Clerici
1057 1056 1306 1118 exempla,
1331 1032 1729 1118 imper-l'vsssivf‘ssffllz‘l

52 1133 242 1180 fectum
259 1133 366 1194 jam
402 1132 611 1196 relinqui
636 1149 762 1196 opus
792 1132 1117 1192 judicaretur,
1144 1133 1238 1180 nisi
1269 1134 1509 1196 pretiosas
1524 1115 1727 1188 ζ’ᾅζᾷζιί

54 1208 180 1256 Livii
205 1210 453 1273 reliquias,
479 1210 822 1258 luctuosorum
848 1228 957 1274 quae
982 1210 1163 1258 eximio
1190 1211 1417 1274 scriptori
1442 1212 1511 1258 in·
1527 1209 1626 1231 ΒΘΗ·

53 1287 172 1335 vida
196 1295 418 1336 vetustas
434 1288 601 1336 intulit
620 1289 915 1336 damnorum
938 1289 1288 1352 supplementa
1307 1289 1511 1336 comita-

52 1374 234 1416 rentur,
303 1366 389 1414 Ad
415 1383 474 1414 ea
496 1367 678 1430 itaque,
705 1367 1088 1415 adhortantibus
1113 1366 1302 1423 amiciS,
1325 1367 1512 1414 Roma-

54 1460 130 1491 nae
160 1443 377 1491 historiae
413 1443 650 1491 studiosis
676 1443 806 1500 viris,
831 1451 879 1491 et
913 1443 1153 1491 incitante
1187 1450 1357 1491 nostra
1391 1460 1513 1506 quo-

55 1538 153 1586 que
179 1522 492 1569 demerendae
517 1538 607 1585 pro
634 1522 813 1570 viribus
841 1521 1122 1585 reipublicae
1158 1521 1402 1569 litterariae
1428 1538 1511 1569 vo-

55 1599 261 1655 luntate,
288 1599 506 1646 animum
533 1600 852 1661 adjecimus0.

125 1677 203 1724 Ac
230 1678 293 1724 de
317 1677 529 1741 expletis
552 1679 752 1742 quidem
779 1685 949 1727 nostra
974 1695 1126 1741 opera
1150 1677 1341 1726 lacunis
1366 1676 1511 1724 libro-
1523 1695 1704 1743 Ex13ietaea

56 1769 160 1800 rum
197 1753 340 1803 XLI.
371 1754 1110 1804 XL111.XL1V.XLV.nihil
1148 1761 1225 1802 est
1258 1756 1393 1819 quod
1422 1739 1717 1810 ad-2⁰aeb¹312?:3¹3·.

57 1834 235 1880 damus
279 1834 340 1881 ad
382 1850 441 1880 ea
476 1850 586 1896 quae
625 1850 773 1897 supra
817 1831 1118 1887 monuimus,
1159 1849 1204 1878 c.
1248 1831 1318 1879 ΙΙ.
1360 1823 1695 1895 ᾕυῇυεῖξῗζξοζξζῗ

56 1912 193 1974 praef.
219 1917 309 1960 art.
333 1915 379 1959 3.
404 1910 496 1958 nisi
520 1910 615 1958 hoc
652 1917 859 1966 tantum,
885 1925 975 1957 nos
1001 1926 1065 1956 ex
1101 1908 1374 1956 imitatione
1400 1909 1511 1957 Cle-

56 1988 144 2037 rici
167 1988 259 2052 ipsi
283 1987 551 2036 narrationi
574 1986 792 2034 Livianae
828 1986 1175 2049 supplementa
1197 1993 1368 2033 nostra
1391 1985 1512 2033 inte-

57 2066 240 2124 xuisse,
266 2075 321 2113 ut
347 2080 445 2112 uno
481 2072 651 2112 tenore
674 2070 830 2111 totam
866 2062 1079 2110 historiae
1104 2062 1279 2109 seriem
1311 2062 1513 2110 lectoris

60 2144 236 2192 oculus
272 2143 571 2207 perlustrare
595 2148 781 2206 posset,
806 2157 902 2188 nec
926 2157 1132 2188 necesse
1155 2140 1360 2187 haberet
1382 2140 1512 2187 ultro

58 2223 282 2286 citroque
319 2238 529 2277 cursare,
554 2227 605 2268 et
640 2237 669 2268 a
705 2219 872 2267 medio
908 2218 1162 2266 volumine
1197 2218 1261 2265 ad
1299 2217 1509 2271 calcem,

58 2316 178 2347 mox
203 2317 231 2347 a
255 2300 396 2347 ealce
422 2298 683 2346 voluminis
720 2298 785 2345 ad
808 2297 972 2361 ipsum
1009 2313 1190 2360 corpus
1227 2312 1281 2343 se
1317 2296 1511 2354 referre,

58 2378 272 2426 concisae
299 2375 605 2424 membratim
640 2373 938 2423 narrationis
962 2374 1099 2421 velut
1130 2374 1284 2420 frusta
1309 2388 1513 2419 consec-

59 2463 187 2503 tans.
258 2455 336 2504 Ea
361 2454 499 2502 uncis
533 2452 839 2509 inclusimus,
867 2458 1016 2516 atque
1040 2452 1134 2499 hac
1158 2458 1278 2498 nota
1300 2449 1508 2513 (suppl.)

59 2532 110 2580 in
147 2533 366 2596 margine
405 2532 667 2592 exteriore,
703 2537 767 2587 et,
803 2530 844 2578 si
881 2531 945 2578 ad
987 2529 1231 2578 summam
1278 2528 1509 2592 paginam

340 2706 354 2722 ⁶
374 2701 644 2751 Supplementa
663 2700 700 2736 in
719 2700 791 2736 hac
810 2698 972 2737 editione
990 2700 1226 2735 omittuntur.
