1816 3159
276 104 350 138 412

728 101 903 139 INDEX
934 101 992 138 IN
1023 101 1071 138 Τ.
1101 98 1235 138 LlVII

274 210 586 240 senatusconsultum
600 210 729 248 factum,
745 214 780 240 ut
796 210 960 240 decemviri
1001 209 1315 240 senatusconsultum
1329 211 1365 240 de
1381 212 1461 251 agris
1476 212 1648 248 Ligustinis
1660 215 1692 243 et

317 253 500 292 magistratu
517 263 548 282 se
562 254 718 290 abdicent,
733 259 765 286 3,
781 259 830 283 54.

275 297 586 326 Senatusconsultum
611 297 741 326 relatum
772 297 803 325 in
825 297 960 334 tabulas,

320 344 353 375 4,
373 343 422 368 11.

294 399 338 404 -—
353 388 388 411 ut
404 382 580 411 consularia
605 382 732 411 comitia
760 382 960 420 haberentur,

318 431 351 461 4,
368 429 419 454 25.
435 429 465 453 et
479 427 534 453 36.

295 484 339 491 -—
355 472 389 497 ut
420 469 480 496 duo
511 477 546 496 ex
574 467 710 496 tribunis
746 465 962 497 consularibus

316 512 353 541 ad
368 509 493 539 'bellum
509 511 790 549 proficiscerentur,
807 520 889 541 unus
915 520 962 540 res

315 556 424 584 Romae
440 557 571 586 curaret,
589 557 639 582 45.

295 616 338 623 —
354 598 390 626 de
406 597 487 626 caede
501 596 666 633 Postumii,
683 600 736 626 51.

294 657 338 664 —-
351 641 387 668 de
403 640 542 668 creandis
554 640 689 669 tribunis
703 639 852 675 militum,
867 643 916 668 55.

294 702 337 709 ..-
352 686 388 711 ut
403 682 520 711 tribuni
537 683 685 712 militares
700 683 856 721 peditibus
879 683 964 721 equi·

315 726 461 763 tibusque
475 727 588 760 gratias
599 731 737 765 agerent,
755 730 786 760 5,
804 730 833 756 7.

292 788 334 794 -
351 772 386 798 ut
416 768 535 797 tribuni
562 770 696 799 militum
726 779 758 798 se
783 769 964 798 abdicarent

314 812 512 850 magistratu,
533 816 581 842 17.

290 873 334 880 -
349 859 385 884 ut
416 855 481 894 agri
505 855 672 885 Veientani
702 858 830 893 septena
849 855 963 893 jugera

313 898 526 927 dividerentur
542 899 636 937 plebi,
650 902 702 927 30.

291 957 336 964 —
351 945 387 970 ut
417 942 558 971 consules
586 952 617 972 se
645 942 824 970 abdicarent
848 941 960 981 magis-

312 989 411 1020 tratu,
428 989 480 1014 31.

289 1044 332 1051 —-
348 1029 385 1057 de.
408 1027 499 1058 rebus
526 1028 563 1057 ad
590 1028 768 1067 religionem
792 1027 960 1066 spectanti-

312 1071 382 1105 bus,
400 1075 451 1100 50.

270 1113 552 1145 senatusconsulto
589 1113 736 1149 revocati,
772 1113 824 1151 qui
866 1113 960 1143 Veios

313 1159 445 1191 iverant,
457 1160 488 1189 6,
502 1161 531 1185 4.

270 1200 551 1231 Senatusconsulto
577 1208 593 1228 e
620 1208 739 1228 carcere
764 1199 895 1229 eductus
912 1199 959 1230 M.

314 1244 465 1279 Manlius,
487 1246 536 1272 18.

270 1286 596 1318 Senatusconsultum‚
621 1294 659 1313 ne
675 1285 744 1322 quis
763 1284 910 1323 patricius
927 1285 958 1313 in

314 1329 467 1367 Capitolio
482 1329 650 1364 habitaret,
668 1330 699 1363 6,
716 1332 768 1357 20.

290 1389 333 1397 -
349 1374 386 1401 de
411 1372 547 1400 induciis
576 1371 609 1399 in
632 1375 757 1400 centum
774 1380 873 1400 annos
890 1370 957 1399 Cae-

311 1416 423 1445 ritibus
439 1414 658 1450 concedendis,
676 1418 708 1450 7,
728 1418 780 1444 20.

288 1477 332 1483 —
347 1460 383 1488 de
400 1458 533 1493 Latinis,
559 1462 590 1490 8,
614 1460 660 1485 14.

288 1520 331 1527 --
347 1505 383 1531 de
399 1502 529 1530 dicendo
544 1501 707 1537 dictatore,
724 1503 771 1530 15.
783 1505 813 1528 et
827 1501 875 1528 16.

289 1565 332 1572 .-.
346 1546 382 1574 de
399 1545 523 1574 colonia
539 1544 626 1572 Cales
642 1543 832 1579 deducenda,
852 1545 900 1571 16.

289 1606 332 1613 -—
347 1589 384 1617 de
399 1588 584 1617 deducendis
601 1587 815 1615 Interamnam
832 1591 861 1614 et
873 1585 961 1614 Casi-

312 1641 387 1661 num
404 1631 547 1667 coloniis,
566 1635 598 1666 9,
610 1634 661 1659 28.

287 1692 330 1700 -—
342 1679 377 1703 ut
394 1674 505 1712 privati
522 1679 633 1702 nautas
650 1674 772 1706 darent,
790 1676 843 1706 24,
866 1675 915 1700 11.

289 1737 332 1744 ....
347 1719 383 1746 de
405 1717 584 1746 coErcendis
615 1715 888 1753 superstitionibus
927 1717 958 1742 et

308 1761 442 1791 externis
466 1760 679 1799 religionibuS,
702 1759 808 1787 Romae
831 1757 957 1791 exortis,

310 1809 364 1839 25,
386 1808 411 1832 1.

287 1866 330 1873 ...-
346 1848 383 1876 de
410 1846 491 1875 ludis
528 1845 683 1884 Apollini,
724 1853 814 1882 reque
849 1843 957 1873 divina

307 1891 464 1922 faciunda,
482 1892 530 1916 12.

286 1949 330 1956 ·-
345 1935 382 1962 de
398 1932 547 1961 Marcello
563 1935 594 1959 et
609 1930 732 1966 Siculis,
748 1932 801 1966 26,
818 1933 869 1958 32.

285 1992 330 2000 —
345 1978 381 2005 de
398 1974 578 2013 Campanis,
593 1978 644 2002 34.

287 2036 330 2042 -
345 2020 383 2047 de
414 2018 641 2057 provinciarum
677 2015 856 2051 sortitione,
899 2019 953 2050 28,

308 2066 361 2092 45.

287 2121 330 2129 —
346 2108 394 2141 ut,
426 2113 503 2141 quos
533 2102 622 2131 ludos
653 2102 734 2130 inter
771 2101 954 2130 seditionem

307 2148 471 2178 militarem
496 2145 629 2175 vovisset
656 2145 773 2183 Scipio,
801 2155 838 2173 ex
853 2154 888 2173 ea
904 2155 956 2182 pe-

307 2191 410 2224 cunia,
435 2198 525 2227 quam
554 2189 619 2227 ipse
649 2188 681 2216 in
708 2188 847 2217 aerarium
873 2188 957 2218 intu-

308 2235 405 2264 lisset.
422 2233 547 2268 faceret,
563 2235 613 2261 38.

287 2278 382 2305 —de
406 2275 549 2311 coloniis,
574 2282 642 2312 quae
670 2273 783 2302 milites
810 2274 880 2304 dare
903 2275 957 2305 ab·

309 2323 455 2353 nuerant,
471 2323 523 2353 29,
545 2321 592 2346 15.

286 2382 329 2388 —-
345 2364 382 2391 de
409 2362 489 2391 bello
512 2362 658 2390 adversus
682 2359 786 2389 Nabin
814 2361 956 2391 Lacedae-

308 2406 462 2440 monium,
479 2409 534 2439 34,
551 2408 600 2432 22.

285 2464 330 2472 —-
345 2448 382 2477 de
396 2447 526 2476 coloniis
543 2445 740 2480 deducendis,
757 2450 807 2475 53.

285 2491 376 2520 —de
392 2489 483 2518 rebus
497 2490 591 2524 Asiae,
606 2493 660 2521 37,
677 2491 730 2519 56.

285 2551 329 2558 -
344 2534 377 2562 in
407 2532 538 2572 gratiam
576 2531 860 2568 Ambraciensium,
899 2537 955 2571 38,

307 2582 360 2607 44.

286 2636 330 2644 ...
345 2620 381 2648 de
397 2614 656 2650 Bacchanalibus,
671 2620 725 2652 39,
743 2620 789 2645 18.
814 2620 841 2645 el
863 2621 910 2648 19.

285 2680 330 2687 -
345 2663 381 2691 de
397 2660 594 2690 exercitibus,
611 2662 664 2687 38.

285 2714 405 2743 ...quo
429 2704 551 2732 sublata
573 2701 699 2730 comitia
725 2701 864 2740 praetoris
890 2712 955 2732 cre-

307 2749 391 2781 andi,
404 2751 455 2777 39.

284 2809 327 2816 —-
343 2793 374 2820 in
392 2791 540 2819 honorem
556 2786 719 2825 Demetrii,
732 2791 782 2818 47.

286 2852 327 2859 ·--
340 2836 379 2869 do
392 2833 526 2868 Latinis,
541 2835 595 2867 41,
618 2834 666 2859 13.

1044 253 1172 283 Gallicis
1186 254 1301 283 viritim
1317 255 1500 289 dividendis,
1517 259 1570 289 42,
1587 260 1618 285 4.

1024 296 1110 324 —in
1127 298 1260 334 gratiam
1278 298 1516 336 Statiellatium‚
1532 303 1584 329 99.

1024 355 1067 361 -
1083 341 1119 367 de
1137 340 1218 370 bello
1234 341 1266 369 in
1287 342 1407 378 Persea,
1425 347 1477 371 30.

1024 400 1067 406 —
1082 391 1143 419 quo
1169 384 1262 413 Cares
1278 385 1428 423 Lyciique
1448 385 1602 423 jubentur
1626 395 1693 414 csse

1047 424 1149 463 liberi,
1166 431 1221 462 44,
1239 431 1285 456 15.

1024 484 1068 491 —
1083 468 1120 496 de
1137 469 1363 499 Macedonibus
1379 475 1411 500 et
1428 470 1553 510 Illyriis,
1568 475 1622 504 45,
1643 475 1690 499 18.

1004 509 1275 542 senatusconsulti
1297 514 1396 543 forma
1419 515 1536 544 ultimae
1559 514 1692 543 necessi—

1044 554 1134 590 tatis,
1147 559 1182 592 3,
1191 559 1221 584 4.

1003 596 1281 628 senatusconsulta
1309 600 1343 629 in
1380 601 1478 629 aedcm
1506 599 1624 629 Cereris
1653 599 1692 628 ad

1046 640 1148 669 aediles
1175 642 1271 680 plebis
1295 643 1411 680 delata,
1432 648 1466 680 3,
1481 647 1533 672 55.
1556 644 1593 672 ad
1617 651 1694 672 aera-

1046 683 1139 720 rium,
1154 689 1208 718 39,
1225 689 1254 714 4.

1004 725 1178 764 Smectius,
1204 728 1364 766 tribunus,
1393 728 1530 758 civitatis
1561 728 1693 758 Nervio-

1049 778 1129 802 rum.
1147 771 1233 809 Epit.
1254 775 1323 802 139.

1004 811 1102 841 Senes
1123 814 1271 849 Romani,
1287 814 1361 843 urbe
1383 818 1487 852 capta,
1512 818 1694 853 exspectant

1046 856 1130 885 domi
1160 861 1305 894 mortem,
1330 861 1427 892 5,41.
1449 858 1645 887 trucidantur
1675 867 1693 887 a

1045 899 1158 936 Gallis,
1172 900 1245 929 ibid.

1002 940 1145 971 Seniores
1171 942 1271 972 coacti
1287 943 1414 972 nomina
1439 943 1524 980 dare,
1539 947 1575 972 ut
1599 947 1692 982 agant

1045 985 1130 1014 urbis
1145 987 1332 1023 custodiam,
1361 990 1394 1023 5,
1416 990 1464 1016 10.
1491 987 1552 1015 vid.
1568 991 1599 1016 et
1613 989 1645 1022 6,
1662 991 1694 1016 9.

1046 1033 1076 1056 et
1090 1030 1121 1058 6.

1004 1071 1166 1100 Seniorum
1183 1072 1326 1101 cohortes
1342 1072 1443 1108 factae,
1463 1077 1512 1105 lo,
1526 1076 1579 1103 91.

1003 1114 1165 1144 Seniorum
1182 1115 1314 1154 triginta
1337 1115 1504 1154 principes,
1519 1115 1600 1154 apud
1618 1115 1693 1144 Car-

1044 1158 1258 1196 thaginienses
1277 1159 1416 1187 sanctius
1442 1159 1620 1195 consilium,
1637 1162 1692 1195 30,

1049 1203 1097 1230 16.

1003 1243 1141 1272 Senones
1163 1243 1244 1272 Galli
1268 1244 1402 1273 clusium
1426 1248 1455 1272 et
1483 1245 1614 1274 Romam
1643 1252 1691 1272 ve-

1045 1286 1152 1322 niunt,
1183 1291 1213 1322 5,
1230 1291 1280 1316 35.
1309 1288 1370 1315 vid.
1401 1288 1495 1317 Galli.
1523 1286 1690 1325 Legionem

1044 1330 1218 1358 Romanam
1235 1330 1497 1367 circumveniunt,
1522 1334 1554 1359 et
1576 1329 1695 1367 delent,

1049 1376 1101 1408 10,
1118 1375 1170 1401 26.

1004 1414 1149 1444 Sentinas
1166 1423 1249 1454 ager,
1266 1418 1317 1451 10,
1330 1419 1382 1447 97.
1398 1419 1427 1444 et
1439 1419 1492 1446 30.

1003 1457 1037 1486 C.
1053 1458 1192 1492 Sentius,
1210 1459 1294 1496 Epit.
1312 1462 1363 1489 70.

1004 1501 1152 1539 Sepinum
1178 1502 1209 1530 in
1227 1501 1354 1530 Samnio
1371 1510 1388 1530 a
1416 1501 1449 1530 L.
1466 1501 1601 1540 Papirio,
1617 1510 1691 1531 con-

1045 1545 1124 1580 sule,
1141 1548 1347 1583 expugnatur,
1370 1549 1418 1578 10,
1435 1548 1486 1573 44.
1504 1548 1594 1574 8145.

1002 1587 1132 1626 Seppius
1148 1588 1256 1617 Lesius
1273 1596 1426 1616 summum
1449 1588 1562 1626 Capuae
1578 1587 1691 1626 magis-

1044 1635 1160 1659 tratum
1175 1631 1303 1660 ultimus
1314 1631 1688 1669 omniumCampanorum

1044 1676 1138 1712 capit,
1153 1677 1205 1708 26,
1221 1676 1250 1702 6.
1267 1675 1330 1703 vid.
1343 1678 1372 1702 et
1386 1678 1433 1703 13.

1001 1716 1233 1755 Septembribus
1264 1717 1365 1746 idibus
1395 1720 1509 1755 praetor
1538 1716 1690 1745 maximus

1043 1761 1163 1789 clavum
1181 1769 1313 1799 pangere
1335 1764 1459 1789 vetusta
1484 1760 1549 1797 lege
1568 1760 1689 1797 jussus,

1042 1807 1074 1837 7,
1092 1807 1123 1832 3.

999 1844 1222 1884 Septemdecim
1240 1854 1338 1874 annos
1355 1845 1433 1880 nati,
1453 1846 1506 1884 qui
1528 1854 1590 1874 non
1607 1845 1689 1875 mili-

1041 1892 1159 1924 tarant,
1177 1889 1274 1917 aerarii
1291 1888 1376 1922 sacti,
1394 1892 1448 1924 27,
1471 1892 1516 1916 11.

998 1932 1178 1970 Sepulcrum
1191 1932 1327 1960 dirutum
1338 1931 1369 1960 in
1381 1931 1552 1960 oraAfricae
1560 1940 1616 1969 pro
1626 1940 1690 1960 ma-

1043 1975 1071 2004 lo
1085 1975 1188 2003 omine
1201 1974 1318 2003 vitatur
1334 1974 1372 2003 ab
1387 1975 1558 2012 Annibale,
1570 1978 1624 2010 30,
1637 1979 1688 2003 25.

997 2018 1144 2056 Sepulcra
1159 2017 1262 2046 diruta
1276 2017 1410 2046 Athenis
1426 2027 1442 2046 a
1460 2018 1616 2055 Philippo,
1631 2022 1687 2054 31,

1039 2065 1089 2090 24.
1104 2070 1195 2099 super
1204 2070 1240 2090 ea
1252 2071 1282 2090 re
1291 2061 1531 2090 Atheniensium
1544 2061 1687 2099 querelae,

1037 2108 1092 2133 30.

997 2147 1146 2185 Sequani,
1161 2155 1233 2185 pop.
1244 2147 1330 2185 Epit.
1346 2151 1417 2178 104.

999 2190 1106 2228 Sergia
1117 2190 1264 2224 venefica,
1279 2199 1335 2218 suo
1349 2191 1416 2228 ipsa
1437 2192 1531 2228 epoto
1555 2189 1688 2219 medica-

1041 2237 1161 2267 mento,
1177 2233 1296 2268 interit,
1314 2237 1343 2267 8,
1363 2237 1410 2262 18.

999 2276 1032 2305 C.
1051 2275 1188 2314 Sergius,
1211 2276 1357 2305 tribunus
1380 2275 1515 2305 militum
1531 2273 1687 2305 consulari

1043 2323 1210 2356 potestate,
1225 2322 1289 2355 6,5.
1301 2319 1444 2351 iterum‚1
1455 2322 1481 2347 1.
1490 2318 1688 2354 tertiu1n,2'7.

1002 2362 1059 2390 Cn.
1077 2362 1202 2401 Sergius
1216 2362 1363 2398 Plancus,
1379 2365 1502 2400 praetor.
1515 2365 1570 2396 31,
1581 2365 1610 2389 4.
1622 2370 1688 2389 sor-

1039 2404 1119 2433 titur
1143 2404 1392 2441 jurisdictionem
1421 2403 1581 2438 urbanam,
1607 2406 1638 2433 6.
1658 2403 1686 2432 ei

1039 2451 1239 2486 prorogatum
1257 2448 1432 2485 imperium,
1447 2450 1502 2481 39,
1521 2449 1547 2474 l.

998 2490 1032 2518 L.
1051 2490 1189 2529 Sergius,
1221 2491 1355 2528 legatus,
1382 2498 1505 2517 auream
1536 2491 1685 2518 crateram

1038 2533 1155 2562 donum
1171 2532 1311 2571 Apollini
1326 2532 1466 2571 Delphos
1487 2532 1558 2568 fert,
1586 2536 1617 2565 5,
1635 2535 1687 2559 98.

1039 2585 1058 2604 a
1072 2576 1284 2614 Liparensium
1300 2575 1408 2613 piratis
1419 2578 1579 2614 exceptus,
1594 2578 1626 2604 et
1640 2573 1687 2603 di-

1038 2619 1164 2653 missus,
1185 2618 1260 2646 ibid.

996 2661 1029 2690 L.
1048 2661 1172 2698 Sergius
1189 2660 1333 2695 Fidenas,
1355 2660 1475 2692 consul.
1507 2665 1539 2697 4,
1556 2663 1604 2691 17.
1627 2659 1684 2688 tri-

1040 2703 1141 2732 bunus
1172 2703 1304 2732 militum
1332 2703 1486 2733 consulari
1517 2706 1684 2741 potestate,

1039 2750 1089 2775 25.
1113 2746 1224 2775 iterum
1242 2747 1363 2783 consui,
1378 2751 1428 2776 30.
1452 2747 1564 2775 iterum
1584 2745 1688 2774 tribu-

1039 2797 1097 2817 nus
1114 2789 1247 2818 militum
1276 2790 1431 2818 consulari
1449 2793 1615 2827 potestate,
1632 2792 1684 2817 35.

1038 2830 1164 2861 tertium
1181 2833 1324 2862 tribunus
1342 2832 1488 2869 militum,
1503 2836 1553 2861 45.
