1831 3194
464 101 581 141 LIB.
611 100 735 140 XLV.
773 101 905 140 CAP.
935 100 1082 140 XXVI.
1404 109 1474 149 195

69 208 261 252 Praefecti
292 210 429 252 classis
461 211 503 251 id
534 211 657 252 unius
678 220 765 253 erat
781 212 867 267 jus,
890 220 937 252 ut
958 226 1078 265 agere
1100 210 1152 251 de
1173 225 1221 251 ea
1241 224 1283 251 re
1306 212 1388 252 sine
1412 229 1473 253 ro-
1488 219 1573 250 U-C.
1589 219 1663 250 585.

65 267 233 321 gatione
264 268 350 309 ulla
370 268 527 323 perlata
561 276 696 309 iosset.
729 283 820 308 nam
854 269 912 310 ita
942 283 1015 324 per
1044 276 1104 308 tot
1126 282 1253 307 annos
1275 268 1314 307 in
1337 262 1663 309 aiiiici-A·C·¹5⁷·

66 322 125 364 tia
154 324 334 374 fuerant,
359 332 405 365 ut
436 325 574 365 sociai
605 325 761 366 foedere
792 340 833 365 se
863 341 956 366 cum
990 324 1189 365 Romanis
1219 339 1299 364 non
1330 324 1474 379 inliga-

66 389 158 421 rent
179 382 233 421 ob
263 381 418 422 nullam
449 381 570 421 aliam
601 397 802 431 caussam,
824 396 948 437 quam
981 396 1031 421 ne
1062 396 1175 437 spem
1207 381 1374 435 regibus
1404 382 1474 422 al)-

63 436 295 479 scinderent
316 437 459 478 auxilii
483 438 560 487 sui,
583 437 614 478 si
636 438 702 478 eui
723 453 828 493 opus
849 446 968 487 esset,
991 453 1071 478 neu
1094 438 1169 479 sibi
1192 438 1290 493 ipsis
1310 438 1474 479 fructus

64 508 115 534 ex
137 494 392 550 benignitate
414 503 455 535 et
475 495 647 536 fortuna
667 510 809 535 eorum
840 495 1107 551 percipiendi.
1170 494 1294 535 Tune
1326 495 1472 550 utiquc

62 551 244 606 petenda
272 552 445 592 societas
475 551 725 598 videbatur;
759 566 840 592 non
871 566 967 607 quae
998 551 1171 593 tutiores
1202 567 1270 592 eos
1299 552 1352 592 ab
1382 553 1473 594 aliis

62 607 231 658 faceret,
256 607 349 660 (nec
380 609 488 649 enim
519 608 721 650 timebant
751 623 1020 664 quemquam,
1052 616 1203 663 praeter
1240 608 1470 663 Romanos)

63 663 135 704 sed
164 680 260 721 quae
291 664 390 720 ipsis
422 665 622 706 Romanis
652 665 788 706 minus
819 673 1042 721 suspectos.
1119 665 1205 705 Sub
1237 664 1345 705 idem
1386 666 1472 707 fere

63 728 228 777 tempus
249 730 289 763 et
314 721 463 762 Caunii
485 721 692 763 descivere
713 722 766 762 ab
787 721 866 772 his,
888 730 929 763 et
952 721 1210 778 Mylasenses
1241 722 1473 763 Euromen-

59 776 169 818 sium
198 778 354 835 oppida
394 787 663 834 occuparunt.
726 779 821 819 Non
863 779 922 820 ita
962 778 1082 820 fracti
1125 779 1251 819 animi
1292 779 1472 821 civitatis

59 843 194 885 erant,
217 843 264 876 ut
286 850 368 876 non
389 835 602 885 sentirent,
626 836 658 876 si
681 835 815 892 Lycia
834 844 875 877 et
899 836 1022 876 Caria
1041 835 1218 876 ademtae
1239 835 1292 876 ab
1319 836 1472 877 Roma-

60 890 123 931 nis
152 892 303 942 forent,
334 900 471 934 cetera
508 901 581 934 aut
622 908 664 933 se
703 892 793 948 ipsa
826 907 900 948 per
929 892 1202 934 defectionem
1233 892 1470 943 liberarent,

58 956 133 990 aut
164 963 189 989 a
217 948 402 990 finitimis
431 957 749 1005 occuparentur,
779 949 935 990 includi
978 965 1019 990 se
1060 949 1206 990 insulae
1247 964 1387 1005 parvae
1428 958 1470 991 et

58 1005 209 1046 sterilis
229 1005 319 1061 agri
340 1006 545 1056 litoribus,
567 1021 665 1061 quae
685 1021 949 1061 nequaquam
971 1006 1079 1047 alere
1099 1013 1227 1047 tantoe
1248 1006 1364 1046 urbis
1399 1021 1470 1062 po-

59 1061 208 1117 pulum
239 1071 388 1118 posset.
420 1062 543 1103 missa
572 1063 703 1118 igitur
727 1063 967 1117 juventute,
993 1078 1167 1118 propere
1197 1070 1238 1103 et
1271 1063 1469 1113 Caunios,

57 1133 316 1175 quamquam
343 1115 639 1176 Cibyratarum
669 1118 927 1160 adsciverant
957 1119 1126 1169 auxilia,
1150 1123 1374 1173 coegerunt
1395 1120 1470 1159 im-

58 1175 174 1230 perio
202 1191 374 1232 parere;
423 1184 464 1218 et
496 1175 755 1232 Mylasenses
786 1175 1180 1231 Alabandenosque,
1212 1175 1301 1231 qui,
1333 1176 1470 1217 Euro-

58 1232 263 1274 mensium
308 1232 521 1289 provincia
565 1233 745 1282 ademta,
776 1233 830 1274 ad
870 1233 981 1289 ipsos
1021 1233 1243 1287 conjuncto
1283 1232 1469 1274 exercitu

58 1298 276 1339 venerunt,
299 1289 407 1330 circa
427 1289 665 1331 Orthosiam
687 1289 772 1330 acie
792 1290 996 1331 vicerunt.

118 1346 296 1388 XXVI.
334 1347 450 1387 Dum
485 1346 574 1387 haec
613 1347 686 1396 ibi,
718 1346 799 1387 alia
837 1347 880 1387 in
917 1346 1180 1396 Macedonia,
1211 1346 1291 1387 alia
1322 1347 1470 1387 Romae

55 1411 288 1458 geruntur3
320 1403 486 1445 interim
507 1404 550 1445 in
574 1403 744 1460 Illyrico
767 1404 816 1443 L.
840 1403 1031 1453 Anicius,
1053 1419 1149 1458 rege
1172 1403 1340 1453 Gentio,
1363 1403 1469 1444 sicut

57 1468 155 1501 ante
184 1460 344 1501 dictum
374 1468 451 1511 est,
472 1461 516 1501 in
545 1469 793 1516 potestatem
813 1459 995 1509 redacto,
1020 1460 1202 1509 Scodrae,
1224 1474 1322 1514 quae
1356 1461 1470 1516 regia
1481 1463 1645 1513 Aniciivres

57 1516 210 1567 fuerat,
241 1517 438 1572 praesidio
476 1516 656 1572 inposito
693 1516 923 1557 Gabinium
962 1516 1163 1579 praefeest,
1206 1516 1387 1557 Rhizoni
1428 1525 1468 1558 et
1481 1513 1574 1581 ἓξὲξ
1589 1518 1620 1538 ¹¹¹

58 1572 264 1614 ”Olcinio
294 1573 469 1614 urbibus
496 1573 744 1629 opportunis
777 1574 823 1613 C.
849 1572 1069 1614 Licinium.
1132 1574 1374 1629 Praepositis
1403 1573 1469 1614 his
1497 1562 1539 1593 4³¹
1576 1574 1585 1580 ”

59 1629 246 1685 Illyrico,
269 1646 364 1671 cum
385 1630 547 1685 reliquo
568 1629 752 1671 exercitu
774 1629 815 1669 in
846 1629 1026 1684 Epirum
1056 1638 1116 1670 est
1138 1630 1362 1685 profectus.
1395 1631 1468 1671 ubi

57 1686 194 1744 prima
216 1687 406 1728 Phanota
435 1686 471 1727 ei
502 1686 658 1735 dedita,
680 1694 770 1727 tota
798 1686 1070 1727 multitudine
1099 1702 1194 1727 cum
1224 1686 1367 1727 infulis
1396 1687 1469 1728 ob-

56 1743 167 1784 viam
203 1743 344 1785 effusa.
381 1743 449 1784 hic
483 1743 680 1799 praesidio
713 1743 908 1799 inposito,
942 1743 985 1783 in
1025 1742 1296 1784 Molossidem
1337 1751 1468 1784 trans-

55 1815 246 1856 gressus:
298 1800 419 1856 cujus
453 1800 646 1841 omnibus
685 1799 865 1856 oppidis,
906 1808 1058 1855 praeter
1099 1801 1384 1850 Passaronem,
1425 1808 1467 1842 et

58 1858 328 1907 Tecmonem,
350 1865 391 1898 et
418 1857 643 1913 Phylacen,
665 1865 706 1898 et
738 1857 966 1906 Horreum,
987 1856 1177 1912 receptis,
1199 1857 1381 1912 primum
1411 1857 1466 1898 ad

57 1914 327 1955 Passaronem
358 1913 487 1955 ducit.
548 1913 760 1954 Antinous
790 1921 831 1954 et
864 1913 1111 1954 Theodotus
1140 1914 1348 1970 principes
1374 1915 1465 1971 ejus

55 1971 236 2012 civitatis
264 1978 396 2020 erant,
426 1970 607 2026 insignes
637 1977 678 2011 et
707 1970 849 2011 favore
879 1971 1035 2019 Persei,
1066 1978 1107 2012 et
1136 1969 1232 2010 odio
1267 1970 1465 2011 adversus

58 2028 292 2068 Romanos:
326 2027 451 2068 iidem
472 2027 677 2068 universae
697 2027 812 2082 genti
828 2034 1016 2068 auctores
1033 2026 1284 2068 desciscendi
1305 2027 1358 2068 ab
1380 2028 1466 2068 Ro.

56 2085 200 2125 manis.
261 2083 322 2124 Hi
342 2083 590 2125 conscientia
608 2084 785 2139 privatae
813 2099 948 2133 noxae,
970 2083 1071 2138 quia
1098 2084 1199 2139 ipsis
1228 2083 1344 2124 nulla
1374 2100 1466 2141 spes

56 2141 188 2182 veniae
209 2148 311 2190 erat,
335 2148 383 2182 ut
403 2141 612 2181 communi
633 2141 754 2181 ruina
774 2140 921 2196 patriae
941 2140 1290 2196 obprimerentur,
1311 2140 1466 2182 clause-

55 2206 155 2239 runt
171 2205 327 2254 portaS,
343 2197 673 2246 multitudinem,
690 2204 739 2238 ut
760 2204 934 2237 mortem
952 2197 1142 2238 servituti
1159 2206 1464 2252 praeponerent,

56 2254 281 2296 hortantes.
305 2253 439 2294 Nemo
455 2253 653 2294 adversus
668 2260 948 2309 praepotentes
964 2252 1072 2293 viros
1092 2253 1249 2294 hiscere
1269 2254 1463 2295 audebat.

58 2311 251 2352 Tandem
273 2310 520 2352 Theodotus
541 2310 729 2366 quidam,
743 2309 892 2351 nobilis
908 2318 949 2351 et
964 2310 1051 2366 ipse
1067 2309 1316 2360 adolescens,
1331 2326 1464 2365 quum

57 2369 190 2424 major
209 2382 235 2408 a
255 2367 455 2408 Romanis
474 2375 611 2408 metus
632 2366 821 2408 timorem
842 2382 867 2407 a
886 2366 1145 2423 principibus
1172 2366 1257 2406 suis
1285 2367 1463 2416 vicisset,

58 2425 156 2474 Qecoe
176 2439 242 2466 vos
261 2424 406 2473 rabies,
420 2424 573 2480 inquit,
589 2425 737 2479 agitat,
753 2424 825 2478 qui
844 2425 1009 2464 duorum
1025 2424 1221 2463 bominum
1240 2437 1355 2464 noxae
1370 2422 1466 2465 1Βεί-

103 2613 142 2643 17
168 2613 296 2655 Olcinio]
320 2615 402 2645 Haec
424 2620 470 2645 est
491 2624 563 2645 vera
581 2613 673 2656 hujus
688 2624 742 2645 no·
845 2615 883 2645 18
929 2615 1063 2645 Civitatis
1114 2616 1297 2645 accessionem
1343 2612 1467 2657 facitis]

59 2654 150 2685 minis
178 2656 337 2698 scriptura,
359 2667 453 2698 quam
487 2657 611 2688 exhibet
645 2657 744 2699 prima
787 2657 893 2698 Longe
928 2658 1099 2700 elegantius
1134 2664 1190 2692 est,
1217 2656 1299 2697 quod
1335 2659 1468 2695 suggerit

60 2697 165 2733 editio,
201 2704 232 2728 et
265 2700 389 2731 retinuit
427 2710 550 2741 quoque
591 2700 743 2741 Sigonius.
788 2699 973 2736 Gronovius,
1000 2703 1165 2731 civitatem.-
1201 2709 1257 2730 nec
1290 2697 1468 2743 dubitamus.

59 2740 125 2771 Alii
138 2739 212 2771 editi
228 2741 348 2773 Olzinio.
392 2742 454 2773 Sed
469 2743 516 2773 bis
534 2741 615 2772 infra
635 2742 743 2773 incolae
787 2741 829 2772 sic
853 2742 972 2773 dedisse
996 2744 1127 2774 Livium.
1172 2743 1285 2772 Sensus
1314 2745 1379 2768 est:
1415 2748 1469 2779 qui

59 2782 126 2823 ejus
154 2782 258 2824 oppidi
291 2785 487 2816 nominantur
511 2785 681 2815 Olciniatae:
713 2791 743 2816 et
788 2784 877 2815 vultis
903 2785 1059 2817 civitatem
1093 2785 1179 2824 sequi
1212 2783 1365 2813 fortunam
1392 2779 1468 2811 duo-

58 2825 166 2857 eodem
189 2825 280 2855 modo
302 2837 321 2857 a
343 2828 511 2858 Ptolemaeo
524 2828 622 2869 ipsam
637 2827 742 2858 urbem
786 2838 853 2858 rum
867 2828 1026 2859 noxiorum
1041 2828 1185 2868 capitum.

62 2868 212 2900 nominari
225 2868 365 2899 observat
380 2870 541 2905 Cellarius,
557 2869 706 2901 'omium

864 2917 938 2952 02
