1805 3174
551 102 1028 154 1’RAEFA'1‘10.'
1428 113 1495 160 lix

55 251 266 307 peccata
289 249 441 300 erant,
468 243 516 290 in
544 244 830 291 memoriam
867 250 1174 296 revocantes,
1247 248 1498 298 Consulem

54 332 166 369 ante
191 323 491 385 immspz'cato
503 323 710 384 factum,
730 323 1064 370 ‘revocantibus
1081 340 1142 371 ea:
1159 325 1265 388 ipsa
1287 328 1499 374 aee'edt'e's

54 407 195 462 atque
211 400 481 447 hominibus
494 402 837 463 nonparnz'sse.
901 401 1098 464 Nempe
1119 403 1181 450 ad
1201 402 1497 452 Flaminium

54 477 213 537 primo
236 477 508 533 consulem,
530 494 680 540 quum
696 478 902 539 Jamjam
925 481 1164 528 adversus
1184 480 1359 529 Gallos
1379 499 1498 545 pug-

53 560 258 600 naturus
283 563 430 610 esset,
457 554 627 601 litterae
653 555 716 601 ab
742 562 916 602 senatu
942 565 1192 615 venerant,
1218 558 1398 622 quibus
1424 560 1497 607 di-

54 630 237 679 micare
265 632 532 688 vetabatur,
560 639 821 695 propterea
849 635 981 696 quod
1009 635 1112 697 ipse
1137 644 1187 682 ct
1211 636 1403 699 collega
1430 638 1498 684 vi-

54 707 121 754 tio
147 709 299 756 creati
324 710 556 758 consules
582 719 764 758 essent.
838 712 972 765 Quid
1001 712 1090 762 sibi
1113 714 1215 761 vult
1231 714 1377 776 igitur
1396 715 1501 762 haec

56 784 238 834 Clerici
261 788 470 835 notula?
510 788 597 836 Ex·
621 791 729 853 ipsa
751 791 883 838 acie:
918 790 1027 852 lego
1052 809 1174 839 aree.

122 861 316 912 Rursus
341 864 425 912 lib.
453 865 706 913 XXXIV.
735 883 778 914 c.
808 871 852 915 2.
879 867 993 915 loco
1020 868 1190 915 itidem
1230 887 1352 917 sano
1385 871 1505 918 inte-

53 955 254 1003 groque,
296 959 397 990 non
436 943 703 1000 intellecta,
745 952 828 992 aut
868 954 998 993 certe
1047 945 1206 994 minus
1245 948 1505 1010 diligenter

54 1018 400 1067 animadversa
426 1020 726 1084 proprietate
752 1021 916 1069 Latini
953 1023 1212 1083 sermonis,
1236 1024 1502 1071 infaustam

55 1096 262 1145 adhibet
287 1099 615 1155 medicinam3
654 1115 744 1145 nec
771 1106 914 1146 sanat
935 1099 1127 1155 vulnus,
1152 1101 1286 1162 quod
1311 1101 1503 1148 nullum

53 1180 143 1230 est,
170 1175 257 1220 sed
296 1174 455 1223 infert.
523 1175 664 1221 Trux
703 1182 872 1222 orator
909 1174 1037 1222 Cato
1078 1192 1166 1238 pro
1194 1177 1303 1239 lege
1337 1179 1506 1241 Oppia

54 1252 293 1299 adversus
319 1252 550 1300 mulieres
576 1252 840 1308 dissere11S‚
869 1253 1019 1313 Date,
1037 1253 1209 1316 inquit,
1218 1255 1396 1316 frenos
1420 1257 1505 1302 im-

46 1331 242 1392 potenti
260 1339 464 1388 naturce,
490 1339 535 1378 et
561 1332 797 1378 indomito
816 1331 1022 1377 animali
1036 1350 1051 1378 .·
1087 1339 1134 1378 et
1158 1341 1347 1395 sperate
1371 1335 1505 1396 ipsas

52 1409 242 1454 modum
255 1409 1143 1472 Zieevzticejmturas,nisivosfizez'acz's.
1183 1409 1505 1458 Haecironice

56 1483 350 1548 accipienda
385 1493 514 1533 sunt.
587 1484 784 1533 Eodem
821 1485 969 1548 plane
1004 1487 1160 1534 modo
1199 1486 1324 1534 dixit
1357 1488 1502 1545 Cato,

55 1563 181 1618 date,
209 1562 259 1610 id
287 1570 376 1619 est,
400 1563 580 1619 laxate,
581 1564 760 1625 frenos
784 1565 1039 1628 impotenti
1063 1573 1265 1622 naturoe,
1283 1574 1329 1613 ec
1347 1583 1505 1629 spera-

56 1647 132 1699 te‚·
167 1658 268 1705 quo
294 1641 459 1688 dicere
478 1641 738 1705 potuisset,
759 1645 804 1689 si
828 1643 1115 1690 laxaveritis
1122 1643 1314 1704 frenos,
1331 1660 1387 1690 ne
1403 1660 1504 1706 spe-

55 1719 188 1766 retis.
228 1718 378 1766 Nunc
405 1718 584 1766 Clerici
608 1725 778 1766 notam
802 1718 1139 1782 inspiciamus,
1165 1737 1272 1783 quae
1300 1721 1438 1768 cadit
1455 1720 1504 1767 in

58 1795 165 1842 haec
192 1795 355 1845 verba.
393 1796 468 1843 Et
484 1804 673 1859 sperate
696 1798 842 1861 ipsas.
881 1804 909 1822 “
939 1798 1130 1854 Sensus,
1156 1797 1330 1860 inquit,
1351 1806 1503 1846 osten-

58 1879 88 1899 “
114 1874 188 1920 dit
210 1874 469 1938 negatione
492 1875 572 1922 laic
588 1891 706 1938 opus
729 1891 839 1930 esse,
866 1875 1205 1940 legendumque
1228 1893 1321 1924 nec
1342 1893 1506 1938 spera-

58 1957 86 1977 “
113 1957 189 2009 te3
219 1957 305 1998 aut
322 1952 374 1998 in
387 1953 791 2017 sequentibuspro
816 1951 925 2007 nisi,
944 1952 1134 2000 sublata
1153 1955 1426 2018 negatione,
1446 1953 1503 2009 si,

57 2035 86 2054 “
112 2029 241 2091 quod
251 2029 428 2075 dudum
446 2030 766 2078 monuimus.''
836 2028 1044 2076 Scilicet
1062 2028 1145 2076 vix
1166 2029 1380 2078 dubitari
1401 2039 1507 2093 pot-

55 2111 144 2160 est,
169 2104 289 2167 quin
313 2114 362 2152 τὰ
385 2106 496 2152 date
501 2104 680 2169 frenos
714 2122 774 2152 ex
801 2123 892 2152 usu
917 2104 1127 2152 Gallicae
1163 2105 1342 2168 linguae
1368 2107 1506 2154 intel-

55 2180 244 2241 lexerit,
260 2183 443 2230 donnez
468 2183 695 2244 anfi-ein,
715 2182 847 2244 quod
878 2181 1055 2229 Latine
1075 2182 1320 2231 diceretur
1326 2185 1504 2247 frenos

56 2260 263 2323 injicite.
317 2258 487 2322 Atque
506 2259 602 2307 hoc
619 2258 825 2322 quidem
847 2258 998 2305 semel
1015 2259 1252 2317 admisso,
1275 2277 1402 2323 opus
1422 2263 1500 2310 hic

54 2343 186 2384 esset
204 2336 438 2383 alterutra
454 2351 622 2383 earum
637 2353 746 2399 quae
767 2336 828 2382 ab
848 2334 957 2398 ipso
979 2337 1252 2384 afferuntur
1269 2341 1504 2388 emcnda-

57 2413 263 2461 tionum.
336 2413 434 2461 Sed
462 2413 636 2460 mirum
663 2430 781 2461 sane
805 2420 896 2473 est,
921 2413 1080 2461 virum
1107 2415 1377 2479 multijugae
1403 2435 1504 2466 eru-

57 2491 274 2547 ditionis,
300 2491 385 2554 qui
411 2499 511 2539 tam
549 2492 703 2538 multa
737 2491 924 2552 legerit,
950 2492 1000 2538 in
1035 2493 1158 2540 tritae
1196 2510 1254 2541 ac
1290 2495 1502 2557 vulgatae

58 2568 323 2616 locutionis
348 2569 674 2631 intelligentia
698 2569 892 2632 lapsum
919 2587 1048 2619 esse.

124 2646 298 2693 Finem
324 2646 404 2694 hic
432 2647 941 2696 animadversionibus
961 2649 1146 2696 nostris
1171 2649 1499 2712 imponamus,

57 2731 325 2788 postquam
360 2730 527 2773 tamen
554 2725 831 2787 Jocularem
858 2727 905 2774 in
931 2743 982 2773 re
1009 2726 1230 2773 omnium
1266 2725 1500 2773 facillima

58 2809 108 2849 et
131 2801 389 2850 notissima
413 2802 639 2863 ejusdem
673 2821 885 2852 errorem
910 2802 1275 2851 exhibuerimus
1309 2801 1497 2850 lectori.
