1831 3194
434 93 555 132 LIB.
587 94 717 131 XLII.
763 95 841 131 CA
858 96 897 131 Ι),
927 95 1118 132 XXXIV.

1434 98 1481 137 63

65 200 212 251 bentes‚
234 203 466 255 inpedirent
474 226 488 250 ,-
522 210 593 243 aut
613 202 875 255 prohiberent
894 205 1102 253 consulem,
1124 219 1235 259 quem
1256 207 1397 260 cuique
1416 222 1480 247 or·
1498 220 1584 252 U.C.
1600 222 1674 253 581.

65 259 197 300 dinem
218 262 435 315 adsignari
454 276 476 300 e
495 260 700 313 republica
721 267 831 308 esset,
855 276 939 301 eum
960 262 1192 316 adsignare.
1253 264 1300 304 Si
1319 265 1418 317 quid
1439 266 1480 304 in
1495 264 1582 295 1³³3·
1602 265 1673 294 171.

64 331 112 356 ea
133 331 177 356 re
197 318 356 357 dubium
377 324 487 366 esset,
510 319 567 357 ad
583 324 762 357 senatum
784 318 1010 372 rejicerent.

125 374 351 415 XXXIV.
385 376 615 429 Postquam
645 374 803 423 consul,
825 391 921 430 quae
942 376 1146 426 voluerat,
1168 377 1290 427 dixit,
1318 379 1386 433 Sp.
1412 378 1483 418 Li-

64 431 258 484 gustinus
279 446 330 471 ex
351 446 400 471 eo
424 446 611 481 numero,
633 431 707 486 qui
728 431 918 473 tribunos
948 433 1081 488 plebis
1111 433 1436 489 adpellavcrant‚
1459 451 1483 475 a

65 488 232 528 consule
253 495 294 528 et
315 487 367 528 ab
384 488 563 529 tribunis
582 487 719 551 petiit,
738 496 785 529 ut
807 488 884 529 sibi
905 489 1048 544 paucis
1064 491 1117 531 ad
1139 490 1343 546 populum
1360 507 1481 547 agere

66 543 216 585 liceret.
250 544 459 586 Permissu
481 559 667 585 omnium
688 544 748 585 ita
770 544 933 586 locutus
955 546 1101 587 fertur.
1150 547 1217 600 Sp.
1241 549 1481 602 Ligustinus
1493 556 1545 604 Sp.
1561 556 1694 597 Ligusti-

61 601 190 641 tribus
213 602 482 643 Crustuminae
502 617 551 642 ω’
570 602 734 643 Sabinis
759 616 840 642 sum
861 604 1069 652 oriundus,
1096 604 1291 652 Quirites.
1350 607 1483 646 Pater
1494 609 1524 629 ¹¹¹
1540 600 1637 631 oratio
1655 601 1694 630 ad

61 658 163 698 mihi
177 657 368 712 jugerum
390 660 486 713 agri
505 660 673 712 reliquit
700 665 738 698 et
763 673 935 711 parvum
961 662 1178 713 tugurium,
1201 663 1244 701 in
1266 677 1342 715 quo
1363 669 1482 704 natus
1494 642 1653 684 populum.

62 716 326 769 educatusque
339 730 420 757 sum
437 735 449 756 :
470 717 666 770 hodieque
681 716 741 756 ibi
755 717 908 757 habito.
941 716 972 740 ¹²
988 716 1116 766 Quum
1127 721 1303 771 primum
1322 721 1364 759 in
1380 727 1480 760 oeta-

61 777 137 812 tem
158 774 263 822 veni,
279 781 404 826 pater
422 774 524 814 mihi
542 788 703 813 uxorem
710 774 874 826 fratris
893 776 958 815 sui
975 776 1112 827 filiam
1134 778 1245 816 dedit
1260 795 1272 816 :
1305 791 1394 830 qua’
1421 792 1481 818 se-

61 843 145 869 cum
166 831 273 870 nihil
293 832 456 879 adtulit,
472 837 629 884 praeter
648 831 873 871 libertatem
896 833 1234 887 pudicitiamque,
1257 841 1295 874 et
1315 849 1397 874 cum
1418 836 1482 876 his

45 887 373 940 soeeunditatem,
398 895 551 942 quanta
582 889 644 929 vel
674 889 718 928 in
749 889 830 928 diti
862 889 976 928 domo
1004 890 1106 930 satis
1125 897 1235 931 esset.
1295 892 1374 932 Sex
1385 893 1482 947 filii

59 944 185 993 nobis,
205 946 411 997 dua’filioe
426 952 517 986 sunt
531 964 544 985 .·
567 952 746 999 uti-(eque
751 945 845 997 jam
867 953 1016 999 nuptce.
1049 948 1156 987 Filii
1176 955 1350 1001 quatuor
1365 955 1482 1003 togas

60 1002 200 1042 viriles
233 1002 393 1050 habent,
426 1004 503 1042 duo
531 1004 774 1055 praetextati
801 1010 906 1042 sunt.
968 1003 1096 1043 Miles
1131 1019 1213 1044 sum
1232 1006 1392 1058 factus,
1425 1008 1479 1046 P.

62 1058 258 1111 Sulpicio,
284 1061 331 1101 C.
355 1060 524 1100 Aurelio
544 1059 783 1100 consulibus.
827 1060 880 1099 In
901 1074 946 1099 eo
967 1062 1157 1109 exercitu,
1181 1063 1252 1114 qui
1272 1064 1315 1101 iu
1340 1063 1480 1103 Mace-

59 1117 224 1156 doniam
246 1123 303 1156 est
322 1123 636 1170 transportatus,
658 1116 862 1156 biennium
884 1118 996 1157 miles
1016 1120 1234 1171 gregarius
1237 1118 1318 1172 fiii
1337 1121 1481 1160 adver—

57 1187 124 1214 sus
153 1174 394 1227 Philippum
424 1189 582 1228 regem.-
612 1175 734 1214 tertio
765 1187 875 1214 anno
904 1175 1069 1215 virtutis
1097 1189 1238 1216 caussa
1259 1174 1292 1198 ¹⁵
1303 1177 1405 1217 mihi
1430 1177 1480 1217 T.

62 1229 278 1280 Quinctius
299 1232 559 1272 Flamininus
579 1232 777 1271 decumum
807 1232 987 1271 ordinem
1008 1232 1210 1273 hastatum
1231 1234 1479 1287 adsignavit.

57 1288 232 1329 Devieto
252 1289 453 1341 Philippo
475 1288 857 1342 Macedonibusque,
882 1303 998 1342 quum
1020 1290 1065 1329 in
1085 1290 1256 1330 Italiam
1279 1289 1482 1343 “portati

58 1360 108 1386 ac
128 1346 284 1386 dimissi
307 1360 483 1394 essemus,
505 1347 695 1386 continuo
725 1347 837 1386 miles
863 1347 1114 1387 voluntarius
1133 1361 1218 1387 eum
1242 1348 1305 1388 M.
1330 1349 1480 1389 Porcio

57 1404 216 1444 consule
245 1404 288 1443 in
309 1403 565 1456 Hispaniam
594 1417 676 1444 sum
695 1403 914 1457 profectus.
977 1403 1184 1444 Neminem
1206 1406 1378 1445 omnium
1407 1407 1480 1445 im-

51 1466 304 1513 peratorum,
319 1462 390 1513 qui
410 1461 565 1509 vivant,
579 1462 774 1500 acriorem
790 1461 952 1500 virtutis
967 1467 1227 1512 spectatorem
1248 1476 1297 1501 ac
1298 1461 1478 1515 judicem

40 1518 182 1570 sitisse
201 1519 344 1565 sciunt,
368 1519 439 1570 qui
468 1524 506 1557 et
527 1518 638 1557 illum
660 1524 697 1556 et
718 1518 820 1557 alios
841 1518 956 1557 duces
985 1519 1108 1570 longa
1140 1518 1291 1558 militia
1322 1521 1482 1572 experti

57 1581 164 1616 sunt.
192 1575 257 1614 hie
277 1589 336 1614 me
357 1576 579 1627 imperator
599 1573 994 1627 dignumjudicavit,
1017 1576 1082 1614 cui
1102 1574 1134 1597 ¹⁵
1142 1576 1318 1627 primum
1340 1577 1480 1616 hasta-

58 1638 140 1672 tum
164 1633 324 1684 prioris
350 1632 543 1671 centurice
561 1632 812 1685 adsignaret.
880 1631 1021 1671 Tertio
1051 1633 1193 1672 iterum
1226 1634 1481 1674 voluntarius

57 1690 172 1730 miles
189 1689 336 1743 factus
364 1703 446 1729 sum
480 1689 523 1728 in
558 1702 643 1728 eum
674 1690 904 1737 exercitum,
936 1690 1008 1742 qui
1036 1690 1227 1729 adversus
1246 1690 1412 1730 AEtolos
1441 1697 1481 1730 et

59 1746 300 1787 Antiochum
330 1760 461 1799 regem
491 1751 548 1786 est
577 1746 728 1786 missus.
761 1745 834 1784 ¹⁶a
866 1746 924 1785 M
928 1745 949 1785 ’.
980 1746 1118 1786 Acilio
1148 1745 1181 1772 17
1193 1748 1295 1786 mihi
1321 1749 1481 1799 primus

50 1805 245 1856 princeps
269 1804 428 1856 prioris
457 1804 650 1843 centuriae
669 1809 727 1843 est
753 1803 1006 1856 adsignatus.
1065 1804 1250 1856 Expulso
1278 1819 1373 1858 rege
1394 1806 1480 1844 An—

57 1862 203 1911 tiocho,
225 1861 398 1902 subactis
415 1860 584 1908 AEtolis,
606 1861 810 1913 reportati
827 1874 957 1900 sumus
973 1861 1017 1900 in
1038 1861 1208 1901 Italiam
1221 1879 1233 1900 .·
1265 1860 1298 1885 ¹⁸
1311 1868 1350 1902 et
1365 1863 1479 1902 dein-

834 1997 873 2026 16
897 1997 932 2026 A.
952 1996 1011 2027 Μ’.
1026 1996 1134 2037 Acilio]
1160 1995 1210 2027 Sic
1226 2001 1308 2026 recte
1325 1995 1480 2037 Sigonius,

789 2038 873 2069 Ante
890 2051 907 2068 α
925 2039 971 2069 Μ.
990 2039 1088 2070 Coelio.

104 1996 143 2026 12
169 1995 268 2030 Quum
298 1998 426 2035 primum
454 1998 487 2026 'in
517 2002 629 2026 atatem
663 1996 742 2037 veni]

59 2038 112 2069 De
131 2049 168 2069 eo
190 2039 302 2069 dicitur
325 2039 377 2080 qui
402 2039 538 2069 adolevit
558 2039 745 2080 juvenisque

56 2087 123 2111 est:
148 2081 231 2122 quod
247 2081 457 2113 adolescentia
472 2087 503 2112 et
516 2083 666 2123 pubertas
684 2084 745 2121 pri-

57 2135 106 2154 ma
134 2131 205 2155 aetas
233 2124 374 2155 videatur
402 2133 480 2160 esse,
504 2125 631 2166 perinde
656 2125 745 2166 quasi

56 2166 91 2197 in
118 2167 263 2198 aetatibus
287 2166 419 2208 pueritia
441 2177 502 2197 non
525 2167 565 2198 sit
590 2167 747 2198 habenda.

57 2209 144 2240 Hinc
167 2212 202 2240 ab
224 2212 343 2240 ineunte
371 2215 453 2240 oetate
475 2215 522 2240 est
548 2220 567 2241 a
594 2210 747 2252 principio

59 2252 287 2284 adolescentiae.
310 2253 508 2284 TURNEBUS.

104 2296 142 2326 13
167 2296 245 2326 Mihi
266 2318 274 2326 .
292 2319 301 2327 .
317 2318 326 2326 .
342 2297 495 2325 decumwn
517 2297 646 2326 ordinem
669 2295 747 2325 Has-

58 2343 152 2368 tatum
174 2338 347 2380 assignavit]
395 2338 451 2368 Me
469 2338 562 2379 jussit
588 2349 654 2369 esse
674 2349 747 2369 cen-

56 2380 210 2411 turionem
222 2381 335 2412 decimi
351 2380 466 2412 ordinis
482 2382 696 2412 Hastatorurm

105 2423 311 2464 14³*P0rtat2'J
345 2424 427 2464 Lege
457 2426 608 2463 reportati,
637 2429 670 2455 ut
698 2423 746 2454 in-

58 2465 105 2496 fra
119 2466 152 2496 in
166 2466 226 2497 hac
241 2467 309 2508 ipsa
323 2466 470 2497 oratione.

103 2510 142 2540 15
166 2509 302 2540 Primum
339 2509 498 2539 Hastatum
537 2511 643 2548 prioris
677 2520 744 2540 cen-

59 2551 159 2591 turiae]
212 2552 426 2588 Hastatorum‚
470 2551 663 2594 Piincipum‚
713 2558 745 2582 et

57 2591 243 2625 Triariorum
269 2605 396 2636 corpora
423 2594 457 2624 in
485 2594 594 2625 decem
622 2595 745 2636 singula

59 2635 233 2677 manipulos
255 2637 418 2668 distributa
443 2642 548 2668 erant:
577 2638 744 2679 unusquis-

57 2688 121 2750 ἓυε
150 2679 324 2721 manipulus
357 2680 390 2710 in
422 2679 499 2710 duos
531 2680 664 2717 ordines,
694 2680 744 2711 vel

81 2731 137 2751 uas
163 2723 328 2754 centurias.
371 2721 461 2754 Dicit
486 2722 580 2763 igitur
608 2722 744 2764 Ligusti-

57 2773 116 2794 nus
131 2774 163 2793 se
178 2764 294 2795 sactum
317 2776 384 2796 esse
402 2765 614 2796 centurionem
636 2766 745 2808 prioris

57 2806 205 2879 cerlituriae
235 2806 268 2838 in
294 2807 392 2849 primo
416 2808 619 2840 Hastatorum
644 2808 744 2840 mani-

56 2859 99 2890 pu
113 2859 140 2879 ο.

835 2082 872 2112 17
898 2082 976 2111 Mihi
993 2084 1106 2121 primus
1127 2083 1267 2121 Princeps
1287 2083 1393 2122 prioris
1413 2093 1479 2112 cen-

790 2126 880 2154 turia·
901 2131 941 2154 est
968 2125 1146 2166 assignatus]
1177 2125 1292 2155 Factus
1314 2135 1382 2154 sum
1405 2135 1479 2154 cen-

790 2167 870 2197 turio
897 2167 1005 2208 prioris
1031 2168 1177 2198 eenturiae
1201 2167 1233 2197 in
1256 2166 1354 2208 primo
1380 2167 1479 2197 mani-

790 2210 864 2251 pulo
880 2209 1074 2251 Principum.
1119 2211 1171 2241 De
1185 2210 1234 2240 his
1249 2209 1396 2250 gradibus
1413 2210 1480 2240 Ro-

791 2263 891 2283 rnanae
914 2252 1032 2282 militiae
1059 2252 1130 2283 vide
1157 2253 1253 2283 fusius
1278 2252 1481 2282 disserentem

792 2295 932 2337 Lipsium
947 2295 969 2326 l.
987 2296 1035 2325 ΙΙ.
1051 2295 1089 2325 de
1105 2295 1176 2325 Mil.
1194 2295 1288 2326 Rom.
1305 2294 1393 2325 Dial.
1409 2296 1440 2325 8.

836 2339 873 2368 18
898 2338 937 2368 Et
952 2340 1084 2377 deinceps
1099 2339 1149 2373 bis,
1166 2349 1232 2378 quse
1253 2337 1370 2378 annua]
1396 2337 1479 2367 Nul-

790 2380 838 2411 lus
860 2380 949 2412 uobis
975 2391 1083 2411 sensus
1102 2380 1224 2411 videtur
1247 2391 1284 2411 ex
1308 2380 1356 2410 his
1377 2380 1480 2413 verbis

789 2423 855 2454 erui
878 2434 980 2465 posse,
1003 2423 1041 2454 de
1065 2423 1178 2464 quibus
1199 2429 1304 2454 tamen
1330 2423 1481 2464 interpre-

790 2471 837 2497 tes
869 2466 1009 2508 plerique
1039 2466 1202 2497 siluerunt.
1255 2466 1355 2501 Solus,
1385 2476 1479 2506 quem

789 2509 967 2545 viderimus,
1005 2509 1155 2550 Dujatius
1192 2508 1479 2550 interpretationem

789 2551 898 2583 afferre
913 2557 1043 2582 conatus
1065 2557 1122 2587 est,
1138 2551 1192 2582 sed
1215 2562 1324 2593 parum
1342 2551 1478 2582 felicem.

789 2594 956 2625 Existimat
981 2595 1064 2625 enim
1088 2594 1285 2635 Ligustinum
1307 2593 1422 2629 dicere,
1446 2603 1478 2622 se

787 2647 842 2678 pro
863 2636 1000 2668 sedecim
1022 2637 1112 2668 annis
1139 2637 1271 2673 militiae,
1296 2647 1372 2677 quos
1394 2637 1479 2674 leges

788 2680 905 2720 expleri
928 2680 1085 2721 juberent,
1110 2679 1187 2710 duos
1211 2690 1251 2710 ae
1273 2679 1400 2719 triginta
1420 2678 1480 2707 im—

787 2722 933 2764 plevisse.
977 2723 1021 2753 At
1045 2722 1145 2764 primo
1169 2732 1231 2752 non
1252 2720 1399 2755 sedecim,
1423 2719 1478 2750 sed

788 2764 897 2806 viginti
928 2776 1032 2796 annua
1059 2765 1214 2806 stipendia
1240 2773 1356 2793 merere
1382 2762 1477 2792 debe-

788 2808 865 2838 bant
887 2807 1023 2839 Romani
1046 2807 1185 2848 pedites:
1210 2816 1273 2847 qua
1295 2804 1334 2835 de
1356 2815 1388 2835 re
1411 2805 1477 2836 vid.

790 2850 874 2894 Lips.
890 2851 913 2882 1.
930 2851 958 2882 Ι.
973 2851 1011 2881 de
1035 2849 1109 2881 Mil.
1132 2849 1228 2879 Rom.
1252 2847 1338 2878 Dial.
1362 2848 1395 2879 2.
1411 2847 1478 2878 De-
