1816 3159
291 146 365 179 310

290 249 427 281 Comitia
452 248 584 283 tributa,
608 251 658 277 56.
683 248 719 276 iis
743 252 779 276 ut
803 251 982 277 crearentur

330 293 530 332 magistratus
554 291 677 330 plebeii,
698 291 745 319 lex
770 301 882 326 magna
903 299 977 320 con⁴

329 336 472 366 tentione
499 334 628 374 perlata,
653 334 728 363 ibid.
755 339 784 363 st
808 339 858 366 57.
885 345 920 364 ex
944 336 981 364 iis

330 382 436 410 Patres
453 378 602 412 submoti,
614 381 666 407 60.
681 378 719 406 iis
737 387 804 415 qnae
817 378 981 417 plebsjus-

330 423 592 462 serat‚‚popnlum
614 424 738 456 tenent,
754 425 785 455 3,
804 426 857 451 55.
880 426 911 458 8,
934 427 983 453 12.

332 467 369 496 iis
385 466 506 495 senatui
526 468 663 502 potestas
687 464 769 492 facta
789 474 894 503 pacem
912 476 982 496 cum

332 508 644 544 Carthaginiensibus
672 506 820 542 faciendi,
847 512 903 546 30,
929 513 982 540 43.

331 562 390 592 pax
403 552 491 589 jussa
511 561 581 580 cum
599 550 756 589 Philippo,
771 556 826 585 33,
846 556 895 581 25.

290 596 427 626 Comitia
464 595 605 624 aedilibus
643 600 674 623 et
711 595 846 624 tribunis
884 596 981 635 plebis

330 638 484 674 creandis,
498 636 565 667 sola
581 646 634 677 per
656 637 905 677 quinquennium
926 640 981 670 ha-

329 682 408 718 bita,
421 684 453 718 6,
469 685 521 711 35.

309 741 352 749 —-—
367 725 548 755 censoribus
566 723 718 758 creandis,
737 729 769 761 7,
789 729 839 753 21.

307 785 351 793 -
368 768 561 804 consulibus,
581 772 608 802 1,
625 770 677 797 60.
692 772 722 796 ee
730 770 853 805 passion.

308 830 351 837 —
365 811 487 841 curioni
503 811 638 841 maximo
654 811 799 844 creando,
817 815 870 846 27,
889 815 918 842 7.

308 871 352 879 -
367 855 549 884 decemviris
564 854 718 890 creandis,
736 859 769 890 3,
784 858 838 884 83.

308 915 351 922 —
366 899 508 938 pontifici
525 897 660 928 maximo
674 898 819 934 creando,
835 902 888 934 25,
907 901 934 926 5.

307 959 351 965 —
366 942 524 981 praetoria,
548 945 595 978 10,
611 945 663 970 22.

307 1003 351 1011 —
366 987 545 1023 quaestoria,
560 988 593 1021 4,
609 987 660 1013 54.

307 1047 351 1054 —
365 1028 500 1058 tribunis
517 1028 617 1067 plebei
633 1026 787 1063 creandis,
807 1033 837 1059 2,
855 1032 906 1057 33.

308 1088 352 1095 —
367 1072 504 1102 tribunis
520 1072 655 1101 militum
674 1072 829 1100 consulari
848 1075 985 1110 potesta·

331 1120 373 1150 te,
390 1119 421 1150 4,
431 1117 465 1145 6.

309 1158 501 1187 —tribunis
518 1157 652 1187 militnm
670 1157 707 1186 ad
723 1157 874 1195 legiones,
892 1162 923 1192 7,
942 1162 970 1186 5.

290 1202 428 1231 Comitia
443 1201 556 1230 vitium
575 1201 612 1229 de
628 1200 707 1229 coelo
724 1201 843 1236 turbat,
861 1205 914 1236 40,
930 1204 982 1229 42.

290 1245 476 1281 Comitium,
501 1247 532 1280 6,
564 1247 611 1273 15.
635 1247 690 1280 34,
714 1247 766 1272 45.
812 1244 982 1273 Comitium

331 1292 463 1324 tectum,
480 1291 534 1322 27,
552 1289 605 1316 36.

289 1331 556 1361 Commentarium
573 1329 724 1359 Eumenis
735 1329 772 1358 de
784 1329 984 1369 apparatibus

331 1375 404 1403 belli
420 1383 439 1403 a
455 1376 564 1402 Perseo
580 1373 685 1408 factis,
703 1377 756 1406 42,
775 1376 803 1401 6.

290 1417 513 1447 Commentarii
529 1417 641 1446 Numae
654 1417 812 1456 Pompilii,
828 1416 902 1445 editi
915 1416 984 1454 jus-

331 1470 368 1489 su
385 1461 466 1490 Auci
482 1460 606 1496 Marcii,
625 1463 655 1495 l,
673 1462 726 1489 32.

308 1520 352 1527 —
366 1504 566 1542 pontificum,
584 1507 616 1536 4,
633 1508 662 1532 3.
682 1505 713 1538 6,
731 1507 756 1531 1.

308 1565 351 1572 —
367 1547 465 1576 Servii
480 1547 588 1582 Tullii,
609 1550 636 1580 l,
653 1549 706 1575 60.

289 1591 460 1629 Compedes
486 1591 625 1622 Graeciae,
639 1588 827 1622 Demetrias,
846 1588 983 1625 Chalcis,

333 1634 517 1667 Corinthus,
532 1638 588 1668 32,
603 1636 657 1663 37.

291 1677 471 1716 Complega‚
487 1677 636 1715 oppidum
657 1674 830 1713 Hispaniae,
845 1678 901 1710 41,
919 1680 950 1704 3.

290 1721 437 1758 Compsa,
451 1721 540 1756 urbs,
556 1719 672 1748 tradita
688 1719 798 1752 Poeno,
819 1722 873 1754 23,
893 1722 918 1746 1.
937 1728 984 1747 rc-

331 1768 420 1802 cepta
432 1773 450 1793 a
464 1762 628 1798 Romanis,
644 1765 698 1795 24,
717 1765 768 1789 20.

290 1807 485 1845 Compsanus
507 1815 592 1845 ager,
607 1805 641 1834 iu
665 1814 727 1843 quo
748 1804 837 1834 «Iovis
854 1804 982 1833 Vicilini

331 1851 496 1888 templum,
513 1854 566 1882 24,
584 1853 638 1879 44.

289 1893 436 1929 Comum,
452 1893 615 1932 oppidum,
634 1892 755 1931 capitur
778 1900 796 1920 a
818 1891 982 1927 Romanis,

330 1941 386 1972 33,
403 1938 457 1965 36.

289 1979 518 2014 conciliabula,
535 1982 589 2012 25,
606 1981 634 2006 5.
652 1981 707 2013 39,
728 1980 777 2006 14.

289 2022 505 2051 Conciliabula
520 2025 551 2050 et
568 2020 730 2051 nundinae.
750 2025 782 2055 7,
805 2022 852 2048 15.

287 2065 463 2094 Concilium
480 2065 693 2099 Acarnanum,
711 2067 766 2100 33,
786 2063 834 2091 16.

306 2126 350 2132 -
365 2108 565 2141 Achaeorum,
584 2111 638 2142 28,
655 2111 684 2137 7.
700 2111 756 2142 32,
775 2110 826 2135 20.

307 2167 351 2173 —
366 2152 556 2187 AEtolorum,
574 2154 631 2186 31,
650 2153 702 2180 29.
718 2154 773 2187 33,
789 2153 820 2179 8.
837 2149 980 2177 Pauaeto-

328 2195 438 2229 licum,
455 2198 510 2230 31,
525 2197 577 2223 32.
595 2197 650 2228 35,
666 2196 719 2222 32.

307 2255 351 2261 —
366 2238 535 2271 Arcadum,
552 2240 607 2271 32,
626 2241 655 2265 5.

306 2298 349 2304 —
364 2280 564 2315 Boeotorum‚
580 2283 634 2312 33,
651 2282 681 2306 2.

306 2340 348 2346 —-
363 2324 582 2359 Etruscorum,
602 2326 633 2358 5,
654 2325 701 2353 17·

306 2380 349 2386 —-
365 2367 547 2395 Latinorum
564 2365 765 2404 populorum,
783 2368 813 2397 7,
831 2367 883 2391 25.
903 2367 932 2394 8,
950 2366 980 2390 3.

304 2424 348 2431 ·—
363 2409 563 2446 Magnetum,
581 2412 633 2440 35,
650 2411 702 2436 31.

305 2466 349 2472 —
364 2451 536 2489 Pylaicum,
550 2456 607 2487 31,
622 2454 676 2479 32.

305 2509 350 2516 -
364 2494 600 2530 Thessalorum,
617 2495 673 2528 36,
691 2496 720 2520 8.
737 2495 790 2525 42,
806 2493 857 2518 38.

286 2537 404 2567 Concio
419 2537 502 2576 apud
518 2537 642 2566 Graecos
659 2535 690 2563 in
708 2534 831 2562 theatro
846 2531 966 2567 habita,

327 2584 384 2616 33,
402 2584 454 2609 28.

285 2624 460 2652 Conciones
477 2621 630 2651 seditiosae
654 2619 851 2648 tribunorum
868 2617 979 2655 plebis,

326 2670 358 2700 4,
375 2671 428 2696 35.
445 2669 473 2694 et
489 2665 564 2693 alibi
576 2664 700 2700 passim.

285 2709 468 2738 Concordia:
483 2707 562 2738 oedes
578 2707 610 2734 in
627 2714 698 2734 area
715 2703 859 2735 Vulcani,
877 2707 909 2738 9,
925 2704 978 2730 46.

326 2753 387 2781 alia
402 2753 434 2781 in
451 2760 533 2786 arce,
550 2754 604 2784 22,
622 2753 676 2777 33.

305 2812 346 2818 -—-
362 2804 425 2827 nra,
443 2799 498 2830 24,
517 2798 569 2823 22.
585 2801 668 2824 area.
685 2794 740 2825 39,
756 2792 807 2817 56.
825 2792 879 2822 40,
902 2791 950 2816 19.

286 2838 463 2877 Condylon,
481 2837 641 2867 castellum
659 2830 911 2872 inexpugnabile,
926 2832 977 2860 44.

329 2883 358 2910 6.

744 137 917 174 INDEX
950 133 1007 170 IN
1039 133 1088 170 T.
1120 131 1253 168 LlVlI

1026 242 1265 280 CongentiatuS,
1281 242 1367 280 Epit.
1385 246 1436 270 61.

1026 285 1138 323 Congii
1153 285 1211 314 olei
1228 286 1259 314 in
1277 286 1361 314 vicos
1377 284 1517 322 singulos
1528 284 1606 320 dati,
1622 288 1675 320 25,
1687 288 1715 311 -Ξ,

1027 328 1205 365 Conjurati,
1223 329 1361 358 nondum
1386 329 1516 363 milites,
1534 331 1588 360 45,
1610 332 1635 357 1.
1653 326 1715 355 vicl.

1067 375 1094 399 et
1112 375 1165 406 22,
1182 375 1234 400 38.

1026 414 1212 451 Conjuratio
1228 415 1264 443 de
1281 414 1404 454 regibus
1422 414 1614 443 revocandis.
1639 416 1669 445 2,
1687 417 1717 442 3.

1068 462 1095 486 C!
1112 461 1142 485 4.

1046 500 1135 528 -in
1163 500 1390 538 Hieronymum
1420 501 1648 538 Syracusanum
1674 508 1718 527 re-

1068 552 1149 581 gem,
1167 544 1228 572 vid.
1246 544 1469 581 Hieronymus.

1028 586 1282 623 eonjurationes,
1300 590 1332 623 7,
1347 592 1398 616 38.
1416 592 1471 623 3-3,
1490 589 1541 615 36.
1559 590 1612 616 39.
1632 590 1660 613 8.

1027 630 1211 667 conjuratio
1237 631 1451 663 Acarnanum,
1478 639 1540 658 non
1566 629 1719 658 redituros

1071 682 1102 702 se
1119 683 1154 702 ex
1172 673 1263 706 bello,
1280 673 1340 702 nisi
1356 674 1500 707 victores,
1517 675 1570 707 26,
1588 677 1640 701 ζ25.

1028 716 1230 745 Connubium
1242 716 1395 745 Romulus
1409 726 1489 746 novo
1501 716 1618 755 populo
1630 715 1719 753 petit,

1073 764 1099 793 l,
1125 764 1156 790 9.
1178 760 1215 789 de
1238 761 1365 789 Patrum
1389 766 1421 789 et
1444 760 1542 799 plebis
1563 759 1721 788 connubio

1068 803 1130 838 lex,
1148 806 1366 836 4‚1.3.ct4.

1028 845 1197 875 Connubia
1212 846 1334 875 Latinis
1349 845 1473 886 populis
1488 850 1520 875 et
1535 845 1723 875 commercia

1070 890 1203 923 ademta,
1222 894 1252 922 S,
1274 894 1322 919 14.

1047 948 1090 955 -
1105 936 1192 961 extra
1207 933 1282 962 fines
1306 942 1378 962 suos
1394 932 1561 961 interdicta
1576 932 1722 960 Macedo-

1070 976 1174 1010 nibus,
1188 980 1241 1009 45,
1259 980 1310 1006 29.
1722 977 1729 984 ¹

1027 1018 1203 1057 Conscripti
1220 1021 1326 1048 Patres
1344 1019 1425 1047 unde
1441 1018 1529 1054 dicti,
1545 1022 1577 1053 2,
1597 1022 1623 1046 1.

1029 1062 1215 1098 Consentia,
1234 1062 1319 1097 urbs,
1335 1063 1458 1101 capitur
1481 1062 1520 1090 ab
1543 1061 1722 1090 Alexandro

1070 1106 1224 1144 Epirensi,
1245 1111 1276 1142 8,
1303 1110 1352 1134 24.
1376 1106 1438 1134 vid.
1461 1108 1488 1134 ct
1512 1108 1566 1140 23,
1589 1109 1640 1133 30.
1665 1109 1720 1140 29,

1069 1154 1122 1179 38.
1138 1153 1193 1184 30,
1213 1153 1259 1179 19.

1028 1192 1228 1228 Consentini,
1246 1192 1353 1230 populi
1370 1193 1402 1220 in
1426 1190 1573 1223 Bruttiis,
1591 1190 1722 1219 redeunt

1069 1235 1100 1263 in
1116 1235 1207 1264 fidem
1225 1236 1454 1270 Romanorum,
1473 1238 1526 1268 25,
1546 1238 1570 1261 1.

1027 1279 1256 1308 Consentinum
1274 1287 1382 1315 agrum
1404 1277 1634 1316 depopulantur
1657 1276 1720 1305 Ro-

1070 1321 1170 1357 mani,
1191 1325 1243 1354 28,
1264 1325 1314 1350 11.

1028 1365 1066 1397 Q.
1098 1364 1276 1399 Considius,
1308 1364 1455 1392 tribunus
1482 1362 1594 1401 plebis,
1612 1368 1721 1392 auctor

1068 1407 1144 1446 legis
1161 1408 1304 1446 agrariae,
1320 1407 1401 1436 diem
1419 1407 1541 1436 dicitT.
1559 1407 1721 1443 Menenio,

1070 1455 1102 1486 Q,
1120 1454 1171 1479 52.

1028 1494 1211 1529 Consualia,
1233 1497 1260 1527 1,
1277 1496 1308 1524 9.

1027 1538 1217 1567 Consulatus
1232 1541 1319 1565 ortus
1336 1545 1372 1565 ex
1388 1535 1480 1564 domo
1499 1536 1608 1568 sunia,
1628 1540 1660 1572 εὶ,
1677 1540 1708 1565 5.

1046 1599 1088 1605 -
1104 1580 1202 1609 initus
1218 1580 1366 1609 Kalendis
1382 1579 1562 1614 Sextilibus,
1576 1584 1609 1614 3,
1626 1582 1655 1608 6.

1046 1642 1088 1647 —
1105 1623 1212 1652 Idibus
1227 1623 1467 1658 Decembribus,
1484 1627 1516 1659 4,
1531 1627 1584 1653 37.

1046 1682 1090 1688 —
1107 1667 1214 1695 Idibus
1232 1667 1370 1702 Martiis,
1389 1670 1442 1701 22,
1463 1669 1489 1693 1.

1026 1713 1063 1742 ad
1081 1710 1286 1739 Consulatum
1311 1719 1346 1738 ex
1363 1712 1519 1747 quaestura
1539 1710 1650 1745 saltus,
1668 1715 1723 1747 32,

1070 1757 1099 1784 7.
1125 1754 1174 1782 lex
1205 1753 1242 1781 de
1269 1756 1374 1789 aetate,
1401 1753 1439 1781 ad
1468 1754 1664 1782 consulatum
1689 1758 1720 1782 et

1069 1796 1147 1825 alios
1171 1796 1373 1835 magistratus
1397 1797 1581 1832 necessaria,
1598 1801 1651 1831 40,
1668 1801 1722 1826 44.

1070 1840 1132 1875 leX,
1151 1848 1190 1868 ne
1206 1839 1275 1877 quis
1291 1839 1487 1868 consulatum
1504 1838 1639 1868 aliumve
1656 1849 1720 1868 ma-

1069 1883 1235 1921 gistratum
1252 1882 1297 1911 bis
1314 1882 1399 1911 intra
1421 1883 1525 1911 decern
1547 1892 1647 1912 annos
1670 1892 1720 1913 ca-

1070 1928 1168 1965 peret,
1185 1930 1218 1962 7,
1235 1929 1288 1954 42.
1308 1929 1358 1958 lo,
1380 1930 1426 1954 13.

1028 1969 1181 2000 Consules
1196 1969 1286 2007 primi
1303 1969 1411 1998 Romae
1428 1968 1535 2004 creati,
1558 1973 1586 2005 l,
1605 1971 1657 1999 60.

1027 2023 1045 2043 a
1061 2012 1251 2042 Consulibus
1267 2012 1305 2041 ad
1320 2013 1511 2041 decemviros
1532 2012 1720 2042 transfertur

1070 2056 1247 2094 imperium,
1259 2060 1290 2088 3,
1308 2060 1361 2085 33.

1113 2098 1237 2127 sublato
1275 2098 1497 2135 decemviratu,
1528 2099 1645 2128 reditur
1682 2101 1719 2130 ad

1071 2142 1225 2176 consules,
1241 2145 1274 2178 3,
1292 2146 1344 2171 54.
1362 2146 1392 2170 ct
1409 2146 1460 2171 55.

1112 2186 1172 2221 lex,
1185 2195 1203 2214 a
1219 2185 1372 2214 Canuleio
1385 2186 1458 2218 lata,
1473 2187 1508 2213 ut
1521 2186 1638 2224 populo
1650 2190 1720 2224 pot-

1069 2232 1149 2257 estas
1179 2231 1272 2260 esset,
1301 2228 1364 2256 sive
1390 2229 1427 2257 de
1455 2226 1556 2266 plebe,
1589 2229 1652 2257 sive
1683 2230 1720 2258 de

1069 2271 1214 2300 Patribus
1237 2271 1341 2306 vellet,
1356 2271 1500 2300 consules
1521 2271 1666 2305 faciendi,
1684 2280 1718 2308 4,

1073 2319 1097 2342 1.
1116 2315 1168 2343 sed
1192 2314 1408 2343 resistentibus
1431 2313 1490 2353 legi
1515 2315 1666 2352 patriciis,
1683 2326 1720 2345 eo

1068 2358 1244 2394 decursum,
1275 2362 1312 2386 ut
1340 2357 1459 2386 tribuni
1495 2356 1631 2386 militum
1663 2369 1719 2397 pro

1068 2401 1250 2430 consulibus
1267 2405 1458 2436 crearentur,
1475 2402 1503 2428 6.
1521 2404 1551 2428 et
1567 2405 1598 2431 7.

1110 2444 1158 2472 lex
1175 2444 1211 2472 de
1227 2443 1354 2472 consule
1371 2452 1433 2472 nno
1449 2442 1570 2481 plebeio
1586 2444 1717 2482 perlata,

1068 2489 1100 2523 6,
1116 2490 1169 2515 35.
1184 2489 1213 2514 ct
1228 2495 1304 2523 seqq.

1108 2529 1226 2567 primus
1249 2538 1266 2557 e
1283 2528 1373 2567 plebe
1395 2528 1504 2557 consul
1527 2529 1563 2558 L.
1582 2529 1719 2568 Sextius,

1067 2574 1099 2606 6,
1119 2576 1169 2600 42.
1188 2576 1218 2605 7,
1240 2575 1266 2600 1.

1024 2615 1191 2643 Consulem
1207 2614 1338 2642 alterum
1362 2623 1398 2642 ex
1423 2613 1515 2644 Latio
1538 2616 1646 2651 creari,
1664 2626 1715 2654 pe-

1066 2660 1140 2685 tunt
1158 2657 1272 2689 Latini,
1291 2662 1322 2687 8.
1336 2660 1365 2685 4.
1379 2661 1409 2685 ct
1431 2661 1458 2685 5.
1476 2658 1540 2687 vicl.
1557 2663 1583 2687 ec
1601 2663 1655 2694 23,
1669 2662 1699 2688 6.

1025 2700 1177 2728 Consules
1189 2700 1280 2729 ambo
1294 2700 1330 2728 de
1346 2700 1447 2738 plebe,
1463 2705 1515 2735 23,
1532 2706 1584 2730 31.
1601 2703 1664 2731 vid.
1687 2706 1715 2731 et

1066 2747 1120 2778 42,
1135 2747 1164 2772 9.

1024 2785 1174 2814 Consules
1191 2785 1338 2814 ordinarii
1355 2789 1384 2814 et
1402 2786 1532 2820 suffecti,
1549 2790 1603 2822 41,
1620 2790 1670 2814 22.

1109 2829 1199 2866 primi
1215 2829 1357 2857 consules
1370 2830 1476 2858 omnia
1488 2830 1561 2866 jura
1576 2834 1607 2858 et
1620 2830 1714 2865 insig=

1066 2871 1116 2900 nia
1144 2871 1401 2909 egiaepotcstatis
1419 2872 1564 2907 habuere,
1583 2877 1611 2906 2,
1634 2877 1658 2902 l.
