<?xml version="1.0" encoding="UTF-8"?>
<!DOCTYPE html PUBLIC "-//W3C//DTD XHTML 1.0 Transitional//EN"
    "http://www.w3.org/TR/xhtml1/DTD/xhtml1-transitional.dtd">
<html xmlns="http://www.w3.org/1999/xhtml" xml:lang="en" lang="en">
 <head>
  <title>
</title>
<meta http-equiv="Content-Type" content="text/html;charset=utf-8" />
  <meta name='ocr-system' content='tesseract 3.04.00' />
  <meta name='ocr-capabilities' content='ocr_page ocr_carea ocr_par ocr_line ocrx_word'/>
</head>
<body>
  <div class='ocr_page' id='page_1' title='image "./historiarumaburb04livyuoft/historiarumaburb04livyuoft_0366.png"; bbox 0 0 1816 3159; ppageno 0'>
   <div class='ocr_carea' id='block_1_1' title="bbox 268 133 344 167">
    <p class='ocr_par' dir='ltr' id='par_1_1' title="bbox 268 133 344 167">
     <span class='ocr_line' id='line_1_1' title="bbox 268 133 344 167; baseline -0.026 0"><span class='ocrx_word' id='word_1_1' title='bbox 268 133 344 167; x_wconf 79' lang='lat'><strong>358</strong></span> 
     </span>
    </p>
   </div>
   <div class='ocr_carea' id='block_1_2' title="bbox 266 230 952 450">
    <p class='ocr_par' dir='ltr' id='par_1_2' title="bbox 266 230 952 358">
     <span class='ocr_line' id='line_1_2' title="bbox 266 230 952 278; baseline -0.015 -10"><span class='ocrx_word' id='word_1_2' title='bbox 266 237 483 278; x_wconf 68' lang='lat' dir='ltr'><strong>Lysiniachu5‚</strong></span> <span class='ocrx_word' id='word_1_3' title='bbox 502 233 639 273; x_wconf 83' lang='lat' dir='ltr'><strong>Philippi</strong></span> <span class='ocrx_word' id='word_1_4' title='bbox 655 233 784 269; x_wconf 76' lang='lat' dir='ltr'><strong>amicus,</strong></span> <span class='ocrx_word' id='word_1_5' title='bbox 801 233 833 261; x_wconf 84' lang='lat' dir='ltr'><strong>in</strong></span> <span class='ocrx_word' id='word_1_6' title='bbox 849 230 952 260; x_wconf 88' lang='lat' dir='ltr'><strong>consi-</strong></span> 
     </span>
     <span class='ocr_line' id='line_1_3' title="bbox 311 275 951 312; baseline -0.013 -3"><span class='ocrx_word' id='word_1_7' title='bbox 311 282 387 310; x_wconf 85' lang='lat' dir='ltr'><strong>lium</strong></span> <span class='ocrx_word' id='word_1_8' title='bbox 414 280 453 308; x_wconf 88' lang='lat' dir='ltr'><strong>ab</strong></span> <span class='ocrx_word' id='word_1_9' title='bbox 480 288 516 307; x_wconf 87' lang='lat' dir='ltr'><strong>eo</strong></span> <span class='ocrx_word' id='word_1_10' title='bbox 544 278 710 307; x_wconf 72' lang='lat' dir='ltr'><strong>adhibetur</strong></span> <span class='ocrx_word' id='word_1_11' title='bbox 737 277 775 306; x_wconf 86' lang='lat' dir='ltr'><strong>ad</strong></span> <span class='ocrx_word' id='word_1_12' title='bbox 798 275 951 312; x_wconf 79' lang='lat' dir='ltr'><strong>judicium</strong></span> 
     </span>
     <span class='ocr_line' id='line_1_4' title="bbox 313 323 595 358; baseline -0.014 -5"><span class='ocrx_word' id='word_1_13' title='bbox 313 323 477 358; x_wconf 78' lang='lat' dir='ltr'>Demetrii,</span> <span class='ocrx_word' id='word_1_14' title='bbox 493 325 547 357; x_wconf 91' lang='lat'><strong>40,</strong></span> <span class='ocrx_word' id='word_1_15' title='bbox 565 325 595 350; x_wconf 85' lang='lat'><strong>8.</strong></span> 
     </span>
    </p>

    <p class='ocr_par' dir='ltr' id='par_1_3' title="bbox 272 366 667 406">
     <span class='ocr_line' id='line_1_5' title="bbox 272 366 667 406; baseline -0.018 -9"><span class='ocrx_word' id='word_1_16' title='bbox 272 368 421 406; x_wconf 61' lang='lat' dir='ltr'><strong>Lysinoe,</strong></span> <span class='ocrx_word' id='word_1_17' title='bbox 439 366 525 401; x_wconf 62' lang='lat' dir='ltr'><strong>urbS,</strong></span> <span class='ocrx_word' id='word_1_18' title='bbox 542 368 597 399; x_wconf 84' lang='lat'><strong>88,</strong></span> <span class='ocrx_word' id='word_1_19' title='bbox 620 367 667 391; x_wconf 83' lang='grc'><strong>15.</strong></span> 
     </span>
    </p>

    <p class='ocr_par' dir='ltr' id='par_1_4' title="bbox 272 409 657 450">
     <span class='ocr_line' id='line_1_6' title="bbox 272 409 657 450; baseline -0.018 -10"><span class='ocrx_word' id='word_1_20' title='bbox 272 412 374 450; x_wconf 76' lang='lat' dir='ltr'><strong>Lysis,</strong></span> <span class='ocrx_word' id='word_1_21' title='bbox 391 409 516 445; x_wconf 89' lang='lat' dir='ltr'><strong>fluvius,</strong></span> <span class='ocrx_word' id='word_1_22' title='bbox 533 411 588 444; x_wconf 87' lang='lat'><strong>38,</strong></span> <span class='ocrx_word' id='word_1_23' title='bbox 608 410 657 434; x_wconf 81' lang='grc'><strong>15.</strong></span> 
     </span>
    </p>
   </div>
   <div class='ocr_carea' id='block_1_3' title="bbox 597 535 643 564">
    <p class='ocr_par' dir='ltr' id='par_1_5' title="bbox 597 535 643 564">
     <span class='ocr_line' id='line_1_7' title="bbox 597 535 643 564; baseline -0.065 0"><span class='ocrx_word' id='word_1_24' title='bbox 597 535 643 564; x_wconf 88' lang='lat' dir='ltr'><strong>M.</strong></span> 
     </span>
    </p>
   </div>
   <div class='ocr_carea' id='block_1_4' title="bbox 276 621 990 2292">
    <p class='ocr_par' dir='ltr' id='par_1_6' title="bbox 277 621 647 656">
     <span class='ocr_line' id='line_1_8' title="bbox 277 621 647 656; baseline -0.016 -1"><span class='ocrx_word' id='word_1_25' title='bbox 277 626 433 656; x_wconf 82' lang='lat' dir='ltr'><strong>Macatus,</strong></span> <span class='ocrx_word' id='word_1_26' title='bbox 449 621 511 651; x_wconf 76' lang='lat' dir='ltr'><strong>vid.</strong></span> <span class='ocrx_word' id='word_1_27' title='bbox 528 621 647 650; x_wconf 80' lang='lat' dir='ltr'><strong>Livius.</strong></span> 
     </span>
    </p>

    <p class='ocr_par' dir='ltr' id='par_1_7' title="bbox 276 659 965 919">
     <span class='ocr_line' id='line_1_9' title="bbox 276 659 960 701; baseline -0.018 -3"><span class='ocrx_word' id='word_1_28' title='bbox 276 666 472 698; x_wconf 75' lang='lat' dir='ltr'><strong>Macedonia,</strong></span> <span class='ocrx_word' id='word_1_29' title='bbox 500 668 529 701; x_wconf 90' lang='grc'><strong>1,</strong></span> <span class='ocrx_word' id='word_1_30' title='bbox 556 668 582 692; x_wconf 87' lang='grc'><strong>1.</strong></span> <span class='ocrx_word' id='word_1_31' title='bbox 607 668 640 699; x_wconf 88' lang='lat'><strong>9,</strong></span> <span class='ocrx_word' id='word_1_32' title='bbox 668 665 717 690; x_wconf 83' lang='grc'><strong>18.</strong></span> <span class='ocrx_word' id='word_1_33' title='bbox 745 659 960 689; x_wconf 83' lang='lat' dir='ltr'><strong>Macedoniam</strong></span> 
     </span>
     <span class='ocr_line' id='line_1_10' title="bbox 319 706 963 750; baseline -0.012 -12"><span class='ocrx_word' id='word_1_34' title='bbox 319 710 511 750; x_wconf 81' lang='lat' dir='ltr'>populantur</span> <span class='ocrx_word' id='word_1_35' title='bbox 527 706 679 741; x_wconf 76' lang='lat' dir='ltr'>Dardani,</span> <span class='ocrx_word' id='word_1_36' title='bbox 698 708 752 740; x_wconf 73' lang='lat'><strong>27,</strong></span> <span class='ocrx_word' id='word_1_37' title='bbox 767 708 820 732; x_wconf 82' lang='lat'><strong>33.</strong></span> <span class='ocrx_word' id='word_1_38' title='bbox 841 706 909 732; x_wconf 80' lang='lat' dir='ltr'><strong>tota</strong></span> <span class='ocrx_word' id='word_1_39' title='bbox 931 711 963 731; x_wconf 87' lang='lat' dir='ltr'><strong>se</strong></span> 
     </span>
     <span class='ocr_line' id='line_1_11' title="bbox 321 746 963 783; baseline -0.016 0"><span class='ocrx_word' id='word_1_40' title='bbox 321 754 405 783; x_wconf 82' lang='lat' dir='ltr'>dedit</span> <span class='ocrx_word' id='word_1_41' title='bbox 439 750 565 780; x_wconf 87' lang='lat' dir='ltr'><strong>AEmilio</strong></span> <span class='ocrx_word' id='word_1_42' title='bbox 594 749 715 783; x_wconf 81' lang='lat' dir='ltr'>Paullo,</span> <span class='ocrx_word' id='word_1_43' title='bbox 745 746 878 778; x_wconf 83' lang='lat' dir='ltr'><strong>consuli,</strong></span> <span class='ocrx_word' id='word_1_44' title='bbox 909 750 963 781; x_wconf 92' lang='lat'><strong>44,</strong></span> 
     </span>
     <span class='ocr_line' id='line_1_12' title="bbox 321 787 963 826; baseline -0.016 -1"><span class='ocrx_word' id='word_1_45' title='bbox 321 801 373 826; x_wconf 85' lang='lat'><strong>43.</strong></span> <span class='ocrx_word' id='word_1_46' title='bbox 390 796 427 824; x_wconf 85' lang='lat' dir='ltr'><strong>de</strong></span> <span class='ocrx_word' id='word_1_47' title='bbox 443 793 628 823; x_wconf 81' lang='lat' dir='ltr'><strong>Macedonia</strong></span> <span class='ocrx_word' id='word_1_48' title='bbox 643 787 963 821; x_wconf 81' lang='lat' dir='ltr'><strong>senatusconsultum,</strong></span> 
     </span>
     <span class='ocr_line' id='line_1_13' title="bbox 321 832 965 873; baseline -0.016 -5"><span class='ocrx_word' id='word_1_49' title='bbox 321 844 376 873; x_wconf 88' lang='lat'><strong>45,</strong></span> <span class='ocrx_word' id='word_1_50' title='bbox 396 842 446 867; x_wconf 84' lang='grc'><strong>18.</strong></span> <span class='ocrx_word' id='word_1_51' title='bbox 462 838 489 866; x_wconf 85' lang='lat' dir='ltr'><strong>ei</strong></span> <span class='ocrx_word' id='word_1_52' title='bbox 512 837 638 866; x_wconf 84' lang='lat' dir='ltr'><strong>libertas</strong></span> <span class='ocrx_word' id='word_1_53' title='bbox 659 836 761 867; x_wconf 87' lang='lat' dir='ltr'><strong>datur,</strong></span> <span class='ocrx_word' id='word_1_54' title='bbox 780 837 831 863; x_wconf 72' lang='lat'><strong>29.</strong></span> <span class='ocrx_word' id='word_1_55' title='bbox 854 832 965 860; x_wconf 84' lang='lat' dir='ltr'><strong>dividi-</strong></span> 
     </span>
     <span class='ocr_line' id='line_1_14' title="bbox 321 875 946 919; baseline -0.016 -7"><span class='ocrx_word' id='word_1_56' title='bbox 321 887 375 912; x_wconf 86' lang='lat' dir='ltr'><strong>tur</strong></span> <span class='ocrx_word' id='word_1_57' title='bbox 390 883 422 911; x_wconf 89' lang='lat' dir='ltr'><strong>in</strong></span> <span class='ocrx_word' id='word_1_58' title='bbox 439 885 573 919; x_wconf 86' lang='lat' dir='ltr'><strong>quatuor</strong></span> <span class='ocrx_word' id='word_1_59' title='bbox 588 879 743 918; x_wconf 76' lang='lat' dir='ltr'><strong>regioneS,</strong></span> <span class='ocrx_word' id='word_1_60' title='bbox 760 875 832 904; x_wconf 54' lang='lat' dir='ltr'><strong>ibid.</strong></span> <span class='ocrx_word' id='word_1_61' title='bbox 850 879 877 904; x_wconf 81' lang='lat' dir='ltr'><strong>et</strong></span> <span class='ocrx_word' id='word_1_62' title='bbox 893 878 946 904; x_wconf 77' lang='lat'><strong>30.</strong></span> 
     </span>
    </p>

    <p class='ocr_par' dir='ltr' id='par_1_8' title="bbox 281 924 598 960">
     <span class='ocr_line' id='line_1_15' title="bbox 281 924 598 960; baseline -0.016 -5"><span class='ocrx_word' id='word_1_63' title='bbox 281 925 482 960; x_wconf 80' lang='lat' dir='ltr'><strong>Macedones,</strong></span> <span class='ocrx_word' id='word_1_64' title='bbox 498 928 532 959; x_wconf 88' lang='lat'><strong>7,</strong></span> <span class='ocrx_word' id='word_1_65' title='bbox 548 924 598 951; x_wconf 75' lang='lat'><strong>26.</strong></span> 
     </span>
    </p>

    <p class='ocr_par' dir='ltr' id='par_1_9' title="bbox 281 963 966 1048">
     <span class='ocr_line' id='line_1_16' title="bbox 281 963 966 1000; baseline -0.013 -1"><span class='ocrx_word' id='word_1_66' title='bbox 281 967 475 999; x_wconf 76' lang='lat' dir='ltr'>Macedonici</span> <span class='ocrx_word' id='word_1_67' title='bbox 498 966 651 996; x_wconf 78' lang='lat' dir='ltr'><strong>exercitus</strong></span> <span class='ocrx_word' id='word_1_68' title='bbox 666 963 817 993; x_wconf 83' lang='lat' dir='ltr'><strong>Romanis</strong></span> <span class='ocrx_word' id='word_1_69' title='bbox 842 970 966 1000; x_wconf 88' lang='lat' dir='ltr'><strong>compa-</strong></span> 
     </span>
     <span class='ocr_line' id='line_1_17' title="bbox 325 1013 514 1048; baseline -0.026 -6"><span class='ocrx_word' id='word_1_70' title='bbox 325 1013 398 1048; x_wconf 85' lang='lat' dir='ltr'><strong>rati,</strong></span> <span class='ocrx_word' id='word_1_71' title='bbox 414 1016 446 1046; x_wconf 84' lang='lat'><strong>9,</strong></span> <span class='ocrx_word' id='word_1_72' title='bbox 467 1015 514 1041; x_wconf 88' lang='grc'><strong>19.</strong></span> 
     </span>
    </p>

    <p class='ocr_par' dir='ltr' id='par_1_10' title="bbox 284 1049 982 1904">
     <span class='ocr_line' id='line_1_18' title="bbox 284 1049 968 1087; baseline -0.016 -1"><span class='ocrx_word' id='word_1_73' title='bbox 284 1056 494 1086; x_wconf 71' lang='lat' dir='ltr'><strong>Macedonum</strong></span> <span class='ocrx_word' id='word_1_74' title='bbox 524 1052 603 1087; x_wconf 84' lang='lat' dir='ltr'><strong>legio</strong></span> <span class='ocrx_word' id='word_1_75' title='bbox 631 1051 661 1079; x_wconf 93' lang='lat' dir='ltr'><strong>in</strong></span> <span class='ocrx_word' id='word_1_76' title='bbox 686 1049 853 1079; x_wconf 78' lang='lat' dir='ltr'><strong>Annibalis</strong></span> <span class='ocrx_word' id='word_1_77' title='bbox 882 1056 968 1077; x_wconf 86' lang='lat' dir='ltr'><strong>exer-</strong></span> 
     </span>
     <span class='ocr_line' id='line_1_19' title="bbox 326 1091 969 1133; baseline -0.016 -5"><span class='ocrx_word' id='word_1_78' title='bbox 326 1099 403 1130; x_wconf 81' lang='lat' dir='ltr'><strong>citu.</strong></span> <span class='ocrx_word' id='word_1_79' title='bbox 428 1101 484 1133; x_wconf 87' lang='lat'><strong>30,</strong></span> <span class='ocrx_word' id='word_1_80' title='bbox 507 1100 560 1125; x_wconf 83' lang='lat'><strong>33.</strong></span> <span class='ocrx_word' id='word_1_81' title='bbox 580 1094 644 1123; x_wconf 76' lang='lat' dir='ltr'><strong>vid.</strong></span> <span class='ocrx_word' id='word_1_82' title='bbox 666 1091 843 1130; x_wconf 81' lang='lat' dir='ltr'><strong>Philippus.</strong></span> <span class='ocrx_word' id='word_1_83' title='bbox 862 1100 969 1120; x_wconf 89' lang='lat' dir='ltr'><strong>eorum</strong></span> 
     </span>
     <span class='ocr_line' id='line_1_20' title="bbox 327 1134 970 1177; baseline -0.016 -6"><span class='ocrx_word' id='word_1_84' title='bbox 327 1140 433 1177; x_wconf 81' lang='lat' dir='ltr'><strong>legati,</strong></span> <span class='ocrx_word' id='word_1_85' title='bbox 458 1140 491 1168; x_wconf 90' lang='lat' dir='ltr'><strong>in</strong></span> <span class='ocrx_word' id='word_1_86' title='bbox 515 1141 658 1167; x_wconf 84' lang='lat' dir='ltr'><strong>senatum</strong></span> <span class='ocrx_word' id='word_1_87' title='bbox 681 1134 866 1171; x_wconf 71' lang='lat' dir='ltr'><strong>introducti,</strong></span> <span class='ocrx_word' id='word_1_88' title='bbox 896 1143 970 1171; x_wconf 84' lang='lat' dir='ltr'><strong>que-</strong></span> 
     </span>
     <span class='ocr_line' id='line_1_21' title="bbox 328 1177 969 1215; baseline -0.014 -1"><span class='ocrx_word' id='word_1_89' title='bbox 328 1188 441 1214; x_wconf 83' lang='lat' dir='ltr'><strong>runtur</strong></span> <span class='ocrx_word' id='word_1_90' title='bbox 458 1183 495 1211; x_wconf 90' lang='lat' dir='ltr'><strong>de</strong></span> <span class='ocrx_word' id='word_1_91' title='bbox 513 1182 557 1211; x_wconf 86' lang='lat' dir='ltr'><strong>M.</strong></span> <span class='ocrx_word' id='word_1_92' title='bbox 575 1178 715 1215; x_wconf 85' lang='lat' dir='ltr'><strong>Aurelio,</strong></span> <span class='ocrx_word' id='word_1_93' title='bbox 731 1183 786 1214; x_wconf 88' lang='lat'><strong>30,</strong></span> <span class='ocrx_word' id='word_1_94' title='bbox 803 1183 856 1207; x_wconf 68' lang='lat'><strong>42.</strong></span> <span class='ocrx_word' id='word_1_95' title='bbox 899 1177 969 1206; x_wconf 81' lang='lat' dir='ltr'><strong>Ma·</strong></span> 
     </span>
     <span class='ocr_line' id='line_1_22' title="bbox 328 1222 970 1264; baseline -0.016 -6"><span class='ocrx_word' id='word_1_96' title='bbox 328 1228 481 1257; x_wconf 86' lang='lat' dir='ltr'><strong>cedonum</strong></span> <span class='ocrx_word' id='word_1_97' title='bbox 516 1224 620 1264; x_wconf 83' lang='lat' dir='ltr'><strong>gentis</strong></span> <span class='ocrx_word' id='word_1_98' title='bbox 658 1222 819 1258; x_wconf 82' lang='lat' dir='ltr'><strong>nobilitas,</strong></span> <span class='ocrx_word' id='word_1_99' title='bbox 851 1223 907 1255; x_wconf 85' lang='grc'><strong>31,</strong></span> <span class='ocrx_word' id='word_1_100' title='bbox 944 1224 970 1248; x_wconf 91' lang='grc'><strong>1.</strong></span> 
     </span>
     <span class='ocr_line' id='line_1_23' title="bbox 328 1263 970 1302; baseline -0.016 -1"><span class='ocrx_word' id='word_1_101' title='bbox 328 1268 525 1301; x_wconf 80' lang='lat' dir='ltr'><strong>Macedonici</strong></span> <span class='ocrx_word' id='word_1_102' title='bbox 540 1266 613 1296; x_wconf 89' lang='lat' dir='ltr'><strong>belli</strong></span> <span class='ocrx_word' id='word_1_103' title='bbox 629 1274 744 1294; x_wconf 81' lang='lat' dir='ltr'><strong>caussae</strong></span> <span class='ocrx_word' id='word_1_104' title='bbox 766 1273 835 1293; x_wconf 86' lang='lat' dir='ltr'><strong>cum</strong></span> <span class='ocrx_word' id='word_1_105' title='bbox 854 1263 970 1302; x_wconf 78' lang='lat' dir='ltr'><strong>Philip-</strong></span> 
     </span>
     <span class='ocr_line' id='line_1_24' title="bbox 329 1309 970 1353; baseline -0.014 -11"><span class='ocrx_word' id='word_1_106' title='bbox 329 1324 384 1353; x_wconf 94' lang='lat' dir='ltr'><strong>po,</strong></span> <span class='ocrx_word' id='word_1_107' title='bbox 404 1317 433 1348; x_wconf 91' lang='grc'><strong>1,</strong></span> <span class='ocrx_word' id='word_1_108' title='bbox 456 1315 484 1340; x_wconf 87' lang='lat'><strong>5.</strong></span> <span class='ocrx_word' id='word_1_109' title='bbox 509 1311 583 1340; x_wconf 87' lang='lat' dir='ltr'><strong>item</strong></span> <span class='ocrx_word' id='word_1_110' title='bbox 608 1318 676 1337; x_wconf 89' lang='lat' dir='ltr'><strong>cum</strong></span> <span class='ocrx_word' id='word_1_111' title='bbox 702 1309 826 1342; x_wconf 88' lang='lat' dir='ltr'><strong>Perseo,</strong></span> <span class='ocrx_word' id='word_1_112' title='bbox 842 1311 895 1339; x_wconf 85' lang='lat'><strong>39,</strong></span> <span class='ocrx_word' id='word_1_113' title='bbox 920 1311 970 1335; x_wconf 68' lang='lat'><strong>93.</strong></span> 
     </span>
     <span class='ocr_line' id='line_1_25' title="bbox 329 1350 975 1387; baseline -0.015 -1"><span class='ocrx_word' id='word_1_114' title='bbox 329 1355 520 1387; x_wconf 83' lang='lat' dir='ltr'><strong>Macedones</strong></span> <span class='ocrx_word' id='word_1_115' title='bbox 551 1357 708 1382; x_wconf 85' lang='lat' dir='ltr'><strong>terrentur</strong></span> <span class='ocrx_word' id='word_1_116' title='bbox 738 1350 880 1379; x_wconf 78' lang='lat' dir='ltr'><strong>foeditate</strong></span> <span class='ocrx_word' id='word_1_117' title='bbox 906 1350 975 1378; x_wconf 84' lang='lat' dir='ltr'><strong>vul-</strong></span> 
     </span>
     <span class='ocr_line' id='line_1_26' title="bbox 331 1393 972 1435; baseline -0.014 -6"><span class='ocrx_word' id='word_1_118' title='bbox 331 1408 456 1435; x_wconf 80' lang='lat' dir='ltr'><strong>nerum,</strong></span> <span class='ocrx_word' id='word_1_119' title='bbox 489 1396 640 1426; x_wconf 84' lang='lat' dir='ltr'><strong>Romanis</strong></span> <span class='ocrx_word' id='word_1_120' title='bbox 677 1393 768 1422; x_wconf 87' lang='lat' dir='ltr'><strong>armis</strong></span> <span class='ocrx_word' id='word_1_121' title='bbox 804 1393 972 1428; x_wconf 80' lang='lat' dir='ltr'><strong>illatorum,</strong></span> 
     </span>
     <span class='ocr_line' id='line_1_27' title="bbox 332 1435 975 1479; baseline -0.014 -7"><span class='ocrx_word' id='word_1_122' title='bbox 332 1448 388 1479; x_wconf 79' lang='grc'><strong>31,</strong></span> <span class='ocrx_word' id='word_1_123' title='bbox 404 1445 457 1471; x_wconf 82' lang='grc'><strong>34.</strong></span> <span class='ocrx_word' id='word_1_124' title='bbox 473 1449 579 1470; x_wconf 86' lang='lat' dir='ltr'><strong>eorum</strong></span> <span class='ocrx_word' id='word_1_125' title='bbox 601 1438 721 1467; x_wconf 85' lang='lat' dir='ltr'><strong>animos</strong></span> <span class='ocrx_word' id='word_1_126' title='bbox 737 1437 795 1465; x_wconf 84' lang='lat' dir='ltr'><strong>sibi</strong></span> <span class='ocrx_word' id='word_1_127' title='bbox 811 1435 975 1465; x_wconf 81' lang='lat' dir='ltr'><strong>conciliare</strong></span> 
     </span>
     <span class='ocr_line' id='line_1_28' title="bbox 334 1480 975 1521; baseline -0.012 -6"><span class='ocrx_word' id='word_1_128' title='bbox 334 1486 440 1515; x_wconf 76' lang='lat' dir='ltr'><strong>studet</strong></span> <span class='ocrx_word' id='word_1_129' title='bbox 456 1483 630 1521; x_wconf 80' lang='lat' dir='ltr'><strong>Philippus.</strong></span> <span class='ocrx_word' id='word_1_130' title='bbox 647 1485 702 1516; x_wconf 72' lang='lat'><strong>32,</strong></span> <span class='ocrx_word' id='word_1_131' title='bbox 722 1484 750 1509; x_wconf 87' lang='grc'><strong>5.</strong></span> <span class='ocrx_word' id='word_1_132' title='bbox 768 1480 975 1508; x_wconf 71' lang='lat' dir='ltr'><strong>Macedonum</strong></span> 
     </span>
     <span class='ocr_line' id='line_1_29' title="bbox 333 1524 976 1563; baseline -0.012 -5"><span class='ocrx_word' id='word_1_133' title='bbox 333 1539 405 1558; x_wconf 83' lang='lat' dir='ltr'><strong>cum</strong></span> <span class='ocrx_word' id='word_1_134' title='bbox 437 1527 588 1556; x_wconf 78' lang='lat' dir='ltr'><strong>Romanis</strong></span> <span class='ocrx_word' id='word_1_135' title='bbox 618 1532 724 1563; x_wconf 79' lang='lat' dir='ltr'><strong>pugna</strong></span> <span class='ocrx_word' id='word_1_136' title='bbox 755 1524 793 1551; x_wconf 76' lang='lat' dir='ltr'><strong>ad</strong></span> <span class='ocrx_word' id='word_1_137' title='bbox 823 1524 976 1560; x_wconf 77' lang='lat' dir='ltr'><strong>Cynosce-</strong></span> 
     </span>
     <span class='ocr_line' id='line_1_30' title="bbox 334 1565 977 1612; baseline -0.012 -11"><span class='ocrx_word' id='word_1_138' title='bbox 334 1571 457 1612; x_wconf 80' lang='lat' dir='ltr'><strong>phalas,</strong></span> <span class='ocrx_word' id='word_1_139' title='bbox 481 1574 537 1605; x_wconf 88' lang='lat'><strong>33,</strong></span> <span class='ocrx_word' id='word_1_140' title='bbox 560 1572 675 1599; x_wconf 84' lang='lat'><strong>7—10.</strong></span> <span class='ocrx_word' id='word_1_141' title='bbox 699 1565 907 1595; x_wconf 79' lang='lat' dir='ltr'><strong>Macedonum</strong></span> <span class='ocrx_word' id='word_1_142' title='bbox 930 1565 977 1593; x_wconf 93' lang='lat' dir='ltr'><strong>in-</strong></span> 
     </span>
     <span class='ocr_line' id='line_1_31' title="bbox 335 1608 978 1645; baseline -0.014 0"><span class='ocrx_word' id='word_1_143' title='bbox 335 1615 535 1645; x_wconf 81' lang='lat' dir='ltr'><strong>terfectorum</strong></span> <span class='ocrx_word' id='word_1_144' title='bbox 558 1620 629 1640; x_wconf 81' lang='lat' dir='ltr'><strong>ossa</strong></span> <span class='ocrx_word' id='word_1_145' title='bbox 652 1611 724 1645; x_wconf 82' lang='lat' dir='ltr'><strong>legit</strong></span> <span class='ocrx_word' id='word_1_146' title='bbox 739 1609 917 1638; x_wconf 78' lang='lat' dir='ltr'><strong>Antiochus</strong></span> <span class='ocrx_word' id='word_1_147' title='bbox 940 1608 978 1637; x_wconf 83' lang='lat' dir='ltr'><strong>ad</strong></span> 
     </span>
     <span class='ocr_line' id='line_1_32' title="bbox 336 1652 980 1696; baseline -0.014 -8"><span class='ocrx_word' id='word_1_148' title='bbox 336 1654 603 1696; x_wconf 77' lang='lat' dir='ltr'><strong>Cynoscephalas,</strong></span> <span class='ocrx_word' id='word_1_149' title='bbox 619 1655 672 1683; x_wconf 82' lang='lat'><strong>36.</strong></span> <span class='ocrx_word' id='word_1_150' title='bbox 691 1658 720 1682; x_wconf 86' lang='lat'><strong>8.</strong></span> <span class='ocrx_word' id='word_1_151' title='bbox 738 1652 940 1680; x_wconf 83' lang='lat' dir='ltr'><strong>offenduntur</strong></span> <span class='ocrx_word' id='word_1_152' title='bbox 961 1660 980 1680; x_wconf 84' lang='lat' dir='ltr'><strong>a</strong></span> 
     </span>
     <span class='ocr_line' id='line_1_33' title="bbox 336 1695 980 1738; baseline -0.012 -8"><span class='ocrx_word' id='word_1_153' title='bbox 336 1701 495 1738; x_wconf 75' lang='lat' dir='ltr'><strong>Philippo,</strong></span> <span class='ocrx_word' id='word_1_154' title='bbox 512 1702 566 1734; x_wconf 87' lang='grc'><strong>40,</strong></span> <span class='ocrx_word' id='word_1_155' title='bbox 581 1702 610 1726; x_wconf 87' lang='grc'><strong>3.</strong></span> <span class='ocrx_word' id='word_1_156' title='bbox 636 1696 823 1724; x_wconf 77' lang='lat' dir='ltr'><strong>Macedones</strong></span> <span class='ocrx_word' id='word_1_157' title='bbox 846 1695 927 1723; x_wconf 86' lang='lat' dir='ltr'><strong>inter</strong></span> <span class='ocrx_word' id='word_1_158' title='bbox 949 1698 980 1723; x_wconf 86' lang='lat' dir='ltr'><strong>et</strong></span> 
     </span>
     <span class='ocr_line' id='line_1_34' title="bbox 337 1738 980 1776; baseline -0.014 -2"><span class='ocrx_word' id='word_1_159' title='bbox 337 1744 499 1774; x_wconf 76' lang='lat' dir='ltr'><strong>Romanos</strong></span> <span class='ocrx_word' id='word_1_160' title='bbox 521 1741 662 1774; x_wconf 82' lang='lat' dir='ltr'><strong>fortuna,</strong></span> <span class='ocrx_word' id='word_1_161' title='bbox 687 1748 748 1768; x_wconf 89' lang='lat' dir='ltr'><strong>non</strong></span> <span class='ocrx_word' id='word_1_162' title='bbox 770 1738 859 1775; x_wconf 84' lang='lat' dir='ltr'><strong>jussu</strong></span> <span class='ocrx_word' id='word_1_163' title='bbox 883 1739 980 1776; x_wconf 88' lang='lat' dir='ltr'><strong>impe·</strong></span> 
     </span>
     <span class='ocr_line' id='line_1_35' title="bbox 340 1783 981 1821; baseline -0.012 -5"><span class='ocrx_word' id='word_1_164' title='bbox 340 1791 493 1821; x_wconf 64' lang='lat' dir='ltr'><strong>rator-um,</strong></span> <span class='ocrx_word' id='word_1_165' title='bbox 519 1783 718 1813; x_wconf 86' lang='lat' dir='ltr'><strong>commissum</strong></span> <span class='ocrx_word' id='word_1_166' title='bbox 742 1785 909 1814; x_wconf 87' lang='lat' dir='ltr'><strong>certamen,</strong></span> <span class='ocrx_word' id='word_1_167' title='bbox 926 1784 981 1817; x_wconf 87' lang='lat'><strong>44,</strong></span> 
     </span>
     <span class='ocr_line' id='line_1_36' title="bbox 339 1822 982 1861; baseline -0.009 -3"><span class='ocrx_word' id='word_1_168' title='bbox 339 1834 391 1859; x_wconf 82' lang='grc'><strong>40.</strong></span> <span class='ocrx_word' id='word_1_169' title='bbox 406 1829 574 1857; x_wconf 82' lang='lat' dir='ltr'><strong>vincuntur</strong></span> <span class='ocrx_word' id='word_1_170' title='bbox 589 1835 607 1855; x_wconf 82' lang='lat' dir='ltr'><strong>a</strong></span> <span class='ocrx_word' id='word_1_171' title='bbox 620 1822 728 1854; x_wconf 82' lang='lat' dir='ltr'><strong>Paullo</strong></span> <span class='ocrx_word' id='word_1_172' title='bbox 740 1823 883 1861; x_wconf 85' lang='lat' dir='ltr'><strong>AEmilio,</strong></span> <span class='ocrx_word' id='word_1_173' title='bbox 896 1828 982 1853; x_wconf 91' lang='lat'><strong>40—</strong></span> 
     </span>
     <span class='ocr_line' id='line_1_37' title="bbox 341 1871 703 1904; baseline -0.019 -1"><span class='ocrx_word' id='word_1_174' title='bbox 341 1877 394 1903; x_wconf 78' lang='lat'><strong>42.</strong></span> <span class='ocrx_word' id='word_1_175' title='bbox 410 1872 484 1902; x_wconf 86' lang='lat' dir='ltr'><strong>belli</strong></span> <span class='ocrx_word' id='word_1_176' title='bbox 502 1871 586 1904; x_wconf 78' lang='lat' dir='ltr'><strong>finis,</strong></span> <span class='ocrx_word' id='word_1_177' title='bbox 603 1873 658 1904; x_wconf 84' lang='lat'><strong>45,</strong></span> <span class='ocrx_word' id='word_1_178' title='bbox 674 1872 703 1899; x_wconf 89' lang='lat'><strong>9.</strong></span> 
     </span>
    </p>

    <p class='ocr_par' dir='ltr' id='par_1_11' title="bbox 299 1911 986 2078">
     <span class='ocr_line' id='line_1_38' title="bbox 299 1911 984 1951; baseline -0.015 -3"><span class='ocrx_word' id='word_1_179' title='bbox 299 1916 506 1948; x_wconf 80' lang='lat' dir='ltr'><strong>Macedonum</strong></span> <span class='ocrx_word' id='word_1_180' title='bbox 532 1921 661 1951; x_wconf 84' lang='lat' dir='ltr'><strong>regnum</strong></span> <span class='ocrx_word' id='word_1_181' title='bbox 686 1911 853 1949; x_wconf 85' lang='lat' dir='ltr'><strong>quomodo,</strong></span> <span class='ocrx_word' id='word_1_182' title='bbox 875 1912 907 1939; x_wconf 83' lang='lat' dir='ltr'><strong>et</strong></span> <span class='ocrx_word' id='word_1_183' title='bbox 930 1919 984 1948; x_wconf 86' lang='lat' dir='ltr'><strong>per</strong></span> 
     </span>
     <span class='ocr_line' id='line_1_39' title="bbox 341 1955 982 1998; baseline -0.011 -10"><span class='ocrx_word' id='word_1_184' title='bbox 341 1968 419 1998; x_wconf 83' lang='lat' dir='ltr'><strong>quos</strong></span> <span class='ocrx_word' id='word_1_185' title='bbox 440 1955 595 1986; x_wconf 76' lang='lat' dir='ltr'><strong>creverit?</strong></span> <span class='ocrx_word' id='word_1_186' title='bbox 623 1958 678 1989; x_wconf 90' lang='grc'><strong>45,</strong></span> <span class='ocrx_word' id='word_1_187' title='bbox 703 1958 732 1984; x_wconf 85' lang='grc'><strong>9-</strong></span> <span class='ocrx_word' id='word_1_188' title='bbox 757 1958 827 1992; x_wconf 89' lang='lat' dir='ltr'><strong>post</strong></span> <span class='ocrx_word' id='word_1_189' title='bbox 852 1957 982 1982; x_wconf 78' lang='lat' dir='ltr'><strong>mortem</strong></span> 
     </span>
     <span class='ocr_line' id='line_1_40' title="bbox 341 1997 986 2036; baseline -0.011 -5"><span class='ocrx_word' id='word_1_190' title='bbox 341 2000 511 2032; x_wconf 80' lang='lat' dir='ltr'><strong>Alexandri</strong></span> <span class='ocrx_word' id='word_1_191' title='bbox 538 1999 571 2028; x_wconf 92' lang='lat' dir='ltr'><strong>in</strong></span> <span class='ocrx_word' id='word_1_192' title='bbox 602 1997 703 2027; x_wconf 73' lang='lat' dir='ltr'><strong>multa</strong></span> <span class='ocrx_word' id='word_1_193' title='bbox 730 2005 827 2036; x_wconf 77' lang='lat' dir='ltr'><strong>regna</strong></span> <span class='ocrx_word' id='word_1_194' title='bbox 855 1997 986 2025; x_wconf 85' lang='lat' dir='ltr'><strong>distrac-</strong></span> 
     </span>
     <span class='ocr_line' id='line_1_41' title="bbox 342 2042 516 2078; baseline -0.023 -3"><span class='ocrx_word' id='word_1_195' title='bbox 342 2051 425 2078; x_wconf 83' lang='lat' dir='ltr'><strong>tum,</strong></span> <span class='ocrx_word' id='word_1_196' title='bbox 442 2042 516 2072; x_wconf 71' lang='lat' dir='ltr'><strong>ibid.</strong></span> 
     </span>
    </p>

    <p class='ocr_par' dir='ltr' id='par_1_12' title="bbox 301 2082 986 2171">
     <span class='ocr_line' id='line_1_42' title="bbox 301 2082 986 2123; baseline -0.012 -4"><span class='ocrx_word' id='word_1_197' title='bbox 301 2089 509 2121; x_wconf 76' lang='lat' dir='ltr'><strong>Macedonum</strong></span> <span class='ocrx_word' id='word_1_198' title='bbox 543 2083 697 2123; x_wconf 82' lang='lat' dir='ltr'><strong>principes</strong></span> <span class='ocrx_word' id='word_1_199' title='bbox 725 2083 757 2115; x_wconf 87' lang='lat' dir='ltr'><strong>in</strong></span> <span class='ocrx_word' id='word_1_200' title='bbox 790 2082 912 2112; x_wconf 78' lang='lat' dir='ltr'><strong>Italiam</strong></span> <span class='ocrx_word' id='word_1_201' title='bbox 943 2083 986 2111; x_wconf 89' lang='lat' dir='ltr'><strong>ire</strong></span> 
     </span>
     <span class='ocr_line' id='line_1_43' title="bbox 340 2131 647 2171; baseline -0.023 -10"><span class='ocrx_word' id='word_1_202' title='bbox 340 2132 505 2171; x_wconf 84' lang='lat' dir='ltr'><strong>jubentur,</strong></span> <span class='ocrx_word' id='word_1_203' title='bbox 525 2131 579 2163; x_wconf 88' lang='lat'><strong>45,</strong></span> <span class='ocrx_word' id='word_1_204' title='bbox 595 2131 647 2156; x_wconf 68' lang='lat'><strong>32.</strong></span> 
     </span>
    </p>

    <p class='ocr_par' dir='ltr' id='par_1_13' title="bbox 302 2169 990 2292">
     <span class='ocr_line' id='line_1_44' title="bbox 302 2169 988 2207; baseline -0.015 -1"><span class='ocrx_word' id='word_1_205' title='bbox 302 2173 527 2205; x_wconf 76' lang='lat' dir='ltr'><strong>Macedonibus</strong></span> <span class='ocrx_word' id='word_1_206' title='bbox 552 2169 719 2200; x_wconf 86' lang='lat' dir='ltr'><strong>interdicta</strong></span> <span class='ocrx_word' id='word_1_207' title='bbox 734 2169 800 2198; x_wconf 84' lang='lat' dir='ltr'><strong>auri</strong></span> <span class='ocrx_word' id='word_1_208' title='bbox 824 2171 855 2197; x_wconf 83' lang='lat' dir='ltr'><strong>et</strong></span> <span class='ocrx_word' id='word_1_209' title='bbox 868 2169 988 2207; x_wconf 79' lang='lat' dir='ltr'><strong>argenti</strong></span> 
     </span>
     <span class='ocr_line' id='line_1_45' title="bbox 346 2212 990 2251; baseline -0.012 -3"><span class='ocrx_word' id='word_1_210' title='bbox 346 2217 482 2251; x_wconf 81' lang='lat' dir='ltr'><strong>metalla,</strong></span> <span class='ocrx_word' id='word_1_211' title='bbox 508 2217 561 2246; x_wconf 83' lang='lat'><strong>45.</strong></span> <span class='ocrx_word' id='word_1_212' title='bbox 586 2217 638 2244; x_wconf 75' lang='lat'><strong>29.</strong></span> <span class='ocrx_word' id='word_1_213' title='bbox 661 2217 692 2241; x_wconf 87' lang='lat' dir='ltr'><strong>et</strong></span> <span class='ocrx_word' id='word_1_214' title='bbox 719 2212 877 2241; x_wconf 82' lang='lat' dir='ltr'><strong>connubia</strong></span> <span class='ocrx_word' id='word_1_215' title='bbox 904 2215 990 2241; x_wconf 87' lang='lat' dir='ltr'><strong>extra</strong></span> 
     </span>
     <span class='ocr_line' id='line_1_46' title="bbox 348 2257 618 2292; baseline -0.019 -1"><span class='ocrx_word' id='word_1_216' title='bbox 348 2263 424 2291; x_wconf 84' lang='lat' dir='ltr'><strong>fines</strong></span> <span class='ocrx_word' id='word_1_217' title='bbox 441 2267 527 2292; x_wconf 82' lang='lat' dir='ltr'><strong>suos,</strong></span> <span class='ocrx_word' id='word_1_218' title='bbox 544 2257 618 2286; x_wconf 77' lang='lat' dir='ltr'><strong>ibid.</strong></span> 
     </span>
    </p>
   </div>
   <div class='ocr_carea' id='block_1_5' title="bbox 249 2298 787 2339">
    <p class='ocr_par' dir='ltr' id='par_1_14' title="bbox 249 2298 787 2339">
     <span class='ocr_line' id='line_1_47' title="bbox 249 2298 787 2339; baseline -0.022 -2"><span class='ocrx_word' id='word_1_219' title='bbox 249 2298 251 2300; x_wconf 73' lang='lat'>,</span> <span class='ocrx_word' id='word_1_220' title='bbox 306 2303 509 2335; x_wconf 85' lang='lat' dir='ltr'><strong>Macedonica</strong></span> <span class='ocrx_word' id='word_1_221' title='bbox 525 2300 671 2339; x_wconf 81' lang='lat' dir='ltr'><strong>phalanx,</strong></span> <span class='ocrx_word' id='word_1_222' title='bbox 688 2302 719 2332; x_wconf 88' lang='lat'><strong>9,</strong></span> <span class='ocrx_word' id='word_1_223' title='bbox 739 2302 787 2328; x_wconf 84' lang='lat'><strong>19.</strong></span> 
     </span>
    </p>
   </div>
   <div class='ocr_carea' id='block_1_6' title="bbox 306 2344 997 2896">
    <p class='ocr_par' dir='ltr' id='par_1_15' title="bbox 307 2344 895 2381">
     <span class='ocr_line' id='line_1_48' title="bbox 307 2344 895 2381; baseline -0.015 -3"><span class='ocrx_word' id='word_1_224' title='bbox 307 2346 510 2377; x_wconf 79' lang='lat' dir='ltr'><strong>Macedonica</strong></span> <span class='ocrx_word' id='word_1_225' title='bbox 524 2344 639 2381; x_wconf 79' lang='lat' dir='ltr'><strong>praeda,</strong></span> <span class='ocrx_word' id='word_1_226' title='bbox 658 2345 712 2376; x_wconf 88' lang='grc'><strong>45,</strong></span> <span class='ocrx_word' id='word_1_227' title='bbox 729 2345 782 2370; x_wconf 85' lang='grc'><strong>33.</strong></span> <span class='ocrx_word' id='word_1_228' title='bbox 798 2345 826 2369; x_wconf 75' lang='lat' dir='ltr'><strong>et</strong></span> <span class='ocrx_word' id='word_1_229' title='bbox 843 2344 895 2370; x_wconf 85' lang='lat'><strong>39.</strong></span> 
     </span>
    </p>

    <p class='ocr_par' dir='ltr' id='par_1_16' title="bbox 306 2384 962 2421">
     <span class='ocr_line' id='line_1_49' title="bbox 306 2384 962 2421; baseline -0.015 -1"><span class='ocrx_word' id='word_1_230' title='bbox 306 2387 502 2421; x_wconf 85' lang='lat' dir='ltr'><strong>Macedonici</strong></span> <span class='ocrx_word' id='word_1_231' title='bbox 517 2386 669 2415; x_wconf 85' lang='lat' dir='ltr'><strong>exercitus</strong></span> <span class='ocrx_word' id='word_1_232' title='bbox 685 2384 843 2420; x_wconf 88' lang='lat' dir='ltr'><strong>lustratio,</strong></span> <span class='ocrx_word' id='word_1_233' title='bbox 860 2387 914 2416; x_wconf 88' lang='lat'><strong>40,</strong></span> <span class='ocrx_word' id='word_1_234' title='bbox 932 2384 962 2411; x_wconf 90' lang='lat'><strong>6.</strong></span> 
     </span>
    </p>

    <p class='ocr_par' dir='ltr' id='par_1_17' title="bbox 308 2431 797 2465">
     <span class='ocr_line' id='line_1_50' title="bbox 308 2431 797 2465; baseline -0.02 -1"><span class='ocrx_word' id='word_1_235' title='bbox 308 2431 545 2465; x_wconf 87' lang='lat' dir='ltr'><strong>Macedonicum</strong></span> <span class='ocrx_word' id='word_1_236' title='bbox 563 2437 658 2462; x_wconf 84' lang='lat' dir='ltr'><strong>mare,</strong></span> <span class='ocrx_word' id='word_1_237' title='bbox 674 2431 730 2463; x_wconf 82' lang='lat'><strong>44,</strong></span> <span class='ocrx_word' id='word_1_238' title='bbox 751 2431 797 2455; x_wconf 91' lang='grc'><strong>11.</strong></span> 
     </span>
    </p>

    <p class='ocr_par' dir='ltr' id='par_1_18' title="bbox 311 2468 918 2507">
     <span class='ocr_line' id='line_1_51' title="bbox 311 2468 918 2507; baseline -0.018 -1"><span class='ocrx_word' id='word_1_239' title='bbox 311 2473 547 2507; x_wconf 84' lang='lat' dir='ltr'><strong>Macedonicum</strong></span> <span class='ocrx_word' id='word_1_240' title='bbox 563 2471 693 2506; x_wconf 88' lang='lat' dir='ltr'><strong>vallum,</strong></span> <span class='ocrx_word' id='word_1_241' title='bbox 709 2469 769 2498; x_wconf 79' lang='lat' dir='ltr'><strong>vid.</strong></span> <span class='ocrx_word' id='word_1_242' title='bbox 784 2468 918 2497; x_wconf 83' lang='lat' dir='ltr'><strong>Vallum.</strong></span> 
     </span>
    </p>

    <p class='ocr_par' dir='ltr' id='par_1_19' title="bbox 310 2512 994 2596">
     <span class='ocr_line' id='line_1_52' title="bbox 310 2512 994 2552; baseline -0.018 -2"><span class='ocrx_word' id='word_1_243' title='bbox 310 2518 457 2552; x_wconf 86' lang='lat' dir='ltr'><strong>Macella,</strong></span> <span class='ocrx_word' id='word_1_244' title='bbox 474 2514 546 2543; x_wconf 86' lang='lat' dir='ltr'><strong>urbs</strong></span> <span class='ocrx_word' id='word_1_245' title='bbox 569 2514 694 2547; x_wconf 79' lang='lat' dir='ltr'><strong>Siciliae,</strong></span> <span class='ocrx_word' id='word_1_246' title='bbox 718 2513 821 2541; x_wconf 85' lang='lat' dir='ltr'><strong>deficit</strong></span> <span class='ocrx_word' id='word_1_247' title='bbox 845 2521 863 2540; x_wconf 80' lang='lat' dir='ltr'><strong>a</strong></span> <span class='ocrx_word' id='word_1_248' title='bbox 878 2512 994 2540; x_wconf 81' lang='lat' dir='ltr'><strong>Roma-</strong></span> 
     </span>
     <span class='ocr_line' id='line_1_53' title="bbox 356 2560 557 2596; baseline -0.025 -5"><span class='ocrx_word' id='word_1_249' title='bbox 356 2562 418 2596; x_wconf 82' lang='lat' dir='ltr'><strong>nis,</strong></span> <span class='ocrx_word' id='word_1_250' title='bbox 435 2561 488 2595; x_wconf 74' lang='lat'><strong>26,</strong></span> <span class='ocrx_word' id='word_1_251' title='bbox 505 2560 557 2586; x_wconf 75' lang='lat'><strong>¹21.</strong></span> 
     </span>
    </p>

    <p class='ocr_par' dir='ltr' id='par_1_20' title="bbox 312 2595 993 2683">
     <span class='ocr_line' id='line_1_54' title="bbox 312 2595 993 2637; baseline -0.022 0"><span class='ocrx_word' id='word_1_252' title='bbox 312 2603 478 2637; x_wconf 85' lang='lat' dir='ltr'><strong>Macellum</strong></span> <span class='ocrx_word' id='word_1_253' title='bbox 499 2601 602 2628; x_wconf 80' lang='lat' dir='ltr'><strong>Romae</strong></span> <span class='ocrx_word' id='word_1_254' title='bbox 618 2597 763 2625; x_wconf 89' lang='lat' dir='ltr'><strong>incendio</strong></span> <span class='ocrx_word' id='word_1_255' title='bbox 786 2595 993 2632; x_wconf 86' lang='lat' dir='ltr'><strong>consumitur,</strong></span> 
     </span>
     <span class='ocr_line' id='line_1_55' title="bbox 357 2641 780 2683; baseline -0.026 -6"><span class='ocrx_word' id='word_1_256' title='bbox 357 2650 410 2683; x_wconf 73' lang='lat'><strong>26,</strong></span> <span class='ocrx_word' id='word_1_257' title='bbox 426 2649 477 2676; x_wconf 73' lang='lat'><strong>27.</strong></span> <span class='ocrx_word' id='word_1_258' title='bbox 495 2641 642 2674; x_wconf 84' lang='lat' dir='ltr'><strong>reficitur,</strong></span> <span class='ocrx_word' id='word_1_259' title='bbox 659 2644 712 2673; x_wconf 70' lang='lat'><strong>97,</strong></span> <span class='ocrx_word' id='word_1_260' title='bbox 733 2643 780 2667; x_wconf 91' lang='lat' dir='ltr'><strong>ll.</strong></span> 
     </span>
    </p>

    <p class='ocr_par' dir='ltr' id='par_1_21' title="bbox 314 2684 671 2723">
     <span class='ocr_line' id='line_1_56' title="bbox 314 2684 671 2723; baseline -0.036 0"><span class='ocrx_word' id='word_1_261' title='bbox 314 2695 430 2723; x_wconf 84' lang='lat' dir='ltr'><strong>Macer,</strong></span> <span class='ocrx_word' id='word_1_262' title='bbox 445 2687 508 2717; x_wconf 83' lang='lat' dir='ltr'><strong>vid.</strong></span> <span class='ocrx_word' id='word_1_263' title='bbox 521 2684 671 2715; x_wconf 88' lang='lat' dir='ltr'><strong>Licinius.</strong></span> 
     </span>
    </p>

    <p class='ocr_par' dir='ltr' id='par_1_22' title="bbox 314 2724 763 2766">
     <span class='ocr_line' id='line_1_57' title="bbox 314 2724 763 2766; baseline -0.031 -1"><span class='ocrx_word' id='word_1_264' title='bbox 314 2732 504 2766; x_wconf 80' lang='lat' dir='ltr'><strong>Macerinus,</strong></span> <span class='ocrx_word' id='word_1_265' title='bbox 520 2727 579 2758; x_wconf 70' lang='lat' dir='ltr'><strong>vid.</strong></span> <span class='ocrx_word' id='word_1_266' title='bbox 594 2724 763 2764; x_wconf 76' lang='lat' dir='ltr'><strong>Geganius.</strong></span> 
     </span>
    </p>

    <p class='ocr_par' dir='ltr' id='par_1_23' title="bbox 316 2767 997 2896">
     <span class='ocr_line' id='line_1_58' title="bbox 316 2767 997 2811; baseline -0.025 0"><span class='ocrx_word' id='word_1_267' title='bbox 316 2774 530 2811; x_wconf 81' lang='lat' dir='ltr'><strong>Machanidas,</strong></span> <span class='ocrx_word' id='word_1_268' title='bbox 571 2773 723 2808; x_wconf 74' lang='lat' dir='ltr'><strong>tyrannus</strong></span> <span class='ocrx_word' id='word_1_269' title='bbox 768 2767 997 2796; x_wconf 72' lang='lat' dir='ltr'><strong>Lacedaemoni-</strong></span> 
     </span>
     <span class='ocr_line' id='line_1_59' title="bbox 358 2811 994 2853; baseline -0.02 -3"><span class='ocrx_word' id='word_1_270' title='bbox 358 2827 462 2853; x_wconf 90' lang='lat' dir='ltr'><strong>orum,</strong></span> <span class='ocrx_word' id='word_1_271' title='bbox 484 2815 566 2844; x_wconf 86' lang='lat' dir='ltr'><strong>bello</strong></span> <span class='ocrx_word' id='word_1_272' title='bbox 597 2813 677 2850; x_wconf 84' lang='lat' dir='ltr'><strong>petit</strong></span> <span class='ocrx_word' id='word_1_273' title='bbox 700 2811 844 2845; x_wconf 87' lang='lat' dir='ltr'><strong>Achaeos,</strong></span> <span class='ocrx_word' id='word_1_274' title='bbox 867 2814 920 2845; x_wconf 69' lang='lat'><strong>27,</strong></span> <span class='ocrx_word' id='word_1_275' title='bbox 945 2814 994 2840; x_wconf 64' lang='lat'><strong>³29.</strong></span> 
     </span>
     <span class='ocr_line' id='line_1_60' title="bbox 359 2854 996 2896; baseline -0.019 -3"><span class='ocrx_word' id='word_1_276' title='bbox 359 2864 419 2896; x_wconf 75' lang='lat' dir='ltr'><strong>vid·</strong></span> <span class='ocrx_word' id='word_1_277' title='bbox 442 2865 470 2890; x_wconf 75' lang='lat' dir='ltr'><strong>ct</strong></span> <span class='ocrx_word' id='word_1_278' title='bbox 498 2863 551 2895; x_wconf 78' lang='lat'><strong>28,</strong></span> <span class='ocrx_word' id='word_1_279' title='bbox 579 2860 607 2885; x_wconf 82' lang='lat'><strong>5.</strong></span> <span class='ocrx_word' id='word_1_280' title='bbox 644 2855 751 2891; x_wconf 83' lang='lat' dir='ltr'><strong>Eleos,</strong></span> <span class='ocrx_word' id='word_1_281' title='bbox 783 2854 996 2892; x_wconf 81' lang='lat' dir='ltr'><strong>Olympiorum</strong></span> 
     </span>
    </p>
   </div>
   <div class='ocr_carea' id='block_1_7' title="bbox 732 110 1250 160">
    <p class='ocr_par' dir='ltr' id='par_1_24' title="bbox 732 110 1250 160">
     <span class='ocr_line' id='line_1_61' title="bbox 732 110 1250 160; baseline -0.01 0"><span class='ocrx_word' id='word_1_282' title='bbox 732 110 921 160; x_wconf 76' lang='lat' dir='ltr'>&#39;INDEX</span> <span class='ocrx_word' id='word_1_283' title='bbox 950 120 1009 158; x_wconf 86' lang='lat' dir='ltr'><strong>IN</strong></span> <span class='ocrx_word' id='word_1_284' title='bbox 1038 119 1083 156; x_wconf 86' lang='lat' dir='ltr'><strong>T.</strong></span> <span class='ocrx_word' id='word_1_285' title='bbox 1112 118 1250 156; x_wconf 81' lang='lat' dir='ltr'>L1v11</span> 
     </span>
    </p>
   </div>
   <div class='ocr_carea' id='block_1_8' title="bbox 998 229 1707 1599">
    <p class='ocr_par' dir='ltr' id='par_1_25' title="bbox 1038 229 1680 353">
     <span class='ocr_line' id='line_1_62' title="bbox 1038 229 1679 269; baseline -0.003 -10"><span class='ocrx_word' id='word_1_286' title='bbox 1038 230 1186 259; x_wconf 82' lang='lat' dir='ltr'><strong>sollemne</strong></span> <span class='ocrx_word' id='word_1_287' title='bbox 1205 230 1358 259; x_wconf 88' lang='lat' dir='ltr'><strong>ludicrum</strong></span> <span class='ocrx_word' id='word_1_288' title='bbox 1379 231 1536 269; x_wconf 82' lang='lat' dir='ltr'><strong>parantes,</strong></span> <span class='ocrx_word' id='word_1_289' title='bbox 1553 229 1679 269; x_wconf 81' lang='lat' dir='ltr'><strong>aggredi</strong></span> 
     </span>
     <span class='ocr_line' id='line_1_63' title="bbox 1039 274 1680 312; baseline 0 -10"><span class='ocrx_word' id='word_1_290' title='bbox 1039 274 1163 309; x_wconf 83' lang='lat' dir='ltr'><strong>statuit,</strong></span> <span class='ocrx_word' id='word_1_291' title='bbox 1179 277 1232 309; x_wconf 76' lang='lat'><strong>28,</strong></span> <span class='ocrx_word' id='word_1_292' title='bbox 1251 278 1281 305; x_wconf 91' lang='grc'><strong>7.</strong></span> <span class='ocrx_word' id='word_1_293' title='bbox 1297 278 1382 303; x_wconf 90' lang='lat' dir='ltr'><strong>metu</strong></span> <span class='ocrx_word' id='word_1_294' title='bbox 1399 274 1531 312; x_wconf 81' lang='lat' dir='ltr'><strong>Philippi</strong></span> <span class='ocrx_word' id='word_1_295' title='bbox 1546 274 1680 312; x_wconf 83' lang='lat' dir='ltr'><strong>compri-</strong></span> 
     </span>
     <span class='ocr_line' id='line_1_64' title="bbox 1039 316 1246 353; baseline 0.005 -8"><span class='ocrx_word' id='word_1_296' title='bbox 1039 317 1149 353; x_wconf 84' lang='lat' dir='ltr'><strong>mitur,</strong></span> <span class='ocrx_word' id='word_1_297' title='bbox 1167 316 1246 346; x_wconf 75' lang='lat' dir='ltr'><strong>ibid.</strong></span> 
     </span>
    </p>

    <p class='ocr_par' dir='ltr' id='par_1_26' title="bbox 998 359 1662 398">
     <span class='ocr_line' id='line_1_65' title="bbox 998 359 1662 398; baseline 0.002 -12"><span class='ocrx_word' id='word_1_298' title='bbox 998 359 1173 393; x_wconf 85' lang='lat' dir='ltr'><strong>Machares,</strong></span> <span class='ocrx_word' id='word_1_299' title='bbox 1190 359 1270 388; x_wconf 82' lang='lat' dir='ltr'><strong>filius</strong></span> <span class='ocrx_word' id='word_1_300' title='bbox 1287 360 1494 397; x_wconf 82' lang='lat' dir='ltr'><strong>Mithridatis,</strong></span> <span class='ocrx_word' id='word_1_301' title='bbox 1509 359 1594 398; x_wconf 79' lang='lat' dir='ltr'><strong>Epit.</strong></span> <span class='ocrx_word' id='word_1_302' title='bbox 1610 362 1662 390; x_wconf 87' lang='lat'><strong>98.</strong></span> 
     </span>
    </p>

    <p class='ocr_par' dir='ltr' id='par_1_27' title="bbox 1000 402 1553 442">
     <span class='ocr_line' id='line_1_66' title="bbox 1000 402 1553 442; baseline 0.002 -12"><span class='ocrx_word' id='word_1_303' title='bbox 1000 402 1108 431; x_wconf 88' lang='lat' dir='ltr'><strong>Maera</strong></span> <span class='ocrx_word' id='word_1_304' title='bbox 1125 403 1234 437; x_wconf 87' lang='lat' dir='ltr'><strong>Come,</strong></span> <span class='ocrx_word' id='word_1_305' title='bbox 1250 403 1413 442; x_wconf 88' lang='lat' dir='ltr'><strong>oppidum,</strong></span> <span class='ocrx_word' id='word_1_306' title='bbox 1430 407 1485 440; x_wconf 67' lang='lat'><strong>32,</strong></span> <span class='ocrx_word' id='word_1_307' title='bbox 1505 407 1553 431; x_wconf 85' lang='grc'><strong>13.</strong></span> 
     </span>
    </p>

    <p class='ocr_par' dir='ltr' id='par_1_28' title="bbox 1002 445 1543 483">
     <span class='ocr_line' id='line_1_67' title="bbox 1002 445 1543 483; baseline -0.002 -9"><span class='ocrx_word' id='word_1_308' title='bbox 1002 445 1123 477; x_wconf 87' lang='lat' dir='ltr'><strong>Macra,</strong></span> <span class='ocrx_word' id='word_1_309' title='bbox 1139 445 1265 482; x_wconf 78' lang='lat' dir='ltr'><strong>fluvius,</strong></span> <span class='ocrx_word' id='word_1_310' title='bbox 1280 451 1336 481; x_wconf 84' lang='lat'><strong>39,</strong></span> <span class='ocrx_word' id='word_1_311' title='bbox 1351 450 1403 476; x_wconf 71' lang='lat'><strong>32.</strong></span> <span class='ocrx_word' id='word_1_312' title='bbox 1420 451 1475 483; x_wconf 88' lang='lat'><strong>40,</strong></span> <span class='ocrx_word' id='word_1_313' title='bbox 1491 445 1543 474; x_wconf 77' lang='lat'><strong>41.</strong></span> 
     </span>
    </p>

    <p class='ocr_par' dir='ltr' id='par_1_29' title="bbox 1003 488 1506 526">
     <span class='ocr_line' id='line_1_68' title="bbox 1003 488 1506 526; baseline 0.002 -10"><span class='ocrx_word' id='word_1_314' title='bbox 1003 488 1101 517; x_wconf 86' lang='lat' dir='ltr'><strong>Macri</strong></span> <span class='ocrx_word' id='word_1_315' title='bbox 1117 489 1230 526; x_wconf 88' lang='lat' dir='ltr'><strong>campi,</strong></span> <span class='ocrx_word' id='word_1_316' title='bbox 1245 493 1297 523; x_wconf 87' lang='grc'><strong>41,</strong></span> <span class='ocrx_word' id='word_1_317' title='bbox 1314 493 1365 519; x_wconf 71' lang='lat'><strong>22.</strong></span> <span class='ocrx_word' id='word_1_318' title='bbox 1381 493 1436 525; x_wconf 85' lang='lat'><strong>45,</strong></span> <span class='ocrx_word' id='word_1_319' title='bbox 1456 494 1506 518; x_wconf 71' lang='lat'><strong>12.</strong></span> 
     </span>
    </p>

    <p class='ocr_par' dir='ltr' id='par_1_30' title="bbox 1004 531 1577 566">
     <span class='ocr_line' id='line_1_69' title="bbox 1004 531 1577 566; baseline -0.002 -7"><span class='ocrx_word' id='word_1_320' title='bbox 1004 532 1132 566; x_wconf 82' lang='lat' dir='ltr'><strong>Macris,</strong></span> <span class='ocrx_word' id='word_1_321' title='bbox 1148 531 1261 566; x_wconf 77' lang='lat' dir='ltr'><strong>insula,</strong></span> <span class='ocrx_word' id='word_1_322' title='bbox 1274 536 1328 565; x_wconf 84' lang='lat'><strong>37,</strong></span> <span class='ocrx_word' id='word_1_323' title='bbox 1349 537 1398 562; x_wconf 84' lang='lat'><strong>13.</strong></span> <span class='ocrx_word' id='word_1_324' title='bbox 1412 537 1462 561; x_wconf 73' lang='lat'><strong>²28.</strong></span> <span class='ocrx_word' id='word_1_325' title='bbox 1482 534 1510 561; x_wconf 80' lang='lat' dir='ltr'><strong>et</strong></span> <span class='ocrx_word' id='word_1_326' title='bbox 1527 534 1577 562; x_wconf 66' lang='lat'><strong>29.</strong></span> 
     </span>
    </p>

    <p class='ocr_par' dir='ltr' id='par_1_31' title="bbox 1003 574 1621 614">
     <span class='ocr_line' id='line_1_70' title="bbox 1003 574 1621 614; baseline -0.002 -11"><span class='ocrx_word' id='word_1_327' title='bbox 1003 574 1200 608; x_wconf 81' lang='lat' dir='ltr'><strong>Maduateni.</strong></span> <span class='ocrx_word' id='word_1_328' title='bbox 1211 575 1349 604; x_wconf 61' lang='lat' dir='ltr'><strong>Thracia*</strong></span> <span class='ocrx_word' id='word_1_329' title='bbox 1366 576 1483 614; x_wconf 66' lang='lat' dir='ltr'><strong>populi,</strong></span> <span class='ocrx_word' id='word_1_330' title='bbox 1499 578 1552 606; x_wconf 82' lang='lat'><strong>33.</strong></span> <span class='ocrx_word' id='word_1_331' title='bbox 1569 578 1621 603; x_wconf 92' lang='lat'><strong>40.</strong></span> 
     </span>
    </p>

    <p class='ocr_par' dir='ltr' id='par_1_32' title="bbox 1005 618 1688 656">
     <span class='ocr_line' id='line_1_71' title="bbox 1005 618 1688 656; baseline -0.003 -10"><span class='ocrx_word' id='word_1_332' title='bbox 1005 618 1356 656; x_wconf 81' lang='lat' dir='ltr'><strong>Madytus,Chersonesi</strong></span> <span class='ocrx_word' id='word_1_333' title='bbox 1367 620 1493 654; x_wconf 85' lang='lat' dir='ltr'><strong>urbs,3l</strong></span> <span class='ocrx_word' id='word_1_334' title='bbox 1502 621 1566 653; x_wconf 84' lang='lat'><strong>,16.</strong></span> <span class='ocrx_word' id='word_1_335' title='bbox 1577 621 1651 653; x_wconf 86' lang='grc'><strong>33,3</strong></span> <span class='ocrx_word' id='word_1_336' title='bbox 1659 620 1688 645; x_wconf 82' lang='lat'><strong>8.</strong></span> 
     </span>
    </p>

    <p class='ocr_par' dir='ltr' id='par_1_33' title="bbox 1006 660 1689 786">
     <span class='ocr_line' id='line_1_72' title="bbox 1006 660 1687 698; baseline -0.003 -9"><span class='ocrx_word' id='word_1_337' title='bbox 1006 661 1174 695; x_wconf 70' lang='lat' dir='ltr'><strong>Maeander,</strong></span> <span class='ocrx_word' id='word_1_338' title='bbox 1190 662 1317 698; x_wconf 84' lang='lat' dir='ltr'><strong>fluvius,</strong></span> <span class='ocrx_word' id='word_1_339' title='bbox 1341 666 1393 695; x_wconf 78' lang='lat'><strong>37,</strong></span> <span class='ocrx_word' id='word_1_340' title='bbox 1412 666 1465 691; x_wconf 92' lang='lat'><strong>45.</strong></span> <span class='ocrx_word' id='word_1_341' title='bbox 1487 667 1517 690; x_wconf 81' lang='lat' dir='ltr'><strong>ct</strong></span> <span class='ocrx_word' id='word_1_342' title='bbox 1535 663 1583 690; x_wconf 85' lang='lat'><strong>56.</strong></span> <span class='ocrx_word' id='word_1_343' title='bbox 1619 660 1687 697; x_wconf 83' lang='lat' dir='ltr'><strong>ejus</strong></span> 
     </span>
     <span class='ocr_line' id='line_1_73' title="bbox 1049 703 1689 739; baseline -0.003 -6"><span class='ocrx_word' id='word_1_344' title='bbox 1049 705 1149 733; x_wconf 83' lang='lat' dir='ltr'><strong>amnis</strong></span> <span class='ocrx_word' id='word_1_345' title='bbox 1179 705 1282 734; x_wconf 69' lang='lat' dir='ltr'><strong>fontes</strong></span> <span class='ocrx_word' id='word_1_346' title='bbox 1300 703 1432 734; x_wconf 83' lang='lat' dir='ltr'><strong>Celaenis</strong></span> <span class='ocrx_word' id='word_1_347' title='bbox 1455 706 1612 739; x_wconf 83' lang='lat' dir='ltr'><strong>oriuntur,</strong></span> <span class='ocrx_word' id='word_1_348' title='bbox 1633 707 1689 738; x_wconf 81' lang='grc'><strong>88,</strong></span> 
     </span>
     <span class='ocr_line' id='line_1_74' title="bbox 1053 748 1623 786; baseline -0.002 -11"><span class='ocrx_word' id='word_1_349' title='bbox 1053 752 1101 776; x_wconf 89' lang='grc'><strong>13.</strong></span> <span class='ocrx_word' id='word_1_350' title='bbox 1119 748 1197 777; x_wconf 80' lang='lat' dir='ltr'><strong>vado</strong></span> <span class='ocrx_word' id='word_1_351' title='bbox 1216 748 1352 786; x_wconf 85' lang='lat' dir='ltr'><strong>superari</strong></span> <span class='ocrx_word' id='word_1_352' title='bbox 1369 757 1431 777; x_wconf 91' lang='lat' dir='ltr'><strong>non</strong></span> <span class='ocrx_word' id='word_1_353' title='bbox 1443 751 1559 786; x_wconf 80' lang='lat' dir='ltr'><strong>potest,</strong></span> <span class='ocrx_word' id='word_1_354' title='bbox 1575 751 1623 775; x_wconf 67' lang='grc'><strong>19.</strong></span> 
     </span>
    </p>

    <p class='ocr_par' dir='ltr' id='par_1_34' title="bbox 1008 790 1691 827">
     <span class='ocr_line' id='line_1_75' title="bbox 1008 790 1691 827; baseline 0 -9"><span class='ocrx_word' id='word_1_355' title='bbox 1008 790 1229 820; x_wconf 81' lang='lat' dir='ltr'><strong>Maeciatribus</strong></span> <span class='ocrx_word' id='word_1_356' title='bbox 1241 791 1357 827; x_wconf 78' lang='lat' dir='ltr'><strong>addita,</strong></span> <span class='ocrx_word' id='word_1_357' title='bbox 1369 795 1454 825; x_wconf 78' lang='grc'><strong>8,17.</strong></span> <span class='ocrx_word' id='word_1_358' title='bbox 1466 791 1528 819; x_wconf 76' lang='lat' dir='ltr'><strong>vicl.</strong></span> <span class='ocrx_word' id='word_1_359' title='bbox 1542 792 1568 819; x_wconf 81' lang='lat' dir='ltr'><strong>et</strong></span> <span class='ocrx_word' id='word_1_360' title='bbox 1581 793 1691 825; x_wconf 71' lang='lat'><strong>29‚37.</strong></span> 
     </span>
    </p>

    <p class='ocr_par' dir='ltr' id='par_1_35' title="bbox 1009 834 1629 873">
     <span class='ocr_line' id='line_1_76' title="bbox 1009 834 1629 873; baseline -0.002 -11"><span class='ocrx_word' id='word_1_361' title='bbox 1009 834 1043 862; x_wconf 88' lang='lat' dir='ltr'><strong>P.</strong></span> <span class='ocrx_word' id='word_1_362' title='bbox 1060 834 1226 869; x_wconf 83' lang='lat' dir='ltr'><strong>Maecilius,</strong></span> <span class='ocrx_word' id='word_1_363' title='bbox 1241 834 1386 862; x_wconf 87' lang='lat' dir='ltr'><strong>tribunus</strong></span> <span class='ocrx_word' id='word_1_364' title='bbox 1401 834 1514 873; x_wconf 63' lang='lat' dir='ltr'><strong>plebhz,</strong></span> <span class='ocrx_word' id='word_1_365' title='bbox 1531 838 1561 865; x_wconf 72' lang='lat'><strong>2.</strong></span> <span class='ocrx_word' id='word_1_366' title='bbox 1579 837 1629 862; x_wconf 74' lang='lat'><strong>58.</strong></span> 
     </span>
    </p>

    <p class='ocr_par' dir='ltr' id='par_1_36' title="bbox 1010 876 1693 993">
     <span class='ocr_line' id='line_1_77' title="bbox 1010 876 1691 915; baseline -0.004 -10"><span class='ocrx_word' id='word_1_367' title='bbox 1010 877 1061 915; x_wconf 77' lang='lat' dir='ltr'><strong>Sp.</strong></span> <span class='ocrx_word' id='word_1_368' title='bbox 1080 877 1233 905; x_wconf 74' lang='lat' dir='ltr'><strong>Maecilius</strong></span> <span class='ocrx_word' id='word_1_369' title='bbox 1249 877 1359 906; x_wconf 78' lang='lat' dir='ltr'><strong>absens</strong></span> <span class='ocrx_word' id='word_1_370' title='bbox 1376 880 1520 914; x_wconf 89' lang='lat' dir='ltr'><strong>quartum</strong></span> <span class='ocrx_word' id='word_1_371' title='bbox 1543 876 1691 904; x_wconf 85' lang='lat' dir='ltr'><strong>tribunus</strong></span> 
     </span>
     <span class='ocr_line' id='line_1_78' title="bbox 1053 919 1693 958; baseline -0.002 -11"><span class='ocrx_word' id='word_1_372' title='bbox 1053 920 1150 958; x_wconf 83' lang='lat' dir='ltr'><strong>plebis</strong></span> <span class='ocrx_word' id='word_1_373' title='bbox 1168 923 1301 957; x_wconf 74' lang='lat' dir='ltr'><strong>creatur,</strong></span> <span class='ocrx_word' id='word_1_374' title='bbox 1316 924 1348 954; x_wconf 87' lang='lat'><strong>4,</strong></span> <span class='ocrx_word' id='word_1_375' title='bbox 1365 924 1416 948; x_wconf 81' lang='lat'><strong>48.</strong></span> <span class='ocrx_word' id='word_1_376' title='bbox 1433 919 1576 949; x_wconf 79' lang='lat' dir='ltr'><strong>turbator</strong></span> <span class='ocrx_word' id='word_1_377' title='bbox 1592 919 1693 957; x_wconf 82' lang='lat' dir='ltr'><strong>vulgi,</strong></span> 
     </span>
     <span class='ocr_line' id='line_1_79' title="bbox 1054 963 1128 993; baseline 0.027 -2"><span class='ocrx_word' id='word_1_378' title='bbox 1054 963 1128 993; x_wconf 76' lang='lat' dir='ltr'><strong>ibid.</strong></span> 
     </span>
    </p>

    <p class='ocr_par' dir='ltr' id='par_1_37' title="bbox 1012 1006 1512 1045">
     <span class='ocr_line' id='line_1_80' title="bbox 1012 1006 1512 1045; baseline 0 -11"><span class='ocrx_word' id='word_1_379' title='bbox 1012 1006 1119 1039; x_wconf 79' lang='lat' dir='ltr'><strong>Maedi,</strong></span> <span class='ocrx_word' id='word_1_380' title='bbox 1136 1006 1257 1045; x_wconf 84' lang='lat' dir='ltr'><strong>populi,</strong></span> <span class='ocrx_word' id='word_1_381' title='bbox 1274 1008 1326 1042; x_wconf 75' lang='lat'><strong>26,</strong></span> <span class='ocrx_word' id='word_1_382' title='bbox 1340 1010 1391 1035; x_wconf 62' lang='lat'><strong>25.</strong></span> <span class='ocrx_word' id='word_1_383' title='bbox 1409 1009 1464 1042; x_wconf 68' lang='lat'><strong>⁴28,</strong></span> <span class='ocrx_word' id='word_1_384' title='bbox 1482 1009 1512 1034; x_wconf 91' lang='grc'><strong>5.</strong></span> 
     </span>
    </p>

    <p class='ocr_par' dir='ltr' id='par_1_38' title="bbox 1013 1047 1697 1165">
     <span class='ocr_line' id='line_1_81' title="bbox 1013 1047 1692 1084; baseline -0.004 -6"><span class='ocrx_word' id='word_1_385' title='bbox 1013 1049 1146 1079; x_wconf 83' lang='lat' dir='ltr'><strong>Maedica</strong></span> <span class='ocrx_word' id='word_1_386' title='bbox 1162 1050 1255 1084; x_wconf 75' lang='lat' dir='ltr'><strong>regio,</strong></span> <span class='ocrx_word' id='word_1_387' title='bbox 1272 1052 1325 1082; x_wconf 71' lang='lat'><strong>26,</strong></span> <span class='ocrx_word' id='word_1_388' title='bbox 1339 1053 1389 1077; x_wconf 71' lang='lat'><strong>25.</strong></span> <span class='ocrx_word' id='word_1_389' title='bbox 1414 1052 1470 1084; x_wconf 88' lang='lat'><strong>40,</strong></span> <span class='ocrx_word' id='word_1_390' title='bbox 1486 1052 1537 1076; x_wconf 72' lang='lat'><strong>21.</strong></span> <span class='ocrx_word' id='word_1_391' title='bbox 1560 1047 1592 1076; x_wconf 93' lang='lat' dir='ltr'><strong>in</strong></span> <span class='ocrx_word' id='word_1_392' title='bbox 1616 1047 1692 1076; x_wconf 79' lang='lat' dir='ltr'><strong>Mae-</strong></span> 
     </span>
     <span class='ocr_line' id='line_1_82' title="bbox 1056 1091 1697 1129; baseline -0.005 -8"><span class='ocrx_word' id='word_1_393' title='bbox 1056 1093 1155 1123; x_wconf 81' lang='lat' dir='ltr'><strong>dicam</strong></span> <span class='ocrx_word' id='word_1_394' title='bbox 1194 1093 1361 1121; x_wconf 84' lang='lat' dir='ltr'><strong>exercitum</strong></span> <span class='ocrx_word' id='word_1_395' title='bbox 1400 1092 1486 1121; x_wconf 87' lang='lat' dir='ltr'><strong>ducit</strong></span> <span class='ocrx_word' id='word_1_396' title='bbox 1521 1091 1697 1129; x_wconf 82' lang='lat' dir='ltr'><strong>Philippus,</strong></span> 
     </span>
     <span class='ocr_line' id='line_1_83' title="bbox 1057 1136 1132 1165; baseline 0.013 -1"><span class='ocrx_word' id='word_1_397' title='bbox 1057 1136 1132 1165; x_wconf 81' lang='lat' dir='ltr'><strong>ibid.</strong></span> 
     </span>
    </p>

    <p class='ocr_par' dir='ltr' id='par_1_39' title="bbox 1014 1177 1698 1261">
     <span class='ocr_line' id='line_1_84' title="bbox 1014 1177 1698 1214; baseline -0.001 -7"><span class='ocrx_word' id='word_1_398' title='bbox 1014 1179 1046 1207; x_wconf 83' lang='lat' dir='ltr'><strong>P.</strong></span> <span class='ocrx_word' id='word_1_399' title='bbox 1065 1179 1201 1214; x_wconf 77' lang='lat' dir='ltr'><strong>Maelius,</strong></span> <span class='ocrx_word' id='word_1_400' title='bbox 1216 1179 1361 1208; x_wconf 83' lang='lat' dir='ltr'><strong>tribunus</strong></span> <span class='ocrx_word' id='word_1_401' title='bbox 1384 1177 1519 1208; x_wconf 84' lang='lat' dir='ltr'><strong>militum</strong></span> <span class='ocrx_word' id='word_1_402' title='bbox 1543 1177 1698 1207; x_wconf 82' lang='lat' dir='ltr'><strong>consulari</strong></span> 
     </span>
     <span class='ocr_line' id='line_1_85' title="bbox 1058 1222 1562 1261; baseline -0.002 -11"><span class='ocrx_word' id='word_1_403' title='bbox 1058 1225 1227 1261; x_wconf 79' lang='lat' dir='ltr'><strong>potestate,</strong></span> <span class='ocrx_word' id='word_1_404' title='bbox 1241 1226 1273 1256; x_wconf 87' lang='lat'><strong>5,</strong></span> <span class='ocrx_word' id='word_1_405' title='bbox 1299 1226 1345 1249; x_wconf 71' lang='lat'><strong>12.</strong></span> <span class='ocrx_word' id='word_1_406' title='bbox 1365 1222 1491 1257; x_wconf 84' lang='lat' dir='ltr'><strong>iterum,</strong></span> <span class='ocrx_word' id='word_1_407' title='bbox 1514 1225 1562 1250; x_wconf 84' lang='grc'><strong>18.</strong></span> 
     </span>
    </p>

    <p class='ocr_par' dir='ltr' id='par_1_40' title="bbox 1017 1263 1583 1303">
     <span class='ocr_line' id='line_1_86' title="bbox 1017 1263 1583 1303; baseline -0.005 -8"><span class='ocrx_word' id='word_1_408' title='bbox 1017 1264 1058 1295; x_wconf 84' lang='lat' dir='ltr'><strong>Q.</strong></span> <span class='ocrx_word' id='word_1_409' title='bbox 1072 1265 1204 1298; x_wconf 75' lang='lat' dir='ltr'><strong>Maelius,</strong></span> <span class='ocrx_word' id='word_1_410' title='bbox 1218 1263 1482 1303; x_wconf 59' lang='lat' dir='ltr'><strong>tribunusplebis,</strong></span> <span class='ocrx_word' id='word_1_411' title='bbox 1500 1268 1533 1299; x_wconf 89' lang='lat'><strong>9,</strong></span> <span class='ocrx_word' id='word_1_412' title='bbox 1553 1268 1583 1292; x_wconf 91' lang='lat'><strong>8.</strong></span> 
     </span>
    </p>

    <p class='ocr_par' dir='ltr' id='par_1_41' title="bbox 1019 1306 1707 1599">
     <span class='ocr_line' id='line_1_87' title="bbox 1019 1306 1699 1346; baseline -0.003 -11"><span class='ocrx_word' id='word_1_413' title='bbox 1019 1307 1072 1346; x_wconf 86' lang='lat' dir='ltr'><strong>Sp.</strong></span> <span class='ocrx_word' id='word_1_414' title='bbox 1096 1307 1233 1340; x_wconf 74' lang='lat' dir='ltr'><strong>Maelius,</strong></span> <span class='ocrx_word' id='word_1_415' title='bbox 1251 1317 1286 1336; x_wconf 87' lang='lat' dir='ltr'><strong>ex</strong></span> <span class='ocrx_word' id='word_1_416' title='bbox 1303 1308 1436 1345; x_wconf 87' lang='lat' dir='ltr'><strong>equestri</strong></span> <span class='ocrx_word' id='word_1_417' title='bbox 1460 1307 1579 1339; x_wconf 78' lang='lat' dir='ltr'><strong>ordine,</strong></span> <span class='ocrx_word' id='word_1_418' title='bbox 1604 1306 1699 1343; x_wconf 71' lang='lat' dir='ltr'><strong>largi-</strong></span> 
     </span>
     <span class='ocr_line' id='line_1_88' title="bbox 1061 1350 1700 1380; baseline -0.003 -1"><span class='ocrx_word' id='word_1_419' title='bbox 1061 1350 1162 1380; x_wconf 83' lang='lat' dir='ltr'><strong>tiones</strong></span> <span class='ocrx_word' id='word_1_420' title='bbox 1190 1350 1340 1379; x_wconf 80' lang='lat' dir='ltr'><strong>frumenti</strong></span> <span class='ocrx_word' id='word_1_421' title='bbox 1367 1351 1466 1380; x_wconf 80' lang='lat' dir='ltr'><strong>saccrc</strong></span> <span class='ocrx_word' id='word_1_422' title='bbox 1496 1350 1636 1379; x_wconf 85' lang='lat' dir='ltr'><strong>instituit</strong></span> <span class='ocrx_word' id='word_1_423' title='bbox 1668 1350 1700 1377; x_wconf 89' lang='lat' dir='ltr'><strong>in</strong></span> 
     </span>
     <span class='ocr_line' id='line_1_89' title="bbox 1061 1393 1701 1429; baseline -0.002 -7"><span class='ocrx_word' id='word_1_424' title='bbox 1061 1402 1194 1422; x_wconf 73' lang='lat' dir='ltr'><strong>annonae</strong></span> <span class='ocrx_word' id='word_1_425' title='bbox 1227 1394 1368 1428; x_wconf 85' lang='lat' dir='ltr'><strong>caritate,</strong></span> <span class='ocrx_word' id='word_1_426' title='bbox 1397 1397 1429 1427; x_wconf 84' lang='lat'><strong>4,</strong></span> <span class='ocrx_word' id='word_1_427' title='bbox 1461 1397 1508 1422; x_wconf 89' lang='grc'><strong>13.</strong></span> <span class='ocrx_word' id='word_1_428' title='bbox 1536 1393 1572 1421; x_wconf 91' lang='lat' dir='ltr'><strong>de</strong></span> <span class='ocrx_word' id='word_1_429' title='bbox 1606 1401 1701 1429; x_wconf 86' lang='lat' dir='ltr'><strong>regno</strong></span> 
     </span>
     <span class='ocr_line' id='line_1_90' title="bbox 1061 1435 1705 1475; baseline -0.003 -10"><span class='ocrx_word' id='word_1_430' title='bbox 1061 1437 1198 1475; x_wconf 77' lang='lat' dir='ltr'><strong>parando</strong></span> <span class='ocrx_word' id='word_1_431' title='bbox 1215 1437 1327 1475; x_wconf 76' lang='lat' dir='ltr'><strong>agitat,</strong></span> <span class='ocrx_word' id='word_1_432' title='bbox 1345 1436 1418 1465; x_wconf 72' lang='lat' dir='ltr'><strong>ibid.</strong></span> <span class='ocrx_word' id='word_1_433' title='bbox 1435 1439 1564 1465; x_wconf 76' lang='lat' dir='ltr'><strong>vocatur</strong></span> <span class='ocrx_word' id='word_1_434' title='bbox 1586 1436 1623 1464; x_wconf 78' lang='lat' dir='ltr'><strong>ad</strong></span> <span class='ocrx_word' id='word_1_435' title='bbox 1641 1435 1705 1463; x_wconf 85' lang='lat' dir='ltr'><strong>dic-</strong></span> 
     </span>
     <span class='ocr_line' id='line_1_91' title="bbox 1061 1478 1705 1515; baseline -0.005 -6"><span class='ocrx_word' id='word_1_436' title='bbox 1061 1483 1193 1509; x_wconf 81' lang='lat' dir='ltr'><strong>tatorem</strong></span> <span class='ocrx_word' id='word_1_437' title='bbox 1212 1480 1450 1515; x_wconf 67' lang='lat' dir='ltr'><strong>Cincinnatum,</strong></span> <span class='ocrx_word' id='word_1_438' title='bbox 1471 1483 1518 1507; x_wconf 87' lang='lat'><strong>14.</strong></span> <span class='ocrx_word' id='word_1_439' title='bbox 1542 1479 1580 1507; x_wconf 82' lang='lat' dir='ltr'><strong>ab</strong></span> <span class='ocrx_word' id='word_1_440' title='bbox 1604 1478 1705 1507; x_wconf 86' lang='lat' dir='ltr'><strong>Ahala</strong></span> 
     </span>
     <span class='ocr_line' id='line_1_92' title="bbox 1064 1521 1707 1560; baseline -0.005 -8"><span class='ocrx_word' id='word_1_441' title='bbox 1064 1523 1193 1552; x_wconf 83' lang='lat' dir='ltr'><strong>Servilio</strong></span> <span class='ocrx_word' id='word_1_442' title='bbox 1215 1523 1363 1558; x_wconf 83' lang='lat' dir='ltr'><strong>magistro</strong></span> <span class='ocrx_word' id='word_1_443' title='bbox 1385 1523 1525 1560; x_wconf 84' lang='lat' dir='ltr'><strong>equitum</strong></span> <span class='ocrx_word' id='word_1_444' title='bbox 1542 1521 1707 1558; x_wconf 84' lang='lat' dir='ltr'><strong>occiditur,</strong></span> 
     </span>
     <span class='ocr_line' id='line_1_93' title="bbox 1065 1565 1706 1599; baseline -0.002 -4"><span class='ocrx_word' id='word_1_445' title='bbox 1065 1566 1139 1595; x_wconf 71' lang='lat' dir='ltr'><strong>ibid.</strong></span> <span class='ocrx_word' id='word_1_446' title='bbox 1165 1566 1282 1595; x_wconf 79' lang='lat' dir='ltr'><strong>factum</strong></span> <span class='ocrx_word' id='word_1_447' title='bbox 1313 1566 1451 1595; x_wconf 71' lang='lat' dir='ltr'><strong>defendit</strong></span> <span class='ocrx_word' id='word_1_448' title='bbox 1478 1565 1625 1599; x_wconf 79' lang='lat' dir='ltr'><strong>dictator,</strong></span> <span class='ocrx_word' id='word_1_449' title='bbox 1657 1569 1706 1594; x_wconf 85' lang='lat'><strong>15.</strong></span> 
     </span>
    </p>
   </div>
   <div class='ocr_carea' id='block_1_9' title="bbox 1066 1608 1707 1682">
    <p class='ocr_par' dir='ltr' id='par_1_42' title="bbox 1066 1608 1707 1682">
     <span class='ocr_line' id='line_1_94' title="bbox 1066 1608 1707 1647; baseline -0.002 -10"><span class='ocrx_word' id='word_1_450' title='bbox 1066 1610 1175 1638; x_wconf 89' lang='lat' dir='ltr'><strong>domus</strong></span> <span class='ocrx_word' id='word_1_451' title='bbox 1191 1609 1258 1647; x_wconf 76' lang='lat' dir='ltr'><strong>ejus</strong></span> <span class='ocrx_word' id='word_1_452' title='bbox 1277 1609 1424 1646; x_wconf 84' lang='lat' dir='ltr'><strong>diruitur,</strong></span> <span class='ocrx_word' id='word_1_453' title='bbox 1452 1611 1499 1638; x_wconf 88' lang='grc'><strong>16.</strong></span> <span class='ocrx_word' id='word_1_454' title='bbox 1516 1608 1579 1638; x_wconf 79' lang='lat' dir='ltr'><strong>vid.</strong></span> <span class='ocrx_word' id='word_1_455' title='bbox 1594 1609 1707 1646; x_wconf 79' lang='lat' dir='ltr'><strong>AEqui-</strong></span> 
     </span>
     <span class='ocr_line' id='line_1_95' title="bbox 1067 1652 1214 1682; baseline 0.014 -2"><span class='ocrx_word' id='word_1_456' title='bbox 1067 1652 1214 1682; x_wconf 71' lang='lat' dir='ltr'><strong>maelium.</strong></span> 
     </span>
    </p>
   </div>
   <div class='ocr_carea' id='block_1_10' title="bbox 1024 1695 1723 2894">
    <p class='ocr_par' dir='ltr' id='par_1_43' title="bbox 1024 1695 1457 1731">
     <span class='ocr_line' id='line_1_96' title="bbox 1024 1695 1457 1731; baseline -0.002 -6"><span class='ocrx_word' id='word_1_457' title='bbox 1024 1695 1175 1725; x_wconf 67' lang='lat' dir='ltr'><strong>Maenium</strong></span> <span class='ocrx_word' id='word_1_458' title='bbox 1194 1696 1321 1731; x_wconf 78' lang='lat' dir='ltr'><strong>atrium,</strong></span> <span class='ocrx_word' id='word_1_459' title='bbox 1336 1699 1391 1731; x_wconf 82' lang='lat'><strong>89,</strong></span> <span class='ocrx_word' id='word_1_460' title='bbox 1404 1699 1457 1725; x_wconf 89' lang='lat'><strong>44.</strong></span> 
     </span>
    </p>

    <p class='ocr_par' dir='ltr' id='par_1_44' title="bbox 1025 1737 1714 2119">
     <span class='ocr_line' id='line_1_97' title="bbox 1025 1737 1707 1775; baseline -0.003 -7"><span class='ocrx_word' id='word_1_461' title='bbox 1025 1740 1059 1768; x_wconf 90' lang='lat' dir='ltr'><strong>C.</strong></span> <span class='ocrx_word' id='word_1_462' title='bbox 1086 1739 1234 1775; x_wconf 79' lang='lat' dir='ltr'><strong>Maenius,</strong></span> <span class='ocrx_word' id='word_1_463' title='bbox 1271 1737 1394 1774; x_wconf 88' lang='lat' dir='ltr'><strong>consul,</strong></span> <span class='ocrx_word' id='word_1_464' title='bbox 1424 1738 1524 1766; x_wconf 83' lang='lat' dir='ltr'><strong>vincit</strong></span> <span class='ocrx_word' id='word_1_465' title='bbox 1560 1738 1707 1767; x_wconf 84' lang='lat' dir='ltr'><strong>Aricinos</strong></span> 
     </span>
     <span class='ocr_line' id='line_1_98' title="bbox 1067 1781 1709 1820; baseline 0 -10"><span class='ocrx_word' id='word_1_466' title='bbox 1067 1781 1289 1820; x_wconf 74' lang='lat' dir='ltr'><strong>Laviniosque,</strong></span> <span class='ocrx_word' id='word_1_467' title='bbox 1310 1786 1341 1817; x_wconf 75' lang='lat'><strong>8,</strong></span> <span class='ocrx_word' id='word_1_468' title='bbox 1361 1785 1408 1810; x_wconf 85' lang='lat'><strong>13.</strong></span> <span class='ocrx_word' id='word_1_469' title='bbox 1425 1781 1615 1819; x_wconf 81' lang='lat' dir='ltr'><strong>triumphat,</strong></span> <span class='ocrx_word' id='word_1_470' title='bbox 1632 1781 1709 1810; x_wconf 65' lang='lat' dir='ltr'><strong>ibid.</strong></span> 
     </span>
     <span class='ocr_line' id='line_1_99' title="bbox 1067 1824 1708 1862; baseline 0 -9"><span class='ocrx_word' id='word_1_471' title='bbox 1067 1828 1173 1853; x_wconf 77' lang='lat' dir='ltr'><strong>statua</strong></span> <span class='ocrx_word' id='word_1_472' title='bbox 1198 1825 1349 1862; x_wconf 83' lang='lat' dir='ltr'><strong>equestris</strong></span> <span class='ocrx_word' id='word_1_473' title='bbox 1380 1824 1407 1853; x_wconf 90' lang='lat' dir='ltr'><strong>ei</strong></span> <span class='ocrx_word' id='word_1_474' title='bbox 1435 1825 1466 1852; x_wconf 88' lang='lat' dir='ltr'><strong>in</strong></span> <span class='ocrx_word' id='word_1_475' title='bbox 1494 1824 1562 1853; x_wconf 89' lang='lat' dir='ltr'><strong>foro</strong></span> <span class='ocrx_word' id='word_1_476' title='bbox 1591 1825 1708 1862; x_wconf 60' lang='lat' dir='ltr'><strong>posita,</strong></span> 
     </span>
     <span class='ocr_line' id='line_1_100' title="bbox 1069 1867 1710 1905; baseline 0 -9"><span class='ocrx_word' id='word_1_477' title='bbox 1069 1867 1145 1897; x_wconf 79' lang='lat' dir='ltr'><strong>ibid.</strong></span> <span class='ocrx_word' id='word_1_478' title='bbox 1161 1868 1368 1905; x_wconf 82' lang='lat' dir='ltr'><strong>quaestionum</strong></span> <span class='ocrx_word' id='word_1_479' title='bbox 1387 1868 1423 1896; x_wconf 85' lang='lat' dir='ltr'><strong>de</strong></span> <span class='ocrx_word' id='word_1_480' title='bbox 1439 1867 1609 1904; x_wconf 86' lang='lat' dir='ltr'><strong>conjuratis</strong></span> <span class='ocrx_word' id='word_1_481' title='bbox 1625 1877 1710 1896; x_wconf 83' lang='lat' dir='ltr'><strong>exer-</strong></span> 
     </span>
     <span class='ocr_line' id='line_1_101' title="bbox 1069 1910 1711 1948; baseline 0.002 -9"><span class='ocrx_word' id='word_1_482' title='bbox 1069 1911 1236 1940; x_wconf 83' lang='lat' dir='ltr'><strong>cendarum</strong></span> <span class='ocrx_word' id='word_1_483' title='bbox 1268 1919 1376 1940; x_wconf 81' lang='lat' dir='ltr'><strong>caussa</strong></span> <span class='ocrx_word' id='word_1_484' title='bbox 1411 1910 1543 1939; x_wconf 82' lang='lat' dir='ltr'><strong>dictator</strong></span> <span class='ocrx_word' id='word_1_485' title='bbox 1576 1914 1711 1948; x_wconf 83' lang='lat' dir='ltr'><strong>creatur,</strong></span> 
     </span>
     <span class='ocr_line' id='line_1_102' title="bbox 1070 1954 1712 1988; baseline 0 -4"><span class='ocrx_word' id='word_1_486' title='bbox 1070 1957 1103 1988; x_wconf 88' lang='lat'><strong>9,</strong></span> <span class='ocrx_word' id='word_1_487' title='bbox 1142 1955 1193 1983; x_wconf 72' lang='lat'><strong>26.</strong></span> <span class='ocrx_word' id='word_1_488' title='bbox 1230 1954 1258 1982; x_wconf 87' lang='lat' dir='ltr'><strong>ei</strong></span> <span class='ocrx_word' id='word_1_489' title='bbox 1296 1954 1462 1983; x_wconf 85' lang='lat' dir='ltr'><strong>minitatur</strong></span> <span class='ocrx_word' id='word_1_490' title='bbox 1484 1954 1712 1984; x_wconf 77' lang='lat' dir='ltr'><strong>accusationem</strong></span> 
     </span>
     <span class='ocr_line' id='line_1_103' title="bbox 1071 1996 1712 2034; baseline 0.002 -9"><span class='ocrx_word' id='word_1_491' title='bbox 1071 1996 1232 2033; x_wconf 81' lang='lat' dir='ltr'><strong>nobilitas,</strong></span> <span class='ocrx_word' id='word_1_492' title='bbox 1259 1996 1334 2026; x_wconf 71' lang='lat' dir='ltr'><strong>ibid.</strong></span> <span class='ocrx_word' id='word_1_493' title='bbox 1372 1996 1433 2026; x_wconf 80' lang='lat' dir='ltr'><strong>vid.</strong></span> <span class='ocrx_word' id='word_1_494' title='bbox 1457 2001 1487 2025; x_wconf 79' lang='lat' dir='ltr'><strong>et</strong></span> <span class='ocrx_word' id='word_1_495' title='bbox 1509 2000 1542 2033; x_wconf 90' lang='grc'><strong>9,</strong></span> <span class='ocrx_word' id='word_1_496' title='bbox 1568 2001 1622 2026; x_wconf 86' lang='grc'><strong>34.</strong></span> <span class='ocrx_word' id='word_1_497' title='bbox 1645 1998 1712 2034; x_wconf 85' lang='lat' dir='ltr'><strong>ejus</strong></span> 
     </span>
     <span class='ocr_line' id='line_1_104' title="bbox 1071 2040 1714 2078; baseline 0 -9"><span class='ocrx_word' id='word_1_498' title='bbox 1071 2040 1183 2073; x_wconf 79' lang='lat' dir='ltr'><strong>oratio,</strong></span> <span class='ocrx_word' id='word_1_499' title='bbox 1210 2045 1243 2076; x_wconf 88' lang='grc'><strong>9,</strong></span> <span class='ocrx_word' id='word_1_500' title='bbox 1268 2042 1320 2069; x_wconf 69' lang='lat'><strong>26.</strong></span> <span class='ocrx_word' id='word_1_501' title='bbox 1345 2040 1468 2069; x_wconf 82' lang='lat' dir='ltr'><strong>abdicat</strong></span> <span class='ocrx_word' id='word_1_502' title='bbox 1491 2049 1523 2068; x_wconf 87' lang='lat' dir='ltr'><strong>se</strong></span> <span class='ocrx_word' id='word_1_503' title='bbox 1546 2040 1714 2078; x_wconf 75' lang='lat' dir='ltr'><strong>dictatura,</strong></span> 
     </span>
     <span class='ocr_line' id='line_1_105' title="bbox 1072 2083 1619 2119; baseline -0.002 -7"><span class='ocrx_word' id='word_1_504' title='bbox 1072 2087 1116 2119; x_wconf 82' lang='lat' dir='ltr'><strong>et,</strong></span> <span class='ocrx_word' id='word_1_505' title='bbox 1131 2091 1200 2111; x_wconf 85' lang='lat' dir='ltr'><strong>reus</strong></span> <span class='ocrx_word' id='word_1_506' title='bbox 1214 2083 1329 2118; x_wconf 84' lang='lat' dir='ltr'><strong>factus,</strong></span> <span class='ocrx_word' id='word_1_507' title='bbox 1347 2083 1530 2119; x_wconf 86' lang='lat' dir='ltr'><strong>absolvitur,</strong></span> <span class='ocrx_word' id='word_1_508' title='bbox 1546 2083 1619 2111; x_wconf 83' lang='lat' dir='ltr'><strong>ibid.</strong></span> 
     </span>
    </p>

    <p class='ocr_par' dir='ltr' id='par_1_45' title="bbox 1031 2126 1714 2207">
     <span class='ocr_line' id='line_1_106' title="bbox 1031 2126 1714 2164; baseline 0 -9"><span class='ocrx_word' id='word_1_509' title='bbox 1031 2126 1067 2155; x_wconf 91' lang='lat' dir='ltr'><strong>C.</strong></span> <span class='ocrx_word' id='word_1_510' title='bbox 1097 2126 1246 2160; x_wconf 70' lang='lat' dir='ltr'><strong>Maenius,</strong></span> <span class='ocrx_word' id='word_1_511' title='bbox 1276 2129 1403 2164; x_wconf 76' lang='lat' dir='ltr'><strong>proetor,</strong></span> <span class='ocrx_word' id='word_1_512' title='bbox 1431 2130 1486 2163; x_wconf 83' lang='lat'><strong>40,</strong></span> <span class='ocrx_word' id='word_1_513' title='bbox 1517 2129 1569 2155; x_wconf 85' lang='lat'><strong>35.</strong></span> <span class='ocrx_word' id='word_1_514' title='bbox 1593 2129 1714 2155; x_wconf 84' lang='lat' dir='ltr'><strong>exercet</strong></span> 
     </span>
     <span class='ocr_line' id='line_1_107' title="bbox 1075 2169 1572 2207; baseline 0.002 -10"><span class='ocrx_word' id='word_1_515' title='bbox 1075 2169 1262 2207; x_wconf 71' lang='lat' dir='ltr'><strong>quaestiones</strong></span> <span class='ocrx_word' id='word_1_516' title='bbox 1279 2169 1316 2198; x_wconf 90' lang='lat' dir='ltr'><strong>de</strong></span> <span class='ocrx_word' id='word_1_517' title='bbox 1331 2169 1502 2205; x_wconf 78' lang='lat' dir='ltr'><strong>veneficiis,</strong></span> <span class='ocrx_word' id='word_1_518' title='bbox 1520 2172 1572 2198; x_wconf 88' lang='lat'><strong>43.</strong></span> 
     </span>
    </p>

    <p class='ocr_par' dir='ltr' id='par_1_46' title="bbox 1034 2211 1716 2291">
     <span class='ocr_line' id='line_1_108' title="bbox 1034 2211 1716 2251; baseline 0 -9"><span class='ocrx_word' id='word_1_519' title='bbox 1034 2213 1067 2242; x_wconf 88' lang='lat' dir='ltr'><strong>L.</strong></span> <span class='ocrx_word' id='word_1_520' title='bbox 1100 2213 1248 2249; x_wconf 72' lang='lat' dir='ltr'><strong>Maenius,</strong></span> <span class='ocrx_word' id='word_1_521' title='bbox 1276 2212 1422 2241; x_wconf 87' lang='lat' dir='ltr'><strong>tribunus</strong></span> <span class='ocrx_word' id='word_1_522' title='bbox 1446 2211 1556 2250; x_wconf 76' lang='lat' dir='ltr'><strong>plebis,</strong></span> <span class='ocrx_word' id='word_1_523' title='bbox 1579 2212 1716 2251; x_wconf 83' lang='lat' dir='ltr'><strong>rogatio-</strong></span> 
     </span>
     <span class='ocr_line' id='line_1_109' title="bbox 1078 2254 1695 2291; baseline 0.003 -8"><span class='ocrx_word' id='word_1_524' title='bbox 1078 2264 1147 2283; x_wconf 85' lang='lat' dir='ltr'><strong>nem</strong></span> <span class='ocrx_word' id='word_1_525' title='bbox 1164 2255 1201 2284; x_wconf 85' lang='lat' dir='ltr'><strong>de</strong></span> <span class='ocrx_word' id='word_1_526' title='bbox 1215 2255 1356 2284; x_wconf 83' lang='lat' dir='ltr'><strong>unciario</strong></span> <span class='ocrx_word' id='word_1_527' title='bbox 1371 2254 1492 2284; x_wconf 81' lang='lat' dir='ltr'><strong>foenore</strong></span> <span class='ocrx_word' id='word_1_528' title='bbox 1507 2255 1579 2291; x_wconf 83' lang='lat' dir='ltr'><strong>fert,</strong></span> <span class='ocrx_word' id='word_1_529' title='bbox 1595 2259 1626 2288; x_wconf 90' lang='grc'><strong>7,</strong></span> <span class='ocrx_word' id='word_1_530' title='bbox 1646 2259 1695 2285; x_wconf 87' lang='grc'><strong>16.</strong></span> 
     </span>
    </p>

    <p class='ocr_par' dir='ltr' id='par_1_47' title="bbox 1035 2297 1716 2413">
     <span class='ocr_line' id='line_1_110' title="bbox 1035 2297 1716 2336; baseline 0 -9"><span class='ocrx_word' id='word_1_531' title='bbox 1035 2297 1081 2328; x_wconf 91' lang='grc' dir='ltr'><strong>Μ.</strong></span> <span class='ocrx_word' id='word_1_532' title='bbox 1095 2299 1240 2332; x_wconf 74' lang='lat' dir='ltr'><strong>Maenius,</strong></span> <span class='ocrx_word' id='word_1_533' title='bbox 1257 2299 1403 2328; x_wconf 84' lang='lat' dir='ltr'><strong>tribunus</strong></span> <span class='ocrx_word' id='word_1_534' title='bbox 1414 2298 1526 2336; x_wconf 80' lang='lat' dir='ltr'><strong>plebis,</strong></span> <span class='ocrx_word' id='word_1_535' title='bbox 1543 2298 1619 2335; x_wconf 85' lang='lat' dir='ltr'><strong>legis</strong></span> <span class='ocrx_word' id='word_1_536' title='bbox 1632 2307 1716 2333; x_wconf 79' lang='lat' dir='ltr'><strong>agra-</strong></span> 
     </span>
     <span class='ocr_line' id='line_1_111' title="bbox 1078 2340 1716 2380; baseline 0 -10"><span class='ocrx_word' id='word_1_537' title='bbox 1078 2342 1129 2370; x_wconf 82' lang='lat' dir='ltr'><strong>riae</strong></span> <span class='ocrx_word' id='word_1_538' title='bbox 1152 2341 1243 2376; x_wconf 89' lang='lat' dir='ltr'><strong>lator,</strong></span> <span class='ocrx_word' id='word_1_539' title='bbox 1267 2345 1300 2378; x_wconf 88' lang='lat'><strong>4,</strong></span> <span class='ocrx_word' id='word_1_540' title='bbox 1325 2345 1377 2371; x_wconf 84' lang='lat'><strong>53.</strong></span> <span class='ocrx_word' id='word_1_541' title='bbox 1399 2341 1528 2380; x_wconf 82' lang='lat' dir='ltr'><strong>impedit</strong></span> <span class='ocrx_word' id='word_1_542' title='bbox 1550 2340 1716 2379; x_wconf 85' lang='lat' dir='ltr'><strong>delectum,</strong></span> 
     </span>
     <span class='ocr_line' id='line_1_112' title="bbox 1078 2383 1150 2413; baseline -0.014 -1"><span class='ocrx_word' id='word_1_543' title='bbox 1078 2383 1150 2413; x_wconf 77' lang='lat' dir='ltr'><strong>ibid.</strong></span> 
     </span>
    </p>

    <p class='ocr_par' dir='ltr' id='par_1_48' title="bbox 1037 2425 1720 2589">
     <span class='ocr_line' id='line_1_113' title="bbox 1037 2425 1718 2464; baseline -0.004 -7"><span class='ocrx_word' id='word_1_544' title='bbox 1037 2428 1082 2457; x_wconf 87' lang='grc' dir='ltr'><strong>Μ.</strong></span> <span class='ocrx_word' id='word_1_545' title='bbox 1116 2426 1264 2463; x_wconf 60' lang='lat' dir='ltr'><strong>Maenius,</strong></span> <span class='ocrx_word' id='word_1_546' title='bbox 1287 2427 1433 2456; x_wconf 84' lang='lat' dir='ltr'><strong>tribunus</strong></span> <span class='ocrx_word' id='word_1_547' title='bbox 1462 2425 1574 2464; x_wconf 88' lang='lat' dir='ltr'><strong>plebis,</strong></span> <span class='ocrx_word' id='word_1_548' title='bbox 1601 2428 1633 2459; x_wconf 87' lang='grc'><strong>6,</strong></span> <span class='ocrx_word' id='word_1_549' title='bbox 1669 2431 1718 2458; x_wconf 86' lang='grc'><strong>19.</strong></span> 
     </span>
     <span class='ocr_line' id='line_1_114' title="bbox 1080 2469 1719 2499; baseline 0 0"><span class='ocrx_word' id='word_1_550' title='bbox 1080 2470 1165 2499; x_wconf 87' lang='lat' dir='ltr'><strong>dedit</strong></span> <span class='ocrx_word' id='word_1_551' title='bbox 1182 2479 1214 2498; x_wconf 87' lang='lat' dir='ltr'><strong>se</strong></span> <span class='ocrx_word' id='word_1_552' title='bbox 1238 2470 1271 2498; x_wconf 91' lang='lat' dir='ltr'><strong>in</strong></span> <span class='ocrx_word' id='word_1_553' title='bbox 1295 2469 1446 2499; x_wconf 80' lang='lat' dir='ltr'><strong>seditione</strong></span> <span class='ocrx_word' id='word_1_554' title='bbox 1468 2469 1631 2498; x_wconf 78' lang='lat' dir='ltr'><strong>Manliana</strong></span> <span class='ocrx_word' id='word_1_555' title='bbox 1646 2478 1719 2499; x_wconf 83' lang='lat' dir='ltr'><strong>auc-</strong></span> 
     </span>
     <span class='ocr_line' id='line_1_115' title="bbox 1079 2512 1720 2547; baseline 0 -6"><span class='ocrx_word' id='word_1_556' title='bbox 1079 2512 1204 2541; x_wconf 85' lang='lat' dir='ltr'><strong>toritati</strong></span> <span class='ocrx_word' id='word_1_557' title='bbox 1233 2513 1375 2547; x_wconf 82' lang='lat' dir='ltr'><strong>Patrum,</strong></span> <span class='ocrx_word' id='word_1_558' title='bbox 1413 2512 1487 2540; x_wconf 76' lang='lat' dir='ltr'><strong>ibid.</strong></span> <span class='ocrx_word' id='word_1_559' title='bbox 1525 2512 1606 2541; x_wconf 83' lang='lat' dir='ltr'><strong>diem</strong></span> <span class='ocrx_word' id='word_1_560' title='bbox 1643 2512 1720 2542; x_wconf 86' lang='lat' dir='ltr'><strong>dicit</strong></span> 
     </span>
     <span class='ocr_line' id='line_1_116' title="bbox 1081 2553 1409 2589; baseline -0.009 -5"><span class='ocrx_word' id='word_1_561' title='bbox 1081 2555 1214 2589; x_wconf 79' lang='lat' dir='ltr'><strong>Manlio,</strong></span> <span class='ocrx_word' id='word_1_562' title='bbox 1230 2553 1302 2583; x_wconf 73' lang='lat' dir='ltr'><strong>ibid.</strong></span> <span class='ocrx_word' id='word_1_563' title='bbox 1317 2559 1347 2583; x_wconf 77' lang='lat' dir='ltr'><strong>et</strong></span> <span class='ocrx_word' id='word_1_564' title='bbox 1360 2558 1409 2583; x_wconf 77' lang='lat'><strong>20.</strong></span> 
     </span>
    </p>

    <p class='ocr_par' dir='ltr' id='par_1_49' title="bbox 1039 2595 1721 2678">
     <span class='ocr_line' id='line_1_117' title="bbox 1039 2595 1721 2637; baseline 0.001 -11"><span class='ocrx_word' id='word_1_565' title='bbox 1039 2598 1084 2626; x_wconf 92' lang='grc' dir='ltr'><strong>Μ.</strong></span> <span class='ocrx_word' id='word_1_566' title='bbox 1096 2598 1245 2633; x_wconf 87' lang='lat' dir='ltr'><strong>Maenius,</strong></span> <span class='ocrx_word' id='word_1_567' title='bbox 1258 2597 1404 2625; x_wconf 83' lang='lat' dir='ltr'><strong>tribunus</strong></span> <span class='ocrx_word' id='word_1_568' title='bbox 1414 2595 1603 2632; x_wconf 83' lang='lat' dir='ltr'><strong>militum,in</strong></span> <span class='ocrx_word' id='word_1_569' title='bbox 1616 2607 1721 2637; x_wconf 82' lang='lat' dir='ltr'><strong>pugna</strong></span> 
     </span>
     <span class='ocr_line' id='line_1_118' title="bbox 1082 2640 1666 2678; baseline 0 -9"><span class='ocrx_word' id='word_1_570' title='bbox 1082 2649 1151 2669; x_wconf 87' lang='lat' dir='ltr'><strong>eum</strong></span> <span class='ocrx_word' id='word_1_571' title='bbox 1169 2640 1306 2678; x_wconf 80' lang='lat' dir='ltr'><strong>Magone</strong></span> <span class='ocrx_word' id='word_1_572' title='bbox 1322 2640 1420 2669; x_wconf 88' lang='lat' dir='ltr'><strong>Poeno</strong></span> <span class='ocrx_word' id='word_1_573' title='bbox 1433 2641 1528 2678; x_wconf 86' lang='lat' dir='ltr'><strong>cadit,</strong></span> <span class='ocrx_word' id='word_1_574' title='bbox 1545 2645 1600 2677; x_wconf 92' lang='lat'><strong>30,</strong></span> <span class='ocrx_word' id='word_1_575' title='bbox 1617 2645 1666 2670; x_wconf 83' lang='grc'><strong>18.</strong></span> 
     </span>
    </p>

    <p class='ocr_par' dir='ltr' id='par_1_50' title="bbox 1039 2682 1719 2764">
     <span class='ocr_line' id='line_1_119' title="bbox 1039 2682 1719 2718; baseline 0 -6"><span class='ocrx_word' id='word_1_576' title='bbox 1039 2684 1072 2712; x_wconf 83' lang='grc' dir='ltr'><strong>Ρ.</strong></span> <span class='ocrx_word' id='word_1_577' title='bbox 1086 2682 1234 2718; x_wconf 75' lang='lat' dir='ltr'><strong>Maenius,</strong></span> <span class='ocrx_word' id='word_1_578' title='bbox 1251 2683 1397 2712; x_wconf 84' lang='lat' dir='ltr'><strong>tribunus</strong></span> <span class='ocrx_word' id='word_1_579' title='bbox 1413 2683 1550 2713; x_wconf 84' lang='lat' dir='ltr'><strong>militum</strong></span> <span class='ocrx_word' id='word_1_580' title='bbox 1564 2683 1719 2713; x_wconf 83' lang='lat' dir='ltr'><strong>consulari</strong></span> 
     </span>
     <span class='ocr_line' id='line_1_120' title="bbox 1082 2729 1363 2764; baseline -0.004 -10"><span class='ocrx_word' id='word_1_581' title='bbox 1082 2729 1248 2764; x_wconf 81' lang='lat' dir='ltr'><strong>potestate,</strong></span> <span class='ocrx_word' id='word_1_582' title='bbox 1265 2729 1296 2761; x_wconf 89' lang='lat'><strong>5,</strong></span> <span class='ocrx_word' id='word_1_583' title='bbox 1316 2730 1363 2753; x_wconf 70' lang='lat'><strong>12.</strong></span> 
     </span>
    </p>

    <p class='ocr_par' dir='ltr' id='par_1_51' title="bbox 1040 2768 1720 2850">
     <span class='ocr_line' id='line_1_121' title="bbox 1040 2768 1720 2807; baseline 0.003 -11"><span class='ocrx_word' id='word_1_584' title='bbox 1040 2768 1079 2800; x_wconf 84' lang='lat' dir='ltr'><strong>Q.</strong></span> <span class='ocrx_word' id='word_1_585' title='bbox 1108 2768 1255 2803; x_wconf 80' lang='lat' dir='ltr'><strong>Maenius,</strong></span> <span class='ocrx_word' id='word_1_586' title='bbox 1285 2774 1409 2806; x_wconf 78' lang='lat' dir='ltr'><strong>praetor,</strong></span> <span class='ocrx_word' id='word_1_587' title='bbox 1426 2769 1555 2799; x_wconf 83' lang='lat' dir='ltr'><strong>sortitur</strong></span> <span class='ocrx_word' id='word_1_588' title='bbox 1577 2769 1720 2807; x_wconf 74' lang='lat' dir='ltr'><strong>jurisdic-</strong></span> 
     </span>
     <span class='ocr_line' id='line_1_122' title="bbox 1084 2812 1550 2850; baseline 0.004 -11"><span class='ocrx_word' id='word_1_589' title='bbox 1084 2812 1202 2840; x_wconf 82' lang='lat' dir='ltr'><strong>tionem</strong></span> <span class='ocrx_word' id='word_1_590' title='bbox 1220 2812 1429 2850; x_wconf 78' lang='lat' dir='ltr'><strong>peregrinam,</strong></span> <span class='ocrx_word' id='word_1_591' title='bbox 1452 2817 1503 2846; x_wconf 83' lang='lat'><strong>43,</strong></span> <span class='ocrx_word' id='word_1_592' title='bbox 1520 2816 1550 2842; x_wconf 84' lang='lat'><strong>4.</strong></span> 
     </span>
    </p>

    <p class='ocr_par' dir='ltr' id='par_1_52' title="bbox 1043 2854 1723 2894">
     <span class='ocr_line' id='line_1_123' title="bbox 1043 2854 1723 2894; baseline 0.003 -11"><span class='ocrx_word' id='word_1_593' title='bbox 1043 2854 1082 2884; x_wconf 87' lang='lat' dir='ltr'><strong>T.</strong></span> <span class='ocrx_word' id='word_1_594' title='bbox 1112 2855 1259 2890; x_wconf 84' lang='lat' dir='ltr'><strong>Maenius,</strong></span> <span class='ocrx_word' id='word_1_595' title='bbox 1296 2858 1420 2894; x_wconf 70' lang='lat' dir='ltr'><strong>praetor,</strong></span> <span class='ocrx_word' id='word_1_596' title='bbox 1450 2860 1504 2893; x_wconf 84' lang='lat'><strong>39,</strong></span> <span class='ocrx_word' id='word_1_597' title='bbox 1542 2858 1570 2884; x_wconf 88' lang='lat'><strong>6.</strong></span> <span class='ocrx_word' id='word_1_598' title='bbox 1595 2854 1723 2885; x_wconf 62' lang='lat' dir='ltr'><strong>sortitus·</strong></span> 
     </span>
    </p>
   </div>
  </div>
 </body>
</html>
