1805 3174
483 83 876 125 HISTORIARUM
909 83 1123 122 LIBROS.

78 198 188 227 Oratio
203 196 314 226 Tulliae
327 196 364 226 ad
382 196 414 225 1..
431 196 650 235 Tarquinium,
667 202 693 231 1,
706 202 756 227 47.

101 241 223 270 -Att.
240 240 339 274 Tulli,
355 244 385 276 2,
401 244 453 268 38.

101 285 224 312 —S‹·x.
241 283 336 311 't‘ullii
351 284 387 312 ad
404 283 600 319 dictatorern,
619 289 651 319 7,
668 287 715 312 13.

101 343 144 350 -
161 327 196 355 1..
213 327 339 361 Valerii,
356 327 504 362 consulis,
521 328 558 355 ad
580 327 706 363 milites,
725 330 758 363 3,

124 374 177 399 61.
193 370 329 406 ejusdem
346 370 381 398 ad
399 370 530 407 equites.
549 370 620 399 ibid.

103 431 145 437 --
161 414 193 441 1..
213 413 337 445 Valerii,
351 413 469 442 tribuni
488 413 598 451 plebiS,
615 413 646 442 in
664 414 760 449 legem

124 457 271 494 Oppiam,
289 460 341 488 34,
360 459 390 484 5.

103 517 145 522 —
162 501 206 529 M.
220 498 346 531 Valerii.
363 499 537 534 dictatoris,
555 503 587 535 2,
603 503 654 528 31.

102 558 146 564 --
158 543 201 571 M.
223 541 335 570 Valerii
353 543 445 571 Corvi
463 543 500 571 ad
518 543 642 577 milites,
661 546 691 576 7,
708 546 760 571 32.

127 586 163 614 ad
181 585 374 622 conjuratos,
393 589 445 614 40.

105 645 147 652 -
164 629 207 656 M.
226 628 339 657 Valerii
362 628 480 657 Laevini
498 628 534 657 nd
560 627 693 665 AEtolos,
711 631 764 663 26,

127 675 177 699 24.
195 672 225 700 iu
242 676 366 705 senatu,
383 675 436 700 86.

105 731 147 737 -
163 715 195 742 Ρ.
213 715 325 743 Valerii
343 715 379 743 ad
398 714 562 753 populum,
581 718 611 747 2,
629 718 660 745 7.

105 771 148 779 -
164 758 198 786 P.
215 758 343 796 Valerii,
367 758 516 792 consulis,
540 758 576 786 ad
601 757 764 796 populum,

128 803 162 837 3,
183 801 229 830 17.

107 858 150 865 —·
165 843 267 873 Vectii
293 843 414 880 Messii‚
433 849 464 879 4,
482 848 531 872 28.

106 902 150 909 —
166 887 302 916 Veturia:
319 888 355 916 ad
373 887 585 919 Coriolanum.
604 891 634 919 2,
651 890 704 915 40.

107 946 151 952 —-
166 930 251 959 Vibii
265 931 373 965 Virrii,
391 931 526 960 auctoris
540 932 767 968 Campanorum

130 974 328 1010 defectionis,
346 976 400 1010 26,
420 978 468 1002 13.

108 1034 151 1041 —
167 1017 300 1055 Virginii
315 1018 351 1046 ad
362 1018 422 1055 Ap.
440 1016 616 1051 Claudium,
632 1019 727 1051 3‚47‚
742 1019 769 1043 et

131 1063 184 1092 48,
198 1061 234 1088 ad
246 1060 489 1096 commilitones,
501 1064 549 1088 50.
562 1059 594 1087 in
605 1059 665 1097 Ap.
677 1059 770 1086 Clau-

132 1103 229 1136 dium,
248 1106 298 1131 56.
316 1108 345 1131 et
363 1107 413 1134 57.

110 1161 153 1168 --
169 1147 203 1174 1..
222 1146 384 1175 Volumnii
410 1146 447 1174 ad
466 1146 628 1183 populum,
652 1148 700 1177 10,
719 1147 771 1172 21.

131 1193 161 1217 cc
178 1192 228 1217 22.

109 1247 153 1254 —
169 1232 307 1261 Zenonis
331 1232 367 1260 ad
396 1231 563 1263 Quintium
587 1233 617 1259 et
642 1230 770 1268 legatos,

131 1279 186 1310 35,
203 1279 256 1304 31.

111 1334 154 1341 —-
170 1317 331 1355 Zeuxidis,
347 1317 439 1356 legati
457 1317 618 1354 Antiochi,
633 1317 669 1345 de
685 1324 771 1354 paee,

133 1366 188 1397 37,
203 1365 254 1390 45.

92 1405 191 1434 Orbes
214 1404 289 1433 :enei
319 1404 412 1442 positi
437 1404 470 1432 in
504 1403 615 1432 sacello
632 1400 773 1431 Scmonis

136 1448 240 1483 Sanci,
265 1452 296 1483 8,
314 1451 366 1475 20.

92 1490 305 1526 Orbitanium,
321 1490 394 1519 urbs
411 1490 443 1519 in
460 1488 599 1524 Samnio,
612 1492 665 1524 24,
680 1491 730 1516 20.

94 1534 307 1563 Orchomenos
326 1533 442 1562 reddita
458 1532 595 1566 Achaeis,
613 1535 669 1566 32,
688 1534 716 1558 5.

94 1576 247 1606 Ordinum
262 1586 297 1605 ac
310 1576 498 1614 dignitatum
509 1575 673 1603 discrimen
686 1574 775 1602 insti-

137 1623 242 1649 tutum
260 1629 278 1648 a
294 1619 401 1648 Servio
420 1629 499 1654 rege,
521 1622 550 1654 1,
567 1621 619 1645 42.

96 1663 249 1692 Ordinum
268 1663 300 1691 in
324 1662 404 1693 ludis
421 1661 693 1691 discernendorum
709 1671 775 1691 mos

139 1706 262 1744 incipit,
278 1709 334 1741 34,
352 1709 402 1734 54.

95 1750 180 1778 Ordo
197 1749 419 1787 amplissimus,
437 1747 512 1776 ibid.

96 1793 180 1822 Ordo
197 1792 229 1821 iu
246 1791 370 1828 militia,
383 1791 478 1820 altera
493 1799 562 1829 pars
578 1790 777 1828 manipuli‚8‚

140 1841 170 1865 S.
197 1835 353 1864 Ordinum
377 1835 500 1870 ductor,
526 1837 558 1870 7,
574 1837 625 1861 41.
642 1834 777 1863 decimus

139 1878 224 1908 Ordo
238 1879 391 1912 hastatus,
414 1882 468 1914 42,
485 1881 537 1906 34.

98 1922 226 1956 Orestae,
242 1926 297 1956 42,
312 1926 362 1950 38.
380 1920 431 1957 iis,
448 1920 531 1959 quod
547 1920 639 1960 primi
655 1920 693 1949 ab
710 1929 778 1955 rege

140 1965 286 2003 Philippo
310 1964 506 1999 defecissent,
530 1973 593 1994 suae
617 1965 695 2000 leges
712 1964 781 1993 red-

142 2008 227 2044 ditae,
242 2012 297 2043 33,
309 2011 361 2036 34.

101 2051 235 2087 Orestis,
252 2050 349 2085 regio,
367 2053 421 2085 27,
439 2053 490 2078 83.
507 2054 562 2085 31,
578 2054 630 2079 40.

101 2094 244 2130 Oretani,
261 2092 382 2132 populi,
400 2097 455 2128 21,
476 2097 524 2121 11.
540 2096 595 2129 35,
610 2098 639 2124 7.

100 2137 231 2174 Oreum,
246 2136 319 2165 urbs
334 2136 365 2164 in
382 2136 517 2172 Euboea,
534 2140 588 2171 28,
599 2141 628 2165 5.
645 2141 673 2165 et
683 2141 710 2164 8.
723 2139 781 2172 31,

143 2184 196 2210 40.
218 2185 249 2208 cc
271 2182 323 2208 46.
346 2183 401 2214 44,
431 2182 480 2208 13.
502 2183 532 2208 ct
554 2183 605 2208 30.
629 2179 750 2217 capitur
765 2187 783 2207 a

142 2222 304 2256 Romanis,
321 2226 373 2255 28,
389 2223 420 2251 6.
430 2222 542 2251 iterum
555 2231 573 2251 a
588 2222 740 2251 Romanis
751 2225 783 2251 et

143 2267 253 2296 Attalo
276 2268 490 2305 oppugnatur,
518 2268 550 2294 et
571 2266 706 2304 eapitur,
728 2269 784 2302 31,

144 2311 196 2338 46.

104 2351 187 2382 Oreo
202 2351 328 2381 libertas
344 2352 447 2387 datur,
472 2355 527 2387 33,
541 2355 594 2380 34.

104 2395 285 2430 Orgessum,
303 2395 477 2430 castellum,
495 2399 551 2431 31,
563 2398 614 2425 27.

105 2438 238 2474 Oricini,
256 2440 307 2471 26,
326 2442 375 2467 25.
390 2437 421 2466 iu
434 2447 539 2467 eorum
557 2438 633 2465 fines
650 2435 785 2466 subitam

149 2481 374 2519 expeditionem
389 2481 463 2510 facit
480 2478 653 2519 Philippus,
667 2479 742 2509 ibid.

107 2524 247 2558 Oricum,
265 2524 426 2563 oppidum,
442 2528 497 2560 24,
512 2528 563 2553 40.
581 2523 619 2552 ab
635 2522 727 2551 Orico
744 2523 786 2551 le-

149 2567 212 2602 gati
229 2567 266 2596 ad
286 2568 332 2597 M.
348 2568 506 2596 Valerium
523 2571 685 2604 praetorem
702 2566 786 2594 veni-

151 2613 221 2643 unt,
231 2609 303 2638 ibid.
317 2610 445 2639 Oricum
458 2619 475 2638 a
487 2610 629 2648 Philippo
645 2613 786 2647 captum,

152 2653 223 2681 ibid.
241 2652 386 2690 recipitur
403 2661 421 2681 a
439 2654 599 2690 Romanis,
619 2652 691 2680 ibid.

109 2697 252 2733 Origines
269 2696 312 2723 M.
330 2697 472 2730 Catonis,
485 2700 541 2733 34,
560 2701 587 2725 5.
605 2695 671 2732 ejus
689 2695 789 2734 operis

152 2739 228 2768 liber
244 2738 386 2775 quintus,
403 2743 456 2774 45,
473 2743 525 2769 25.
558 2750 559 2753 ¹

110 2781 325 2819 Oringis,urbs
336 2781 788 2821 Hispanioe,(cadcmsurtasse,

156 2835 223 2864 qaoe
238 2822 379 2863 marim)
396 2830 594 2864 oppugnatur
617 2828 644 2854 et
671 2826 790 2864 capitur

1408 95 1484 134 377

844 203 862 223 a
878 194 911 223 L.
929 194 1086 232 Scipione,
1105 200 1158 229 28,
1175 202 1206 226 3.
1220 198 1285 235 ejus
1302 210 1373 239 ager
1389 203 1487 241 frugi-

845 239 905 266 fer:
925 244 1087 273 argentum
1107 240 1214 269 incola„-
1229 242 1365 281 soffiuut,
1385 246 1458 274 ibid.

803 281 937 313 Oritani.
954 282 1061 311 τ”ιιεοίιιῑι
1083 284 1171 319 (ln-i,
1184 287 1238 321 28,
1258 290 1285 313 8.

804 325 936 354 Oriundi
954 326 1072 354 flumini
1091 332 1177 355 ortus
1194 328 1317 357 ducitur
1329 340 1364 358 ex
1380 335 1488 361 monte

847 369 971 402 Scodra,
997 373 1050 405 44,
1068 373 1120 397 31.

804 411 962 446 Oroanda,
975 412 1048 441 uxbs
1061 413 1195 451 Pisidiae,
1212 419 1267 452 38,
1283 419 1333 446 37.
1351 421 1379 445 ct
1394 422 1446 447 39.

805 455 1034 488 Oroandenscs,
1052 459 1106 490 33,
1129 461 1176 487 18.
1191 463 1217 486 el
1240 463 1286 488 1.(1.

806 499 967 526 Otoandes
985 500 1139 528 Cretensis
1150 501 1265 539 decipit
1276 503 1488 538 1¹ersca,45,‹3.

807 542 943 579 Oropus,
967 542 1039 570 urbs
1056 543 1184 580 Atticae,
1201 545 1232 572 in
1250 554 1311 582 qua
1327 547 1490 583 Amphilo-

851 585 927 613 chus
946 589 1029 613 vates
1047 596 1100 623 pro
1118 587 1185 615 Deo
1204 588 1320 624 cultus,
1336 593 1388 621 45,
1407 594 1457 617 27.

808 628 910 657 Orsua
932 628 958 655 ei
984 629 1106 664 Corbis,
1130 631 1283 667 patrueles
1306 633 1429 669 fratres,
1454 633 1490 660 de

850 671 1027 709 principatu
1040 673 1175 701 civitatis
1193 675 1272 703 ferro
1288 679 1421 709 certant,
1437 681 1490 709 28.

852 718 903 742 21.

809 755 985 786 Orthobula
1002 767 1121 787 veneno
1137 760 1221 788 tollit
1237 761 1410 791 Proxenuni
1428 771 1491 790 ma-

852 801 961 835 ritum,
978 805 1093 838 41,30.
1108 802 1273 833 damnatur
1289 805 1353 834 abit
1370 805 1401 834 in
1415 806 1493 834 exsi-

852 843 940 879 lium,
956 844 1034 873 ibid.

811 887 960 915 Orthosia
976 888 1084 919 Cariae.
1101 891 1156 923 45,
1175 893 1224 917 25.

811 930 978 967 Ortiagon,
1002 931 1126 967 regulus
1154 932 1328 968 Gallorum,
1362 938 1417 968 38,
1446 937 1492 965 19.

854 973 920 1010 ejus
939 974 1040 1002 uxoris
1057 976 1254 1004 memorabile
1267 976 1399 1012 facinus,
1413 980 1465 1006 24.

812 1015 944 1051 Ortona,
968 1016 1042 1045 urbs
1076 1018 1202 1054 Latina,
1234 1025 1434 1058 oppugnatur
1457 1020 1496 1048 al)

855 1059 977 1096 AEquis,
1002 1064 1034 1095 2,
1056 1064 1108 1089 43.
1132 1066 1344 1100 oppugnatur,
1370 1067 1401 1091 et
1425 1072 1495 1092 mox

857 1102 1013 1138 recipitur,
1031 1107 1065 1137 3,
1079 1107 1131 1132 30.

814 1144 896 1173 Osca
911 1145 1026 1180 lingua,
1046 1149 1096 1180 10,
1113 1149 1164 1176 20.

814 1188 902 1223 Osci,
921 1192 951 1221 7,
968 1193 997 1216 2.
1025 1188 1063 1216 ab
1079 1188 1167 1218 Oscis
1191 1189 1351 1220 Atellanas
1379 1191 1498 1221 fabulas

858 1231 994 1260 Romani
1009 1237 1212 1270 acceperunt,
1227 1234 1304 1263 ibid.

815 1273 949 1303 Oscense
972 1279 1215 1313 argentum,34,
1236 1280 1282 1304 10.
1307 1281 1336 1305 et
1360 1280 1412 1307 46.
1437 1277 1497 1316 sig-

859 1320 981 1353 natum,
999 1321 1054 1354 40,
1071 1323 1122 1347 43.

816 1360 992 1398 Osphagus,
1010 1361 1136 1397 fluvius,
1152 1366 1205 1396 31,
1218 1367 1271 1392 39.

816 1403 895 1432 Ossa
917 1404 1123 1433 Macedonum
1158 1405 1392 1434 interfectorum
1425 1404 1499 1443 legit

860 1447 1051 1483 Antiochus,
1069 1451 1123 1483 36,
1138 1451 1167 1477 8.

818 1489 909 1524 Ossa,
926 1499 1029 1525 mons,
1048 1493 1101 1527 42,
1115 1494 1164 1519 54.
1183 1494 1237 1524 44,
1260 1495 1307 1519 13.

819 1533 921 1568 Ostia,
942 1533 1030 1569 urbs,
1048 1534 1078 1561 in
1104 1543 1156 1562 ore
1170 1533 1291 1562 Tiberis
1312 1533 1451 1568 condita,
1471 1537 1500 1568 1,

861 1579 911 1604 33.
931 1579 983 1611 22,
1006 1580 1055 1605 ιι.
1072 1582 1100 1605 et
1115 1581 1166 1607 27.
1183 1580 1237 1613 23,
1255 1580 1431 1610 38.25,20.
1445 1580 1499 1611 27,

862 1622 914 1646 22.
932 1623 983 1651 29,
1006 1623 1052 1647 14.

820 1661 911 1690 Ostia
931 1662 1090 1698 Tiberina,
1116 1665 1169 1699 26,
1197 1666 1246 1693 19.
1284 1662 1383 1691 Ostiae
1406 1662 1503 1695 lacus,

863 1705 1075 1742 sivefortasse
1091 1705 1190 1741 lucus,
1220 1707 1256 1734 dc
1285 1705 1364 1735 coelo
1387 1708 1505 1741 tactus,

864 1751 918 1784 27,
942 1751 990 1775 ιι.
1260 1754 1263 1755 ’

824 1790 981 1820 Ostiensis
991 1792 1096 1830 populi
1111 1791 1232 1820 vacatio
1245 1791 1439 1824 observatur,
1451 1794 1504 1828 27,

864 1838 915 1862 38.
940 1834 968 1862 ei
998 1835 1117 1864 vacatio
1144 1836 1185 1864 rei
1216 1834 1336 1863 navalis
1362 1837 1508 1872 negatur,

865 1879 919 1914 36,
935 1881 966 1906 3.

822 1920 978 1950 Ostiensis
992 1929 1078 1958 ager,
1097 1925 1130 1957 8,
1150 1924 1198 1950 12.
1214 1920 1247 1949 in
1264 1929 1334 1949 eum
1351 1919 1506 1948 excursio-

867 1973 936 1993 nem
949 1964 1070 1992 faciunt
1084 1963 1242 1997 Antiates,
1259 1963 1320 1992 vid.
1337 1963 1495 1992 Antiates.

824 2008 862 2038 T.
873 2007 1037 2040 Otacilius,
1052 2012 1178 2044 praetor,
1188 2008 1283 2036 aedcm
1292 2006 1393 2035 Menti
1404 2009 1509 2039 vovet,

868 2054 924 2086 22,
945 2054 991 2079 10.
1015 2054 1198 2088 propraetor,
1222 2051 1326 2079 literas
1348 2049 1448 2078 mittit
1470 2058 1509 2077 ex

869 2093 972 2122 Sicilia
988 2093 1024 2122 de
1040 2097 1162 2123 vastato
1177 2094 1295 2122 Punica
1310 2093 1406 2121 classe
1429 2092 1509 2121 Hie-

870 2136 954 2165 ronis
971 2144 1077 2171 regno,
1089 2136 1211 2166 56.v1'd.
1225 2141 1255 2165 et
1267 2140 1321 2172 23,
1335 2140 1386 2164 21.
1400 2136 1511 2164 duum-

870 2179 917 2208 vir
930 2179 1031 2208 Menti
1044 2180 1139 2209 oedem
1149 2180 1283 2215 dedicat,
1295 2183 1404 2214 23,31.
1417 2183 1445 2207 et
1458 2182 1514 2208 32.

871 2223 903 2251 in
920 2222 1056 2251 Siciliam
1073 2232 1144 2252 cum
1170 2223 1312 2261 imperio,
1340 2222 1393 2260 qui
1419 2222 1511 2250 classi

871 2270 1015 2304 praeesset
1037 2266 1186 2302 mittitur,
1219 2271 1271 2296 32.
1306 2265 1514 2303 depopulatur

872 2318 980 2346 agrum
1011 2309 1313 2347 Carthaginiensem,
1337 2312 1369 2336 et
1391 2307 1517 2345 aliquot

872 2353 955 2389 capit
971 2361 1064 2381 naves
1081 2353 1320 2386 Poenorum,41.
1330 2359 1424 2388 quum
1438 2360 1513 2379 con-

872 2395 919 2424 sul
936 2398 1101 2429 crearetur,
1119 2396 1159 2427 Q.
1177 2395 1305 2429 Fabius,
1320 2394 1388 2431 ejus
1408 2394 1513 2423 uxoris

872 2439 1058 2475 avunculus,
1073 2447 1142 2467 eum
1159 2438 1315 2475 certojam
1332 2438 1450 2466 honore
1460 2438 1513 2465 de-

868 2481 954 2518 j-icit,
964 2486 1019 2517 24,
1030 2486 1123 2512 7—9.
1137 2486 1256 2510 creatur
1267 2485 1379 2520 praetor
1389 2482 1514 2514 iterum,

873 2529 903 2555 9.
919 2524 1042 2553 obtinet
1058 2525 1185 2554 classem
1203 2533 1295 2563 quam
1312 2524 1414 2562 priore
1429 2532 1512 2552 anno

874 2568 1036 2602 habuerat,
1064 2572 1115 2598 10.
1147 2568 1375 2607 depopulantur
1404 2574 1512 2603 agrum

875 2611 955 2639 circa
986 2611 1125 2647 Uticam,
1151 2615 1183 2640 et
1206 2612 1395 2639 frumentum
1424 2610 1515 2646 Syra-

874 2663 963 2682 cusas
985 2654 1095 2686 mittit,
1124 2658 1177 2690 25,
1201 2658 1254 2682 31.
1281 2655 1465 2689 prorogatur
1486 2653 1514 2680 ei

875 2697 1051 2734 imperium,
1065 2700 1154 2733 26,l.
1169 2705 1288 2725 rursum
1302 2693 1429 2731 eligitur
1440 2704 1514 2723 con-

876 2742 936 2776 sul,
949 2740 1036 2769 irrito
1050 2744 1174 2774 eventu,
1186 2743 1235 2767 22.
1252 2737 1429 2771 nunciatur,
1443 2747 1514 2766 eum

875 2787 1032 2812 mortuum
1049 2793 1114 2812 esse
1129 2783 1162 2812 in
1173 2781 1288 2816 Sicilia,
1307 2784 1358 2809 23.
1374 2781 1514 2820 pontifex

876 2825 988 2862 fuerat,
1004 2826 1077 2854 ibid.
