1816 3159
292 91 307 137 l
797 87 1261 137 PRAEFATIO.

300 230 476 280 Groeca
491 231 620 293 quod
636 245 726 294 ego
746 230 848 292 ipse
867 235 988 275 testa
1005 229 1249 277 conditum
1269 226 1375 282 levi,
1398 224 1583 273 diceret
1601 225 1741 273 (ἶνα)-

295 327 351 358 ca
372 311 500 372 quod
520 325 610 373 ego
635 313 757 354 testa
780 306 976 353 condidi
1000 307 1098 370 ipse
1120 314 1167 352 et
1190 305 1297 359 levi,
1324 307 1520 350 essetne
1545 301 1737 365 aliquiS‚

290 403 438 451 quem
463 393 563 433 tam
599 381 831 446 proclivis
856 387 904 429 et
928 381 1079 444 plana
1113 381 1300 428 locutio
1336 385 1623 436 moraretur,
1651 382 1738 424 aut

289 464 373 527 qui
397 474 446 512 τοὶ
471 479 560 527 ego
585 463 701 523 ipse,
727 476 812 523 pro
836 461 980 507 unica
1003 476 1112 507 voce
1148 459 1351 506 haberet
1375 460 1427 505 z'n
1451 460 1570 506 duas
1587 456 1737 521 paulo

290 541 510 605 longiore
535 538 792 585 intervallo
818 538 1058 585 distracta
1077 538 1105 584 ,9

357 615 501 664 Inviti
537 615 666 662 hanc
705 614 839 661 velut
874 629 1134 661 censuram
1173 612 1394 676 agimus:
1440 612 1585 660 simul
1613 627 1744 658 vere-

292 711 413 750 mur,
439 710 502 740 ne
528 692 738 740 exilibus
763 692 1053 753 hujusmodi
1089 690 1221 738 tricis
1245 691 1402 738 lector
1426 689 1725 752 defatigetur

292 772 472 836 Itaque
497 770 700 818 unicum
721 769 885 816 adhuc
912 767 1198 831 exemplum
1219 783 1541 831 apponemus,
1563 783 1625 814 ex
1642 781 1743 829 quo

290 849 497 911 intelligi
522 848 697 912 possit,
720 846 981 909 Dujatium
1015 846 1066 893 in
1102 845 1410 909 antiquitatis
1450 843 1742 906 cognitione

292 927 428 974 haud
467 940 767 988 magnopere
806 923 957 971 fuisse
982 929 1247 971 versatum.
1300 922 1466 970 Livius
1489 920 1574 968 lib.
1595 918 1744 966 VIII.

292 1020 336 1051 c.
358 1005 437 1052 26.
461 1002 524 1049 (le
545 1001 771 1049 secundo
789 999 1302 1054 Q.PubliliiPhilonis
1320 998 1564 1062 triumpho
1577 1013 1747 1060 agens,

293 1082 410 1129 Duo
431 1080 710 1146 singularia
735 1079 851 1134 Imm,
875 1078 1053 1142 inquit,
1072 1080 1117 1126 ei
1130 1080 1235 1125 viro
1250 1079 1459 1142 primum
1480 1077 1746 1140 contigere:

289 1159 582 1225 prorogatio
608 1157 802 1219 imperii
825 1173 919 1203 non
953 1163 1064 1202 ante
1088 1157 1139 1202 in
1163 1154 1429 1219 ullofacta,
1454 1162 1498 1202 et
1532 1160 1640 1201 acto
1666 1152 1748 1199 ho-

292 1253 405 1284 nore
429 1234 718 1297 triumphus.
791 1232 888 1280 Hic
928 1232 1124 1281 Livium
1152 1232 1463 1295 reprehendit
1484 1229 1747 1292 Dujatius:

297 1313 428 1369 Iloc,
455 1311 630 1374 inquit,
657 1312 903 1375 singulare
927 1326 1022 1356 non
1047 1319 1151 1357 erat
1173 1310 1363 1367 Romoe,
1388 1317 1442 1356 ut
1458 1316 1570 1372 post
1595 1306 1748 1354 admi-

297 1391 558 1437 nistratum
593 1389 815 1435 honorem
838 1388 945 1450 quis
971 1386 1306 1450 trimnplearet.
1380 1386 1495 1441 Sed,
1523 1385 1640 1432 dum
1667 1382 1748 1431 Li-

302 1466 434 1514 vium
461 1464 635 1512 erroris
672 1464 847 1526 arguit,
871 1463 981 1526 ipse
1018 1480 1157 1510 suam
1186 1463 1260 1509 vel
1287 1462 1535 1510 inscitiam
1570 1461 1751 1526 prodit,

299 1544 377 1591 vel
401 1542 658 1590 incuriam.
732 1542 943 1590 Constat
966 1541 1113 1596 enim,
1140 1548 1193 1589 ut
1218 1541 1354 1605 quod
1391 1540 1619 1596 maxime,
1647 1547 1750 1588 tum

298 1637 361 1669 ex
397 1620 557 1676 Livio,
598 1626 704 1667 tum
740 1636 801 1667 ex
839 1619 978 1667 fastis
1016 1619 1328 1682 Capitolinis,
1356 1619 1604 1666 neminem
1640 1625 1752 1666 ante

300 1698 569 1747 Publilium
612 1696 944 1760 triumphasse
986 1703 1102 1759 post
1144 1703 1312 1744 actum
1357 1696 1610 1751 honorem,
1650 1695 1751 1742 sive

298 1775 636 1838 magistratum
658 1793 670 1833 ς
718 1776 805 1822 sed
833 1791 1007 1822 omnes
1032 1775 1113 1838 qui
1140 1780 1287 1822 antea
1311 1774 1749 1837 triumphaverant,

299 1853 548 1911 consules,
586 1859 671 1900 aut
708 1852 995 1907 dictatores,
1036 1857 1120 1899 aut
1159 1851 1380 1899 tribunos
1418 1850 1632 1897 militum
1668 1849 1750 1896 tri-

298 1931 584 1993 umphasse.
658 1928 835 1977 Cetera
871 1947 983 1993 quae
1013 1929 1198 1976 ibidem
1237 1933 1505 1977 occurrunt
1541 1928 1606 1974 de
1640 1942 1752 1990 pro-

301 2006 581 2062 consulatu,
621 2022 793 2069 parum
828 2004 1000 2052 itidem
1037 2011 1270 2053 accurata
1306 2013 1435 2052 sunt.
1507 2003 1606 2051 Sed
1646 2003 1751 2050 haec

301 2084 528 2132 sufficere
549 2081 777 2129 videntur
798 2082 859 2129 de
881 2081 1074 2143 Dujatii
1098 2082 1245 2138 notis,
1267 2099 1326 2129 eo
1347 2081 1552 2146 quidem
1578 2080 1752 2143 magiS,

301 2162 434 2224 quod
462 2177 563 2207 non
588 2177 648 2207 ea
666 2160 859 2207 illarum
887 2167 964 2207 est
984 2161 1117 2224 apud
1139 2159 1363 2208 homines
1382 2161 1529 2215 fama,
1554 2164 1607 2205 ut
1624 2157 1752 2205 mul-

303 2238 365 2286 tis
390 2237 549 2284 fraudi
573 2254 682 2285 esse
709 2237 866 2299 possit
890 2236 1135 2300 quidquid
1158 2237 1209 2284 in
1234 2237 1302 2285 eis
1325 2242 1587 2301 peccatum
1614 2241 1705 2283 est.

91 2331 293 2379 snppiemen-
374 2314 451 2361 Ex
473 2313 532 2361 iis
559 2331 670 2377 quae
709 2313 923 2362 diximus
960 2314 1203 2375 conjicere
1238 2315 1367 2370 licet,
1395 2314 1518 2378 quid
1545 2314 1607 2360 de
1639 2330 1756 2376 sup-

93 2381 126 2405 ta
141 2384 205 2414 ejus
220 2373 252 2402 in

92 2418 172 2447 Livi-1
188 2417 273 2445 lacu-
308 2389 571 2453 plementis
608 2390 670 2436 ab
709 2390 888 2437 eodem
912 2390 963 2438 in
996 2390 1204 2438 lacunas
1241 2392 1524 2439 ultimorum
1560 2390 1645 2454 qui
1670 2407 1752 2438 ex-

93 2469 251 2533 }gffi’sssfi'fi„
308 2473 443 2514 stant
492 2466 619 2513 Livii
665 2466 899 2514 librorum
946 2466 1258 2515 concinnatis
1298 2468 1634 2529 judicandum
1675 2468 1754 2517 sit.

92 2551 287 2619 ξεῖῖἑθῑῡῡῃ·
310 2543 554 2592 Nimirum
582 2544 823 2605 optimam
849 2544 1174 2602 voluntatem,
1201 2552 1249 2593 et
1272 2546 1550 2593 naturalem
1579 2562 1753 2609 quam-

311 2623 427 2669 dam
451 2620 636 2683 ingenii
667 2620 959 2669 facilitatem
996 2623 1283 2670 defecerunt
1307 2623 1534 2687 praesidia
1571 2623 1756 2671 doctri-

309 2715 401 2753 nae,
427 2704 578 2762 atque
605 2698 751 2745 etiam
779 2698 867 2746 otii
892 2700 1051 2763 copia.
1122 2699 1237 2763 Ipse
1264 2700 1316 2747 in
1341 2707 1464 2749 nota
1487 2701 1550 2748 ad
1576 2701 1756 2748 librum

311 2774 455 2824 XLI.
505 2775 665 2839 prima
720 2777 974 2839 profitetur
1028 2794 1082 2825 se
1137 2794 1196 2825 ea
1241 2795 1350 2842 quae
1403 2779 1756 2828 interciderunt
