1816 3159
268 69 437 119 lxxxvi
767 62 1221 115 PRAEFATIO.

270 212 390 258 dum
428 206 643 256 eruditio
670 206 810 269 parit,
837 222 925 252 seu
961 206 1126 269 potius
1161 203 1322 252 inanis
1346 209 1395 250 et
1417 201 1723 264 intempesti-

271 304 333 334 va
357 284 649 334 eruditionis
669 282 956 330 ostentatio.
1009 281 1320 344 Magnopere
1340 296 1456 343 ergo
1483 280 1720 336 cavimus,

271 381 336 411 ne
361 363 447 411 tali
470 361 716 423 farragine
742 359 1126 422 defatigaremus
1151 360 1406 407 lectorem.

62 458 103 506 .¹⁰·
123 456 263 485 uisu-ria
340 442 401 489 ln
425 439 646 494 historia,
672 437 765 485 etsi
799 437 1069 500 primorum
1106 436 1321 484 maxime
1348 444 1644 498 temporum,
1672 440 1724 482 ut

59 499 235 571 ffiffissffiff
276 536 426 582 supra
464 517 696 572 diximus,
735 515 1069 562 narrationem
1103 514 1305 562 nimium
1346 514 1397 561 in
1434 514 1581 560 breve
1618 529 1728 575 spa-

61 585 256 665 ,vssfffisseffff
277 598 395 644 tium
434 594 706 642 coarctavit
741 593 925 650 Livius,
949 601 998 640 et
1028 592 1271 640 uberrima
1305 609 1357 640 se
1393 590 1632 655 explendi
1667 606 1729 636 ea

60 672 390 745 ssssffism‘sxfflewluae
425 673 507 720 ille
543 670 923 735 praetermiserat
964 688 1023 718 ex
1062 669 1313 732 Dionysio
1355 668 1727 730 Plutarchoque

279 750 487 800 materia
510 749 823 803 ostendebat,
848 747 969 795 satis
995 747 1256 794 habuimus
1281 763 1341 794 ea
1363 763 1474 809 quae
1500 762 1729 793 necessa-

276 830 345 877 ria
385 827 588 876 omnino
625 832 778 880 erant,
818 832 868 871 et
904 823 1113 871 breviter
1153 822 1353 871 tractari
1395 829 1640 885 poterant,
1678 822 1729 869 in

275 906 409 954 notis
435 920 717 967 exponere:
772 902 835 949 de
860 901 1052 958 ceteris,
1079 901 1119 949 si
1143 901 1269 948 levia
1298 908 1454 956 erant,
1482 900 1733 957 siluimus,

277 983 319 1031 si
339 982 551 1042 alicujus
572 978 824 1034 momenti,
842 978 1120 1026 remisimus
1141 978 1202 1025 ad
1224 978 1361 1041 ipsos
1378 978 1562 1025 fontes.
1611 977 1733 1025 Non

277 1062 453 1109 eadem
479 1058 602 1106 ratio
629 1056 775 1104 nobis
800 1074 909 1104 esse
934 1056 1038 1103 visa
1061 1064 1135 1103 est
1159 1072 1345 1112 eorum,
1371 1055 1421 1103 in
1447 1054 1624 1118 quibus
1651 1054 1732 1102 Li-

280 1139 413 1185 vium
440 1155 468 1184 a
492 1126 618 1183 vero*
635 1135 887 1198 paulisper
912 1135 1205 1189 abduxerat,
1231 1134 1306 1181 vel
1332 1133 1534 1189 incuria,
1562 1132 1640 1179 vel
1664 1132 1736 1179 ni-

65 1215 409 1273 Quaeparummlus
431 1214 482 1261 in
504 1211 715 1276 patriam
751 1227 906 1258 amor.
979 1210 1104 1258 Haec
1140 1210 1271 1257 enim
1308 1211 1488 1270 omnia,
1514 1210 1734 1258 ubicum-

66 1280 380 1356 {Jfsl‘ssssssffig-que
405 1289 841 1354 deprehendimus,
863 1289 1115 1350 arguenda
1133 1304 1241 1335 esse
1252 1287 1589 1349 judicavimus
1608 1308 1617 1335 :
1642 1305 1734 1335 nec

67 1366 225 1438 ‹rssifiiisu‘if‘
283 1369 558 1433 quidquam
597 1374 680 1413 aut
703 1366 887 1422 utilius,
915 1373 999 1413 aut
1022 1365 1299 1427 jucundius
1335 1366 1541 1414 cordato
1565 1366 1737 1413 lectori

66 1432 86 1448 ὃ
282 1448 330 1495 in
355 1446 488 1494 notis
513 1445 697 1493 nostris
724 1450 966 1500 occurret,
992 1460 1144 1507 quam
1171 1460 1232 1490 ea
1255 1461 1365 1507 quae
1392 1443 1738 1503 emendandae,

283 1524 569 1573 refellendae
606 1522 855 1569 interdum
894 1521 1114 1569 Livianae
1150 1521 1447 1569 narrationis
1486 1538 1653 1578 causa,
1689 1521 1740 1568 in

285 1609 460 1668 quarta
485 1601 701 1648 maxime
725 1599 999 1663 quintaque
1035 1599 1311 1648 decadibus
1335 1616 1397 1649 ex
1425 1599 1636 1662 Polybio
1663 1605 1736 1646 at-

288 1680 508 1726 tulimus.

74 1780 120 1851 ¹20.
140 1780 245 1817 Ritus,
357 1757 482 1811 Quae
511 1754 763 1819 'pertinent
800 1755 863 1801 ad
901 1755 1037 1811 ritus,
1064 1755 1215 1818 leges,
1240 1754 1462 1802 instituta
1498 1753 1740 1809 militaria,

86 1824 241 1861 egcs‚&c.

74 1867 158 1903 quod
176 1875 269 1903 argu,
293 1852 450 1891 sacra,
479 1832 779 1892 sacerdotia,
805 1833 1133 1895 magistratus,
1155 1832 1314 1880 sobrie
1337 1848 1538 1896 quoque
1562 1838 1743 1879 tracta-

75 1913 277 1937 mfflmffl'ffi·
296 1914 466 1968 vimus,
494 1929 556 1959 ne
583 1919 667 1958 aut
703 1911 1102 1957 desiderarentur
1131 1928 1190 1957 ea
1213 1927 1324 1974 quae
1350 1911 1414 1958 ad
1452 1909 1646 1957 Livium
1670 1909 1741 1956 in-

74 1951 140 1979 brie
156 1956 231 1980 tract
238 1962 270 1981 a·

78 1994 190 2024 vimus·
294 1990 618 2051 telligendum
650 1988 929 2035 necessaria
951 2006 1060 2035 esse
1084 1995 1303 2052 possent,
1328 1995 1412 2035 aut
1436 2004 1744 2052 supervacua
1813 1996 1816 2037 ’.

293 2067 399 2115 sine
437 2067 589 2114 modo
632 2066 980 2128 ingererentur.
1051 2066 1227 2130 Itaque
1256 2066 1309 2113 id
1352 2067 1487 2130 quod
1530 2065 1744 2112 maxime

291 2162 390 2193 rem
426 2160 828 2207 unamquamque
864 2143 1166 2200 continebat,
1193 2160 1344 2207 quam
1380 2142 1668 2190 brevissime
1692 2142 1746 2189 li-
1815 2199 1816 2207 ἵ

294 2222 410 2276 cuit,
437 2220 718 2282 attigimus:
771 2219 1037 2283 pleniorem
1070 2219 1353 2282 hujusmodi
1388 2236 1549 2267 rerum
1575 2219 1743 2281 cogni-

296 2300 479 2346 tionem
521 2297 760 2345 studiosis
798 2297 929 2360 large
965 2297 1362 2360 suppeditabunt
1401 2297 1746 2344 iminensae·et

296 2392 516 2430 numero,
545 2383 593 2421 et
627 2374 773 2432 mole,
800 2374 1201 2421 doctissimorum
1239 2374 1492 2422 hominum
1522 2375 1745 2438 disputa-

297 2452 474 2500 tiones.

80 2556 123 2587 330,
142 2559 263 2587 Md„
365 2529 422 2575 ln
450 2528 774 2591 ponderibus,
798 2527 1027 2590 pecunia,
1055 2528 1309 2584 mensuris,
1337 2528 1400 2574 ad
1427 2544 1613 2585 eorum,
1635 2547 1745 2593 quae

81 2611 250 2680 ffigff'gssn
302 2606 433 2668 apud
460 2621 553 2651 nos
589 2604 775 2650 suntin
813 2621 918 2659 usu,
948 2604 1188 2651 rationem
1224 2604 1481 2667 exigendis
1517 2622 1615 2653 non
1641 2624 1746 2670 per-

82 2700 175 2720 surae·
299 2681 591 2729 functoriam
617 2697 816 2745 operam
855 2681 1186 2736 adhibuimus,
1210 2689 1262 2729 ut
1286 2683 1392 2730 haec
1427 2683 1606 2739 onmia,
1635 2702 1745 2746 quae

299 2760 382 2823 qui
432 2777 630 2823 prorsus
682 2756 995 2820 ignoraverit,
1046 2757 1230 2820 hospes
1266 2766 1315 2806 et
1373 2760 1652 2823 peregrinus
1698 2761 1748 2808 in
