<?xml version="1.0" encoding="UTF-8"?>
<!DOCTYPE html PUBLIC "-//W3C//DTD XHTML 1.0 Transitional//EN"
    "http://www.w3.org/TR/xhtml1/DTD/xhtml1-transitional.dtd">
<html xmlns="http://www.w3.org/1999/xhtml" xml:lang="en" lang="en">
 <head>
  <title>
</title>
<meta http-equiv="Content-Type" content="text/html;charset=utf-8" />
  <meta name='ocr-system' content='tesseract 3.04.00' />
  <meta name='ocr-capabilities' content='ocr_page ocr_carea ocr_par ocr_line ocrx_word'/>
</head>
<body>
  <div class='ocr_page' id='page_1' title='image "./historiarumaburb04livyuoft/historiarumaburb04livyuoft_0327.png"; bbox 0 0 1805 3174; ppageno 0'>
   <div class='ocr_carea' id='block_1_1' title="bbox 505 59 1135 97">
    <p class='ocr_par' dir='ltr' id='par_1_1' title="bbox 505 59 1135 97">
     <span class='ocr_line' id='line_1_1' title="bbox 505 59 1135 97; baseline -0.006 0"><span class='ocrx_word' id='word_1_1' title='bbox 505 60 543 97; x_wconf 87' lang='lat' dir='ltr'>H</span> <span class='ocrx_word' id='word_1_2' title='bbox 553 59 709 97; x_wconf 78' lang='lat' dir='ltr'>ISTOR</span> <span class='ocrx_word' id='word_1_3' title='bbox 720 60 891 97; x_wconf 66' lang='lat' dir='ltr'><strong>{ARUM</strong></span> <span class='ocrx_word' id='word_1_4' title='bbox 925 59 1014 95; x_wconf 73' lang='lat' dir='ltr'>Lm</span> <span class='ocrx_word' id='word_1_5' title='bbox 1024 61 1067 96; x_wconf 69' lang='lat' dir='ltr'>ll(</span> <span class='ocrx_word' id='word_1_6' title='bbox 1078 62 1135 97; x_wconf 72' lang='lat' dir='ltr'>)S.</span> 
     </span>
    </p>
   </div>
   <div class='ocr_carea' id='block_1_2' title="bbox 117 170 815 2843">
    <p class='ocr_par' dir='ltr' id='par_1_2' title="bbox 157 170 802 466">
     <span class='ocr_line' id='line_1_2' title="bbox 159 170 801 209; baseline 0.002 -10"><span class='ocrx_word' id='word_1_7' title='bbox 159 170 333 199; x_wconf 71' lang='lat' dir='ltr'>immolanti</span> <span class='ocrx_word' id='word_1_8' title='bbox 349 179 456 208; x_wconf 81' lang='lat' dir='ltr'>parurn</span> <span class='ocrx_word' id='word_1_9' title='bbox 470 170 540 199; x_wconf 78' lang='lat' dir='ltr'>heta</span> <span class='ocrx_word' id='word_1_10' title='bbox 552 173 624 199; x_wconf 75' lang='lat' dir='ltr'>exta</span> <span class='ocrx_word' id='word_1_11' title='bbox 638 175 801 209; x_wconf 75' lang='lat' dir='ltr'>apparent,</span> 
     </span>
     <span class='ocr_line' id='line_1_3' title="bbox 157 214 800 252; baseline -0.002 -8"><span class='ocrx_word' id='word_1_12' title='bbox 157 219 188 244; x_wconf 76' lang='lat'>9.</span> <span class='ocrx_word' id='word_1_13' title='bbox 217 224 248 243; x_wconf 82' lang='lat' dir='ltr'>se</span> <span class='ocrx_word' id='word_1_14' title='bbox 276 215 408 243; x_wconf 69' lang='lat' dir='ltr'>devovet</span> <span class='ocrx_word' id='word_1_15' title='bbox 435 223 489 252; x_wconf 89' lang='lat' dir='ltr'>pro</span> <span class='ocrx_word' id='word_1_16' title='bbox 517 214 632 252; x_wconf 86' lang='lat' dir='ltr'>populo</span> <span class='ocrx_word' id='word_1_17' title='bbox 657 216 800 243; x_wconf 76' lang='lat' dir='ltr'>Romano</span> 
     </span>
     <span class='ocr_line' id='line_1_4' title="bbox 160 257 801 295; baseline 0 -9"><span class='ocrx_word' id='word_1_18' title='bbox 160 257 412 295; x_wconf 76' lang='lat' dir='ltr'>Quiritibusque.</span> <span class='ocrx_word' id='word_1_19' title='bbox 430 257 504 286; x_wconf 64' lang='lat' dir='ltr'><strong>wid.</strong></span> <span class='ocrx_word' id='word_1_20' title='bbox 520 258 552 285; x_wconf 91' lang='lat' dir='ltr'>iu</span> <span class='ocrx_word' id='word_1_21' title='bbox 578 258 686 286; x_wconf 69' lang='lat' dir='ltr'>ini-diis</span> <span class='ocrx_word' id='word_1_22' title='bbox 703 259 801 287; x_wconf 86' lang='lat' dir='ltr'>hosti-</span> 
     </span>
     <span class='ocr_line' id='line_1_5' title="bbox 158 299 802 339; baseline 0 -9"><span class='ocrx_word' id='word_1_23' title='bbox 158 301 216 330; x_wconf 80' lang='lat' dir='ltr'>bus</span> <span class='ocrx_word' id='word_1_24' title='bbox 229 301 373 337; x_wconf 86' lang='lat' dir='ltr'>moritur,</span> <span class='ocrx_word' id='word_1_25' title='bbox 390 299 460 329; x_wconf 77' lang='lat' dir='ltr'>ibid.</span> <span class='ocrx_word' id='word_1_26' title='bbox 473 300 540 337; x_wconf 72' lang='lat' dir='ltr'>ejus</span> <span class='ocrx_word' id='word_1_27' title='bbox 553 310 664 339; x_wconf 86' lang='lat' dir='ltr'>corpus</span> <span class='ocrx_word' id='word_1_28' title='bbox 677 306 802 339; x_wconf 86' lang='lat' dir='ltr'>postero</span> 
     </span>
     <span class='ocr_line' id='line_1_6' title="bbox 159 343 800 374; baseline 0.002 -2"><span class='ocrx_word' id='word_1_29' title='bbox 159 345 207 372; x_wconf 81' lang='lat' dir='ltr'>die</span> <span class='ocrx_word' id='word_1_30' title='bbox 221 344 383 373; x_wconf 82' lang='lat' dir='ltr'>inventum</span> <span class='ocrx_word' id='word_1_31' title='bbox 395 343 475 372; x_wconf 81' lang='lat' dir='ltr'>inter</span> <span class='ocrx_word' id='word_1_32' title='bbox 485 344 647 373; x_wconf 80' lang='lat' dir='ltr'>maximam</span> <span class='ocrx_word' id='word_1_33' title='bbox 663 345 800 374; x_wconf 81' lang='lat' dir='ltr'>hostium</span> 
     </span>
     <span class='ocr_line' id='line_1_7' title="bbox 159 388 802 425; baseline 0.002 -10"><span class='ocrx_word' id='word_1_34' title='bbox 159 393 307 425; x_wconf 82' lang='lat' dir='ltr'>stragem,</span> <span class='ocrx_word' id='word_1_35' title='bbox 319 391 499 425; x_wconf 87' lang='lat' dir='ltr'>coopertum</span> <span class='ocrx_word' id='word_1_36' title='bbox 512 388 594 420; x_wconf 76' lang='lat' dir='ltr'>telis,</span> <span class='ocrx_word' id='word_1_37' title='bbox 610 393 655 417; x_wconf 85' lang='grc'>10.</span> <span class='ocrx_word' id='word_1_38' title='bbox 668 389 694 417; x_wconf 84' lang='lat' dir='ltr'>ei</span> <span class='ocrx_word' id='word_1_39' title='bbox 706 388 802 417; x_wconf 83' lang='lat' dir='ltr'>funus</span> 
     </span>
     <span class='ocr_line' id='line_1_8' title="bbox 159 431 743 466; baseline 0.003 -8"><span class='ocrx_word' id='word_1_40' title='bbox 159 431 293 459; x_wconf 73' lang='lat' dir='ltr'><strong>celebrat</strong></span> <span class='ocrx_word' id='word_1_41' title='bbox 309 431 345 459; x_wconf 87' lang='lat' dir='ltr'>T.</span> <span class='ocrx_word' id='word_1_42' title='bbox 358 431 512 466; x_wconf 85' lang='lat' dir='ltr'>Manlius,</span> <span class='ocrx_word' id='word_1_43' title='bbox 530 432 651 465; x_wconf 84' lang='lat' dir='ltr'>consul,</span> <span class='ocrx_word' id='word_1_44' title='bbox 669 432 743 460; x_wconf 72' lang='lat' dir='ltr'>ibid.</span> 
     </span>
    </p>

    <p class='ocr_par' dir='ltr' id='par_1_3' title="bbox 118 474 803 642">
     <span class='ocr_line' id='line_1_9' title="bbox 118 474 802 509; baseline 0 -7"><span class='ocrx_word' id='word_1_45' title='bbox 118 475 150 504; x_wconf 81' lang='grc' dir='ltr'>Ρ.</span> <span class='ocrx_word' id='word_1_46' title='bbox 165 474 279 503; x_wconf 82' lang='lat' dir='ltr'>Decius</span> <span class='ocrx_word' id='word_1_47' title='bbox 295 474 381 508; x_wconf 88' lang='lat' dir='ltr'>Mus,</span> <span class='ocrx_word' id='word_1_48' title='bbox 396 474 518 509; x_wconf 89' lang='lat' dir='ltr'>consul,</span> <span class='ocrx_word' id='word_1_49' title='bbox 532 479 564 509; x_wconf 85' lang='grc'>9,</span> <span class='ocrx_word' id='word_1_50' title='bbox 580 479 630 504; x_wconf 69' lang='grc'>28.</span> <span class='ocrx_word' id='word_1_51' title='bbox 646 478 674 503; x_wconf 82' lang='lat' dir='ltr'>et</span> <span class='ocrx_word' id='word_1_52' title='bbox 692 479 743 505; x_wconf 85' lang='lat'>29.</span> <span class='ocrx_word' id='word_1_53' title='bbox 760 475 802 503; x_wconf 82' lang='lat' dir='ltr'>le-</span> 
     </span>
     <span class='ocr_line' id='line_1_10' title="bbox 158 517 799 555; baseline 0.002 -10"><span class='ocrx_word' id='word_1_54' title='bbox 158 522 261 555; x_wconf 80' lang='lat' dir='ltr'>gatus.</span> <span class='ocrx_word' id='word_1_55' title='bbox 276 522 326 545; x_wconf 66' lang='lat'><strong>«10.</strong></span> <span class='ocrx_word' id='word_1_56' title='bbox 343 517 452 545; x_wconf 83' lang='lat' dir='ltr'>consul</span> <span class='ocrx_word' id='word_1_57' title='bbox 474 517 600 554; x_wconf 82' lang='lat' dir='ltr'>iterum,</span> <span class='ocrx_word' id='word_1_58' title='bbox 619 522 670 547; x_wconf 79' lang='grc'>41.</span> <span class='ocrx_word' id='word_1_59' title='bbox 688 519 753 555; x_wconf 72' lang='lat' dir='ltr'>ejus</span> <span class='ocrx_word' id='word_1_60' title='bbox 767 519 799 546; x_wconf 90' lang='lat' dir='ltr'>in</span> 
     </span>
     <span class='ocr_line' id='line_1_11' title="bbox 158 560 803 599; baseline 0.002 -11"><span class='ocrx_word' id='word_1_61' title='bbox 158 561 285 589; x_wconf 77' lang='lat' dir='ltr'><strong>Etruria</strong></span> <span class='ocrx_word' id='word_1_62' title='bbox 296 569 342 588; x_wconf 84' lang='lat' dir='ltr'>res</span> <span class='ocrx_word' id='word_1_63' title='bbox 354 560 431 589; x_wconf 87' lang='lat' dir='ltr'>bene</span> <span class='ocrx_word' id='word_1_64' title='bbox 443 565 551 599; x_wconf 70' lang='lat' dir='ltr'>gestae,</span> <span class='ocrx_word' id='word_1_65' title='bbox 566 562 639 590; x_wconf 67' lang='lat' dir='ltr'>ibid.</span> <span class='ocrx_word' id='word_1_66' title='bbox 656 563 803 597; x_wconf 83' lang='lat' dir='ltr'>magister</span> 
     </span>
     <span class='ocr_line' id='line_1_12' title="bbox 158 603 587 642; baseline 0.002 -10"><span class='ocrx_word' id='word_1_67' title='bbox 158 603 312 642; x_wconf 77' lang='lat' dir='ltr'>equitum,</span> <span class='ocrx_word' id='word_1_68' title='bbox 328 607 380 633; x_wconf 83' lang='grc'>44.</span> <span class='ocrx_word' id='word_1_69' title='bbox 397 614 518 640; x_wconf 85' lang='lat' dir='ltr'>censor,</span> <span class='ocrx_word' id='word_1_70' title='bbox 536 607 587 633; x_wconf 89' lang='grc'>46.</span> 
     </span>
    </p>

    <p class='ocr_par' dir='ltr' id='par_1_4' title="bbox 159 647 805 1161">
     <span class='ocr_line' id='line_1_13' title="bbox 201 647 803 687; baseline 0.003 -12"><span class='ocrx_word' id='word_1_71' title='bbox 201 647 267 683; x_wconf 85' lang='lat' dir='ltr'>ejus</span> <span class='ocrx_word' id='word_1_72' title='bbox 291 647 390 676; x_wconf 85' lang='lat' dir='ltr'>oratio</span> <span class='ocrx_word' id='word_1_73' title='bbox 414 658 469 685; x_wconf 89' lang='lat' dir='ltr'>pro</span> <span class='ocrx_word' id='word_1_74' title='bbox 492 649 572 686; x_wconf 86' lang='lat' dir='ltr'>lege,</span> <span class='ocrx_word' id='word_1_75' title='bbox 597 648 633 676; x_wconf 82' lang='lat' dir='ltr'>de</span> <span class='ocrx_word' id='word_1_76' title='bbox 659 648 803 687; x_wconf 79' lang='lat' dir='ltr'>augendo</span> 
     </span>
     <span class='ocr_line' id='line_1_14' title="bbox 159 691 805 730; baseline 0.003 -12"><span class='ocrx_word' id='word_1_77' title='bbox 159 699 288 719; x_wconf 88' lang='lat' dir='ltr'>numero</span> <span class='ocrx_word' id='word_1_78' title='bbox 305 691 511 727; x_wconf 83' lang='lat' dir='ltr'>sacerdotarn,</span> <span class='ocrx_word' id='word_1_79' title='bbox 528 694 577 727; x_wconf 90' lang='grc'>10,</span> <span class='ocrx_word' id='word_1_80' title='bbox 592 695 619 721; x_wconf 84' lang='grc'>7.</span> <span class='ocrx_word' id='word_1_81' title='bbox 635 695 664 719; x_wconf 80' lang='lat' dir='ltr'>et</span> <span class='ocrx_word' id='word_1_82' title='bbox 682 697 709 720; x_wconf 77' lang='grc'>8.</span> <span class='ocrx_word' id='word_1_83' title='bbox 728 701 805 730; x_wconf 87' lang='lat' dir='ltr'>pou-</span> 
     </span>
     <span class='ocr_line' id='line_1_15' title="bbox 159 734 803 771; baseline 0.006 -10"><span class='ocrx_word' id='word_1_84' title='bbox 159 734 234 762; x_wconf 84' lang='lat' dir='ltr'>tifex</span> <span class='ocrx_word' id='word_1_85' title='bbox 258 737 391 766; x_wconf 81' lang='lat' dir='ltr'>creatur.</span> <span class='ocrx_word' id='word_1_86' title='bbox 415 739 445 765; x_wconf 82' lang='grc'>9.</span> <span class='ocrx_word' id='word_1_87' title='bbox 462 734 588 763; x_wconf 82' lang='lat' dir='ltr'>tertium</span> <span class='ocrx_word' id='word_1_88' title='bbox 609 736 732 771; x_wconf 85' lang='lat' dir='ltr'>consul,</span> <span class='ocrx_word' id='word_1_89' title='bbox 755 739 803 765; x_wconf 76' lang='grc'>14.</span> 
     </span>
     <span class='ocr_line' id='line_1_16' title="bbox 159 777 803 816; baseline 0.003 -11"><span class='ocrx_word' id='word_1_90' title='bbox 159 777 225 813; x_wconf 76' lang='lat' dir='ltr'>ejus</span> <span class='ocrx_word' id='word_1_91' title='bbox 243 786 289 805; x_wconf 87' lang='lat' dir='ltr'>res</span> <span class='ocrx_word' id='word_1_92' title='bbox 310 780 417 815; x_wconf 63' lang='lat' dir='ltr'>gestae,</span> <span class='ocrx_word' id='word_1_93' title='bbox 434 778 506 807; x_wconf 70' lang='lat' dir='ltr'>ibid.</span> <span class='ocrx_word' id='word_1_94' title='bbox 524 783 553 806; x_wconf 84' lang='lat' dir='ltr'>et</span> <span class='ocrx_word' id='word_1_95' title='bbox 573 782 620 807; x_wconf 91' lang='grc'>15.</span> <span class='ocrx_word' id='word_1_96' title='bbox 637 779 803 816; x_wconf 84' lang='lat' dir='ltr'>proconsul</span> 
     </span>
     <span class='ocr_line' id='line_1_17' title="bbox 160 819 804 860; baseline 0 -11"><span class='ocrx_word' id='word_1_97' title='bbox 160 819 346 849; x_wconf 81' lang='lat' dir='ltr'>Samnitium</span> <span class='ocrx_word' id='word_1_98' title='bbox 357 821 525 850; x_wconf 84' lang='lat' dir='ltr'>exercitum</span> <span class='ocrx_word' id='word_1_99' title='bbox 537 822 663 860; x_wconf 80' lang='lat' dir='ltr'>expellit</span> <span class='ocrx_word' id='word_1_100' title='bbox 676 823 804 858; x_wconf 71' lang='lat' dir='ltr'>finibus,</span> 
     </span>
     <span class='ocr_line' id='line_1_18' title="bbox 162 864 802 904; baseline 0.005 -13"><span class='ocrx_word' id='word_1_101' title='bbox 162 866 209 891; x_wconf 87' lang='lat'>16.</span> <span class='ocrx_word' id='word_1_102' title='bbox 227 867 288 892; x_wconf 84' lang='lat' dir='ltr'>tres</span> <span class='ocrx_word' id='word_1_103' title='bbox 314 864 405 893; x_wconf 86' lang='lat' dir='ltr'>urbes</span> <span class='ocrx_word' id='word_1_104' title='bbox 428 865 461 893; x_wconf 94' lang='lat' dir='ltr'>iu</span> <span class='ocrx_word' id='word_1_105' title='bbox 485 865 614 894; x_wconf 90' lang='lat' dir='ltr'>Samnio</span> <span class='ocrx_word' id='word_1_106' title='bbox 639 866 734 904; x_wconf 82' lang='lat' dir='ltr'>capit,</span> <span class='ocrx_word' id='word_1_107' title='bbox 755 870 802 897; x_wconf 87' lang='lat'>17.</span> 
     </span>
     <span class='ocr_line' id='line_1_19' title="bbox 161 907 802 946; baseline 0.002 -11"><span class='ocrx_word' id='word_1_108' title='bbox 161 907 225 938; x_wconf 78' lang='lat' dir='ltr'><strong>1=1‘‹l.</strong></span> <span class='ocrx_word' id='word_1_109' title='bbox 245 910 273 935; x_wconf 78' lang='lat' dir='ltr'>ct</span> <span class='ocrx_word' id='word_1_110' title='bbox 295 910 342 936; x_wconf 81' lang='lat'>18.</span> <span class='ocrx_word' id='word_1_111' title='bbox 362 912 413 936; x_wconf 89' lang='lat'>20.</span> <span class='ocrx_word' id='word_1_112' title='bbox 438 912 583 946; x_wconf 88' lang='lat' dir='ltr'>quartum</span> <span class='ocrx_word' id='word_1_113' title='bbox 610 910 732 945; x_wconf 84' lang='lat' dir='ltr'>consul,</span> <span class='ocrx_word' id='word_1_114' title='bbox 751 913 802 938; x_wconf 87' lang='lat'>22.</span> 
     </span>
     <span class='ocr_line' id='line_1_20' title="bbox 159 950 804 991; baseline 0.005 -13"><span class='ocrx_word' id='word_1_115' title='bbox 159 950 226 986; x_wconf 79' lang='lat' dir='ltr'>ejus</span> <span class='ocrx_word' id='word_1_116' title='bbox 243 951 407 980; x_wconf 82' lang='lat' dir='ltr'>contentio</span> <span class='ocrx_word' id='word_1_117' title='bbox 431 960 501 980; x_wconf 89' lang='lat' dir='ltr'>cum</span> <span class='ocrx_word' id='word_1_118' title='bbox 519 952 615 981; x_wconf 85' lang='lat' dir='ltr'>Fabio</span> <span class='ocrx_word' id='word_1_119' title='bbox 631 953 750 991; x_wconf 82' lang='lat' dir='ltr'>collega</span> <span class='ocrx_word' id='word_1_120' title='bbox 767 953 804 981; x_wconf 80' lang='lat' dir='ltr'>(le</span> 
     </span>
     <span class='ocr_line' id='line_1_21' title="bbox 159 994 804 1034; baseline 0.006 -13"><span class='ocrx_word' id='word_1_121' title='bbox 159 994 341 1031; x_wconf 84' lang='lat' dir='ltr'>provinciis,</span> <span class='ocrx_word' id='word_1_122' title='bbox 356 999 408 1023; x_wconf 78' lang='grc'>24.</span> <span class='ocrx_word' id='word_1_123' title='bbox 421 1004 490 1024; x_wconf 90' lang='lat' dir='ltr'>cum</span> <span class='ocrx_word' id='word_1_124' title='bbox 504 1005 540 1024; x_wconf 89' lang='lat' dir='ltr'>eo</span> <span class='ocrx_word' id='word_1_125' title='bbox 554 995 592 1024; x_wconf 88' lang='lat' dir='ltr'>ad</span> <span class='ocrx_word' id='word_1_126' title='bbox 605 996 719 1025; x_wconf 88' lang='lat' dir='ltr'>bellum</span> <span class='ocrx_word' id='word_1_127' title='bbox 735 1005 804 1034; x_wconf 83' lang='lat' dir='ltr'>pro-</span> 
     </span>
     <span class='ocr_line' id='line_1_22' title="bbox 160 1037 805 1076; baseline 0.002 -10"><span class='ocrx_word' id='word_1_128' title='bbox 160 1037 322 1073; x_wconf 78' lang='lat' dir='ltr'>ficiscitur,</span> <span class='ocrx_word' id='word_1_129' title='bbox 335 1039 385 1065; x_wconf 89' lang='lat'>26.</span> <span class='ocrx_word' id='word_1_130' title='bbox 401 1047 455 1076; x_wconf 89' lang='lat' dir='ltr'>pro</span> <span class='ocrx_word' id='word_1_131' title='bbox 468 1039 605 1067; x_wconf 86' lang='lat' dir='ltr'>exercitu</span> <span class='ocrx_word' id='word_1_132' title='bbox 616 1040 761 1068; x_wconf 82' lang='lat' dir='ltr'>Romano</span> <span class='ocrx_word' id='word_1_133' title='bbox 774 1048 805 1067; x_wconf 88' lang='lat' dir='ltr'>se</span> 
     </span>
     <span class='ocr_line' id='line_1_23' title="bbox 160 1080 804 1120; baseline 0.005 -12"><span class='ocrx_word' id='word_1_134' title='bbox 160 1080 231 1108; x_wconf 85' lang='lat' dir='ltr'>Diis</span> <span class='ocrx_word' id='word_1_135' title='bbox 248 1081 396 1109; x_wconf 83' lang='lat' dir='ltr'>Manibus</span> <span class='ocrx_word' id='word_1_136' title='bbox 413 1082 556 1117; x_wconf 82' lang='lat' dir='ltr'><strong>devovet,</strong></span> <span class='ocrx_word' id='word_1_137' title='bbox 574 1087 625 1111; x_wconf 82' lang='lat'>28.</span> <span class='ocrx_word' id='word_1_138' title='bbox 641 1092 754 1120; x_wconf 85' lang='lat' dir='ltr'>equum</span> <span class='ocrx_word' id='word_1_139' title='bbox 773 1083 804 1111; x_wconf 93' lang='lat' dir='ltr'>in</span> 
     </span>
     <span class='ocr_line' id='line_1_24' title="bbox 161 1123 742 1161; baseline 0.007 -10"><span class='ocrx_word' id='word_1_140' title='bbox 161 1123 268 1152; x_wconf 79' lang='lat' dir='ltr'>Gallos</span> <span class='ocrx_word' id='word_1_141' title='bbox 283 1124 460 1159; x_wconf 72' lang='lat' dir='ltr'>concitam,</span> <span class='ocrx_word' id='word_1_142' title='bbox 475 1125 673 1161; x_wconf 83' lang='lat' dir='ltr'>interficitur,</span> <span class='ocrx_word' id='word_1_143' title='bbox 691 1130 742 1156; x_wconf 84' lang='lat'>29.</span> 
     </span>
    </p>

    <p class='ocr_par' dir='ltr' id='par_1_5' title="bbox 117 1166 808 1247">
     <span class='ocr_line' id='line_1_25' title="bbox 117 1166 808 1204; baseline 0.004 -10"><span class='ocrx_word' id='word_1_144' title='bbox 117 1166 151 1195; x_wconf 89' lang='lat' dir='ltr'>P.</span> <span class='ocrx_word' id='word_1_145' title='bbox 169 1166 286 1195; x_wconf 83' lang='lat' dir='ltr'>Decius</span> <span class='ocrx_word' id='word_1_146' title='bbox 303 1167 435 1204; x_wconf 85' lang='lat' dir='ltr'>Subulo,</span> <span class='ocrx_word' id='word_1_147' title='bbox 453 1168 597 1197; x_wconf 79' lang='lat' dir='ltr'>triumvir</span> <span class='ocrx_word' id='word_1_148' title='bbox 620 1169 808 1198; x_wconf 77' lang='lat' dir='ltr'>deducendis</span> 
     </span>
     <span class='ocr_line' id='line_1_26' title="bbox 159 1208 629 1247; baseline 0.006 -10"><span class='ocrx_word' id='word_1_149' title='bbox 159 1208 336 1246; x_wconf 81' lang='lat' dir='ltr'>Aquileiam</span> <span class='ocrx_word' id='word_1_150' title='bbox 354 1211 485 1246; x_wconf 83' lang='lat' dir='ltr'>colonis,</span> <span class='ocrx_word' id='word_1_151' title='bbox 504 1216 559 1247; x_wconf 83' lang='lat'>43,</span> <span class='ocrx_word' id='word_1_152' title='bbox 582 1216 629 1242; x_wconf 89' lang='grc'>19.</span> 
     </span>
    </p>

    <p class='ocr_par' dir='ltr' id='par_1_6' title="bbox 119 1253 570 1292">
     <span class='ocr_line' id='line_1_27' title="bbox 119 1253 570 1292; baseline 0.004 -12"><span class='ocrx_word' id='word_1_153' title='bbox 119 1253 152 1281; x_wconf 90' lang='lat' dir='ltr'>P.</span> <span class='ocrx_word' id='word_1_154' title='bbox 171 1253 300 1285; x_wconf 80' lang='lat' dir='ltr'>Decius,</span> <span class='ocrx_word' id='word_1_155' title='bbox 319 1254 452 1292; x_wconf 79' lang='lat' dir='ltr'>legatus,</span> <span class='ocrx_word' id='word_1_156' title='bbox 469 1258 523 1290; x_wconf 86' lang='lat'>45,</span> <span class='ocrx_word' id='word_1_157' title='bbox 540 1260 570 1284; x_wconf 90' lang='grc'>3.</span> 
     </span>
    </p>

    <p class='ocr_par' dir='ltr' id='par_1_7' title="bbox 118 1297 807 1376">
     <span class='ocr_line' id='line_1_28' title="bbox 118 1297 807 1331; baseline 0.004 -7"><span class='ocrx_word' id='word_1_158' title='bbox 118 1297 266 1325; x_wconf 79' lang='lat' dir='ltr'>Decumae</span> <span class='ocrx_word' id='word_1_159' title='bbox 290 1297 357 1325; x_wconf 88' lang='lat' dir='ltr'>duae</span> <span class='ocrx_word' id='word_1_160' title='bbox 380 1298 530 1327; x_wconf 85' lang='lat' dir='ltr'>frumenti</span> <span class='ocrx_word' id='word_1_161' title='bbox 553 1302 679 1331; x_wconf 59' lang='lat' dir='ltr'>exactae,</span> <span class='ocrx_word' id='word_1_162' title='bbox 701 1301 754 1331; x_wconf 88' lang='grc'>36,</span> <span class='ocrx_word' id='word_1_163' title='bbox 778 1302 807 1326; x_wconf 87' lang='grc'>2.</span> 
     </span>
     <span class='ocr_line' id='line_1_29' title="bbox 160 1340 387 1376; baseline 0.009 -8"><span class='ocrx_word' id='word_1_164' title='bbox 160 1340 224 1369; x_wconf 76' lang='lat' dir='ltr'><strong>vid.</strong></span> <span class='ocrx_word' id='word_1_165' title='bbox 240 1342 267 1369; x_wconf 73' lang='lat' dir='ltr'>et</span> <span class='ocrx_word' id='word_1_166' title='bbox 283 1344 338 1376; x_wconf 84' lang='lat'>37,</span> <span class='ocrx_word' id='word_1_167' title='bbox 356 1345 387 1370; x_wconf 88' lang='lat'>2.</span> 
     </span>
    </p>

    <p class='ocr_par' dir='ltr' id='par_1_8' title="bbox 118 1383 808 1553">
     <span class='ocr_line' id='line_1_30' title="bbox 118 1383 807 1422; baseline 0 -11"><span class='ocrx_word' id='word_1_168' title='bbox 118 1383 301 1412; x_wconf 84' lang='lat' dir='ltr'>Decumana</span> <span class='ocrx_word' id='word_1_169' title='bbox 309 1387 401 1422; x_wconf 84' lang='lat' dir='ltr'>porta</span> <span class='ocrx_word' id='word_1_170' title='bbox 409 1387 596 1421; x_wconf 84' lang='lat' dir='ltr'>castrorum,</span> <span class='ocrx_word' id='word_1_171' title='bbox 608 1389 639 1418; x_wconf 89' lang='lat'>8,</span> <span class='ocrx_word' id='word_1_172' title='bbox 652 1389 679 1414; x_wconf 94' lang='grc'>5.</span> <span class='ocrx_word' id='word_1_173' title='bbox 694 1388 744 1420; x_wconf 90' lang='grc'>10,</span> <span class='ocrx_word' id='word_1_174' title='bbox 756 1388 807 1413; x_wconf 86' lang='grc'>32.</span> 
     </span>
     <span class='ocr_line' id='line_1_31' title="bbox 119 1426 807 1458; baseline 0.003 -4"><span class='ocrx_word' id='word_1_175' title='bbox 119 1426 153 1455; x_wconf 89' lang='lat' dir='ltr'>in</span> <span class='ocrx_word' id='word_1_176' title='bbox 176 1427 328 1456; x_wconf 77' lang='lat' dir='ltr'>Decurias</span> <span class='ocrx_word' id='word_1_177' title='bbox 355 1428 459 1458; x_wconf 86' lang='lat' dir='ltr'>decem</span> <span class='ocrx_word' id='word_1_178' title='bbox 490 1429 650 1457; x_wconf 78' lang='lat' dir='ltr'>distributi</span> <span class='ocrx_word' id='word_1_179' title='bbox 682 1434 807 1457; x_wconf 84' lang='lat' dir='ltr'>centum</span> 
     </span>
     <span class='ocr_line' id='line_1_32' title="bbox 163 1470 770 1507; baseline 0.005 -10"><span class='ocrx_word' id='word_1_180' title='bbox 163 1470 269 1498; x_wconf 85' lang='lat' dir='ltr'>Patres</span> <span class='ocrx_word' id='word_1_181' title='bbox 284 1474 356 1507; x_wconf 85' lang='lat' dir='ltr'>post</span> <span class='ocrx_word' id='word_1_182' title='bbox 373 1471 495 1500; x_wconf 87' lang='lat' dir='ltr'>obitum</span> <span class='ocrx_word' id='word_1_183' title='bbox 512 1471 652 1507; x_wconf 81' lang='lat' dir='ltr'>Romuli,</span> <span class='ocrx_word' id='word_1_184' title='bbox 673 1475 701 1507; x_wconf 83' lang='lat'>1,</span> <span class='ocrx_word' id='word_1_185' title='bbox 722 1475 770 1502; x_wconf 84' lang='lat'>17·</span> 
     </span>
     <span class='ocr_line' id='line_1_33' title="bbox 121 1513 808 1553; baseline 0.003 -12"><span class='ocrx_word' id='word_1_186' title='bbox 121 1513 322 1549; x_wconf 74' lang='lat' dir='ltr'>Decutiatus,</span> <span class='ocrx_word' id='word_1_187' title='bbox 339 1514 404 1542; x_wconf 89' lang='lat' dir='ltr'>sive</span> <span class='ocrx_word' id='word_1_188' title='bbox 427 1515 594 1553; x_wconf 82' lang='lat' dir='ltr'>descriptio</span> <span class='ocrx_word' id='word_1_189' title='bbox 617 1515 758 1552; x_wconf 88' lang='lat' dir='ltr'>equitnm</span> <span class='ocrx_word' id='word_1_190' title='bbox 775 1514 808 1543; x_wconf 92' lang='lat' dir='ltr'>in</span> 
     </span>
    </p>

    <p class='ocr_par' dir='ltr' id='par_1_9' title="bbox 163 1556 459 1592">
     <span class='ocr_line' id='line_1_34' title="bbox 163 1556 459 1592; baseline 0.007 -8"><span class='ocrx_word' id='word_1_191' title='bbox 163 1556 316 1592; x_wconf 84' lang='lat' dir='ltr'>decurias,</span> <span class='ocrx_word' id='word_1_192' title='bbox 333 1560 386 1592; x_wconf 84' lang='lat'>22,</span> <span class='ocrx_word' id='word_1_193' title='bbox 405 1561 459 1587; x_wconf 83' lang='lat'>38.</span> 
     </span>
    </p>

    <p class='ocr_par' dir='ltr' id='par_1_10' title="bbox 121 1599 544 1637">
     <span class='ocr_line' id='line_1_35' title="bbox 121 1599 544 1637; baseline 0.007 -10"><span class='ocrx_word' id='word_1_194' title='bbox 121 1599 256 1628; x_wconf 88' lang='lat' dir='ltr'>Decurio</span> <span class='ocrx_word' id='word_1_195' title='bbox 270 1600 423 1637; x_wconf 82' lang='lat' dir='ltr'>equitum,</span> <span class='ocrx_word' id='word_1_196' title='bbox 442 1606 475 1637; x_wconf 90' lang='lat'>4,</span> <span class='ocrx_word' id='word_1_197' title='bbox 491 1605 544 1630; x_wconf 83' lang='grc'>38.</span> 
     </span>
    </p>

    <p class='ocr_par' dir='ltr' id='par_1_11' title="bbox 121 1643 805 1722">
     <span class='ocr_line' id='line_1_36' title="bbox 121 1643 805 1680; baseline 0 -9"><span class='ocrx_word' id='word_1_198' title='bbox 121 1643 274 1672; x_wconf 88' lang='lat' dir='ltr'>Decursio</span> <span class='ocrx_word' id='word_1_199' title='bbox 289 1644 457 1680; x_wconf 82' lang='lat' dir='ltr'>exercitus,</span> <span class='ocrx_word' id='word_1_200' title='bbox 475 1646 528 1678; x_wconf 89' lang='lat'>26,</span> <span class='ocrx_word' id='word_1_201' title='bbox 547 1647 599 1674; x_wconf 83' lang='lat'>51.</span> <span class='ocrx_word' id='word_1_202' title='bbox 615 1647 669 1680; x_wconf 83' lang='grc'>29,</span> <span class='ocrx_word' id='word_1_203' title='bbox 687 1647 736 1672; x_wconf 84' lang='grc'>22.</span> <span class='ocrx_word' id='word_1_204' title='bbox 753 1647 805 1676; x_wconf 82' lang='grc'>35,</span> 
     </span>
     <span class='ocr_line' id='line_1_37' title="bbox 162 1689 334 1722; baseline -0.006 -7"><span class='ocrx_word' id='word_1_205' title='bbox 162 1689 215 1715; x_wconf 83' lang='grc'>35.</span> <span class='ocrx_word' id='word_1_206' title='bbox 233 1690 288 1722; x_wconf 88' lang='lat'>40,</span> <span class='ocrx_word' id='word_1_207' title='bbox 304 1689 334 1714; x_wconf 87' lang='lat'>6.</span> 
     </span>
    </p>

    <p class='ocr_par' dir='ltr' id='par_1_12' title="bbox 120 1729 808 1809">
     <span class='ocr_line' id='line_1_38' title="bbox 120 1729 808 1768; baseline 0 -10"><span class='ocrx_word' id='word_1_208' title='bbox 120 1729 285 1758; x_wconf 88' lang='lat' dir='ltr'>Dedicatio</span> <span class='ocrx_word' id='word_1_209' title='bbox 297 1729 403 1768; x_wconf 87' lang='lat' dir='ltr'>templi</span> <span class='ocrx_word' id='word_1_210' title='bbox 419 1730 556 1760; x_wconf 86' lang='lat' dir='ltr'>consulis</span> <span class='ocrx_word' id='word_1_211' title='bbox 571 1732 632 1767; x_wconf 84' lang='lat' dir='ltr'>est,</span> <span class='ocrx_word' id='word_1_212' title='bbox 644 1732 699 1759; x_wconf 81' lang='lat' dir='ltr'>aut</span> <span class='ocrx_word' id='word_1_213' title='bbox 711 1729 808 1767; x_wconf 84' lang='lat' dir='ltr'>impe-</span> 
     </span>
     <span class='ocr_line' id='line_1_39' title="bbox 165 1772 406 1809; baseline 0 -8"><span class='ocrx_word' id='word_1_214' title='bbox 165 1772 290 1809; x_wconf 86' lang='lat' dir='ltr'>ratoris,</span> <span class='ocrx_word' id='word_1_215' title='bbox 305 1777 337 1809; x_wconf 89' lang='lat'>9,</span> <span class='ocrx_word' id='word_1_216' title='bbox 354 1778 406 1802; x_wconf 87' lang='lat'>45.</span> 
     </span>
    </p>

    <p class='ocr_par' dir='ltr' id='par_1_13' title="bbox 121 1816 809 1888">
     <span class='ocr_line' id='line_1_40' title="bbox 121 1816 809 1855; baseline -0.001 -10"><span class='ocrx_word' id='word_1_217' title='bbox 121 1816 237 1845; x_wconf 87' lang='lat' dir='ltr'>Dedita</span> <span class='ocrx_word' id='word_1_218' title='bbox 258 1816 332 1844; x_wconf 93' lang='lat' dir='ltr'>urbs</span> <span class='ocrx_word' id='word_1_219' title='bbox 355 1816 445 1855; x_wconf 82' lang='lat' dir='ltr'>diripi</span> <span class='ocrx_word' id='word_1_220' title='bbox 471 1825 534 1846; x_wconf 90' lang='lat' dir='ltr'>non</span> <span class='ocrx_word' id='word_1_221' title='bbox 557 1816 662 1849; x_wconf 88' lang='lat' dir='ltr'>debet,</span> <span class='ocrx_word' id='word_1_222' title='bbox 684 1819 740 1852; x_wconf 87' lang='lat'>37,</span> <span class='ocrx_word' id='word_1_223' title='bbox 758 1820 809 1844; x_wconf 85' lang='lat'>32.</span> 
     </span>
     <span class='ocr_line' id='line_1_41' title="bbox 166 1859 350 1888; baseline 0.005 -1"><span class='ocrx_word' id='word_1_224' title='bbox 166 1859 228 1888; x_wconf 66' lang='lat' dir='ltr'><strong>vid.</strong></span> <span class='ocrx_word' id='word_1_225' title='bbox 245 1859 350 1888; x_wconf 87' lang='lat' dir='ltr'>Fides.</span> 
     </span>
    </p>

    <p class='ocr_par' dir='ltr' id='par_1_14' title="bbox 123 1902 762 1940">
     <span class='ocr_line' id='line_1_42' title="bbox 123 1902 762 1940; baseline 0 -10"><span class='ocrx_word' id='word_1_226' title='bbox 123 1902 228 1930; x_wconf 87' lang='lat' dir='ltr'>Dediti</span> <span class='ocrx_word' id='word_1_227' title='bbox 244 1902 443 1940; x_wconf 85' lang='lat' dir='ltr'>triumphati.</span> <span class='ocrx_word' id='word_1_228' title='bbox 460 1911 496 1931; x_wconf 90' lang='lat' dir='ltr'>ac</span> <span class='ocrx_word' id='word_1_229' title='bbox 511 1902 644 1934; x_wconf 78' lang='lat' dir='ltr'>venditi.</span> <span class='ocrx_word' id='word_1_230' title='bbox 661 1906 693 1938; x_wconf 90' lang='lat'>7,</span> <span class='ocrx_word' id='word_1_231' title='bbox 710 1906 762 1933; x_wconf 87' lang='lat'>27.</span> 
     </span>
    </p>

    <p class='ocr_par' dir='ltr' id='par_1_15' title="bbox 123 1945 813 2024">
     <span class='ocr_line' id='line_1_43' title="bbox 123 1945 813 1983; baseline 0 -9"><span class='ocrx_word' id='word_1_232' title='bbox 123 1946 302 1974; x_wconf 87' lang='lat' dir='ltr'>Deditionis</span> <span class='ocrx_word' id='word_1_233' title='bbox 326 1946 472 1983; x_wconf 86' lang='lat' dir='ltr'>formula,</span> <span class='ocrx_word' id='word_1_234' title='bbox 495 1950 523 1981; x_wconf 88' lang='grc'>1,</span> <span class='ocrx_word' id='word_1_235' title='bbox 548 1950 599 1978; x_wconf 88' lang='grc'>37.</span> <span class='ocrx_word' id='word_1_236' title='bbox 625 1950 657 1982; x_wconf 89' lang='grc'>7,</span> <span class='ocrx_word' id='word_1_237' title='bbox 673 1949 726 1974; x_wconf 88' lang='grc'>31.</span> <span class='ocrx_word' id='word_1_238' title='bbox 750 1945 813 1975; x_wconf 76' lang='lat' dir='ltr'><strong>vid.</strong></span> 
     </span>
     <span class='ocr_line' id='line_1_44' title="bbox 166 1991 335 2024; baseline -0.006 -7"><span class='ocrx_word' id='word_1_239' title='bbox 166 1993 196 2017; x_wconf 84' lang='lat' dir='ltr'>et</span> <span class='ocrx_word' id='word_1_240' title='bbox 212 1991 267 2024; x_wconf 86' lang='lat'>28,</span> <span class='ocrx_word' id='word_1_241' title='bbox 282 1993 335 2017; x_wconf 86' lang='lat'>34.</span> 
     </span>
    </p>

    <p class='ocr_par' dir='ltr' id='par_1_16' title="bbox 124 2031 812 2071">
     <span class='ocr_line' id='line_1_45' title="bbox 124 2031 812 2071; baseline 0.003 -12"><span class='ocrx_word' id='word_1_242' title='bbox 124 2031 521 2071; x_wconf 78' lang='lat' dir='ltr'>Deiotarus‚Gallograeciae</span> <span class='ocrx_word' id='word_1_243' title='bbox 531 2031 812 2071; x_wconf 77' lang='lat' dir='ltr'>regulus‚Epit.94.</span> 
     </span>
    </p>

    <p class='ocr_par' dir='ltr' id='par_1_17' title="bbox 126 2075 683 2111">
     <span class='ocr_line' id='line_1_46' title="bbox 126 2075 683 2111; baseline -0.002 -8"><span class='ocrx_word' id='word_1_244' title='bbox 126 2075 286 2107; x_wconf 75' lang='lat' dir='ltr'>Deiectus.</span> <span class='ocrx_word' id='word_1_245' title='bbox 305 2079 335 2105; x_wconf 83' lang='lat'>2.</span> <span class='ocrx_word' id='word_1_246' title='bbox 355 2079 404 2103; x_wconf 86' lang='lat'>55.</span> <span class='ocrx_word' id='word_1_247' title='bbox 423 2080 455 2109; x_wconf 91' lang='lat'>3,</span> <span class='ocrx_word' id='word_1_248' title='bbox 473 2077 524 2107; x_wconf 89' lang='lat'><strong>67.</strong></span> <span class='ocrx_word' id='word_1_249' title='bbox 541 2079 573 2111; x_wconf 88' lang='grc'>4,</span> <span class='ocrx_word' id='word_1_250' title='bbox 590 2079 617 2104; x_wconf 91' lang='lat' dir='ltr'>l.</span> <span class='ocrx_word' id='word_1_251' title='bbox 632 2079 683 2104; x_wconf 83' lang='lat'>31.</span> 
     </span>
    </p>

    <p class='ocr_par' dir='ltr' id='par_1_18' title="bbox 145 2117 605 2155">
     <span class='ocr_line' id='line_1_47' title="bbox 145 2117 605 2155; baseline 0.007 -10"><span class='ocrx_word' id='word_1_252' title='bbox 145 2133 190 2140; x_wconf 90' lang='lat'>--</span> <span class='ocrx_word' id='word_1_253' title='bbox 205 2117 387 2155; x_wconf 85' lang='lat' dir='ltr'>impeditur,</span> <span class='ocrx_word' id='word_1_254' title='bbox 403 2123 435 2151; x_wconf 85' lang='lat'>4,</span> <span class='ocrx_word' id='word_1_255' title='bbox 453 2120 484 2150; x_wconf 82' lang='lat' dir='ltr'>G.</span> <span class='ocrx_word' id='word_1_256' title='bbox 502 2121 533 2153; x_wconf 87' lang='lat'>6,</span> <span class='ocrx_word' id='word_1_257' title='bbox 549 2123 605 2148; x_wconf 86' lang='lat'>32.</span> 
     </span>
    </p>

    <p class='ocr_par' dir='ltr' id='par_1_19' title="bbox 145 2160 812 2240">
     <span class='ocr_line' id='line_1_48' title="bbox 145 2160 812 2200; baseline 0.001 -11"><span class='ocrx_word' id='word_1_258' title='bbox 145 2177 190 2184; x_wconf 85' lang='lat'>—-</span> <span class='ocrx_word' id='word_1_259' title='bbox 206 2170 270 2190; x_wconf 85' lang='lat' dir='ltr'>nou</span> <span class='ocrx_word' id='word_1_260' title='bbox 284 2171 321 2190; x_wconf 88' lang='lat' dir='ltr'>ex</span> <span class='ocrx_word' id='word_1_261' title='bbox 331 2164 402 2190; x_wconf 84' lang='lat' dir='ltr'>toto</span> <span class='ocrx_word' id='word_1_262' title='bbox 415 2162 531 2200; x_wconf 87' lang='lat' dir='ltr'>passim</span> <span class='ocrx_word' id='word_1_263' title='bbox 542 2162 658 2200; x_wconf 86' lang='lat' dir='ltr'>populo</span> <span class='ocrx_word' id='word_1_264' title='bbox 673 2160 812 2198; x_wconf 87' lang='lat' dir='ltr'>habitus,</span> 
     </span>
     <span class='ocr_line' id='line_1_49' title="bbox 168 2207 268 2240; baseline -0.02 -6"><span class='ocrx_word' id='word_1_265' title='bbox 168 2209 201 2240; x_wconf 76' lang='grc'>4,</span> <span class='ocrx_word' id='word_1_266' title='bbox 218 2207 268 2233; x_wconf 74' lang='grc'>46.</span> 
     </span>
    </p>

    <p class='ocr_par' dir='ltr' id='par_1_20' title="bbox 145 2246 815 2370">
     <span class='ocr_line' id='line_1_50' title="bbox 145 2246 815 2284; baseline 0.001 -9"><span class='ocrx_word' id='word_1_267' title='bbox 145 2266 188 2272; x_wconf 86' lang='grc'>-</span> <span class='ocrx_word' id='word_1_268' title='bbox 199 2247 363 2284; x_wconf 75' lang='lat' dir='ltr'>juniorum</span> <span class='ocrx_word' id='word_1_269' title='bbox 379 2256 397 2276; x_wconf 86' lang='lat' dir='ltr'>a</span> <span class='ocrx_word' id='word_1_270' title='bbox 411 2247 543 2276; x_wconf 78' lang='lat' dir='ltr'>Camillo</span> <span class='ocrx_word' id='word_1_271' title='bbox 560 2246 700 2282; x_wconf 86' lang='lat' dir='ltr'>habitus,</span> <span class='ocrx_word' id='word_1_272' title='bbox 718 2247 763 2276; x_wconf 85' lang='lat' dir='ltr'>ita</span> <span class='ocrx_word' id='word_1_273' title='bbox 778 2251 815 2276; x_wconf 88' lang='lat' dir='ltr'>ut</span> 
     </span>
     <span class='ocr_line' id='line_1_51' title="bbox 167 2290 813 2329; baseline 0 -10"><span class='ocrx_word' id='word_1_274' title='bbox 167 2291 303 2320; x_wconf 80' lang='lat' dir='ltr'>seniores</span> <span class='ocrx_word' id='word_1_275' title='bbox 321 2300 446 2329; x_wconf 85' lang='lat' dir='ltr'>quoque</span> <span class='ocrx_word' id='word_1_276' title='bbox 468 2291 501 2320; x_wconf 89' lang='lat' dir='ltr'>in</span> <span class='ocrx_word' id='word_1_277' title='bbox 517 2290 609 2319; x_wconf 81' lang='lat' dir='ltr'>verba</span> <span class='ocrx_word' id='word_1_278' title='bbox 623 2299 679 2319; x_wconf 87' lang='lat' dir='ltr'>sua</span> <span class='ocrx_word' id='word_1_279' title='bbox 690 2290 813 2327; x_wconf 85' lang='lat' dir='ltr'>juratos</span> 
     </span>
     <span class='ocr_line' id='line_1_52' title="bbox 169 2334 465 2370; baseline 0 -8"><span class='ocrx_word' id='word_1_280' title='bbox 169 2334 369 2370; x_wconf 85' lang='lat' dir='ltr'>centuriaret‚</span> <span class='ocrx_word' id='word_1_281' title='bbox 386 2337 418 2370; x_wconf 88' lang='grc'>6,</span> <span class='ocrx_word' id='word_1_282' title='bbox 436 2338 465 2364; x_wconf 93' lang='grc'><strong>7.</strong></span> 
     </span>
    </p>

    <p class='ocr_par' dir='ltr' id='par_1_21' title="bbox 146 2377 775 2413">
     <span class='ocr_line' id='line_1_53' title="bbox 146 2377 775 2413; baseline 0 -8"><span class='ocrx_word' id='word_1_283' title='bbox 146 2392 191 2400; x_wconf 91' lang='lat'>—-</span> <span class='ocrx_word' id='word_1_284' title='bbox 205 2377 273 2406; x_wconf 89' lang='lat' dir='ltr'>siue</span> <span class='ocrx_word' id='word_1_285' title='bbox 288 2378 504 2407; x_wconf 80' lang='lat' dir='ltr'>vacationibus</span> <span class='ocrx_word' id='word_1_286' title='bbox 520 2377 658 2409; x_wconf 88' lang='lat' dir='ltr'>habitus.</span> <span class='ocrx_word' id='word_1_287' title='bbox 676 2380 709 2413; x_wconf 88' lang='lat'>7,</span> <span class='ocrx_word' id='word_1_288' title='bbox 725 2380 775 2405; x_wconf 88' lang='lat'>28.</span> 
     </span>
    </p>

    <p class='ocr_par' dir='ltr' id='par_1_22' title="bbox 147 2420 587 2458">
     <span class='ocr_line' id='line_1_54' title="bbox 147 2420 587 2458; baseline 0 -9"><span class='ocrx_word' id='word_1_289' title='bbox 147 2436 191 2457; x_wconf 82' lang='lat'>-.-</span> <span class='ocrx_word' id='word_1_290' title='bbox 206 2420 468 2458; x_wconf 79' lang='lat' dir='ltr'>voluntariorum,</span> <span class='ocrx_word' id='word_1_291' title='bbox 484 2426 518 2457; x_wconf 85' lang='grc'>9,</span> <span class='ocrx_word' id='word_1_292' title='bbox 540 2425 587 2450; x_wconf 94' lang='grc'>10.</span> 
     </span>
    </p>

    <p class='ocr_par' dir='ltr' id='par_1_23' title="bbox 145 2464 780 2502">
     <span class='ocr_line' id='line_1_55' title="bbox 145 2464 780 2502; baseline 0.002 -10"><span class='ocrx_word' id='word_1_293' title='bbox 145 2480 189 2488; x_wconf 92' lang='lat'>—-</span> <span class='ocrx_word' id='word_1_294' title='bbox 204 2465 306 2492; x_wconf 87' lang='lat' dir='ltr'>omnis</span> <span class='ocrx_word' id='word_1_295' title='bbox 323 2464 444 2502; x_wconf 85' lang='lat' dir='ltr'>generis</span> <span class='ocrx_word' id='word_1_296' title='bbox 461 2465 638 2495; x_wconf 88' lang='lat' dir='ltr'>hominum.</span> <span class='ocrx_word' id='word_1_297' title='bbox 659 2468 711 2501; x_wconf 92' lang='grc'>10,</span> <span class='ocrx_word' id='word_1_298' title='bbox 729 2469 780 2493; x_wconf 86' lang='grc'>21.</span> 
     </span>
    </p>

    <p class='ocr_par' dir='ltr' id='par_1_24' title="bbox 148 2512 663 2543">
     <span class='ocr_line' id='line_1_56' title="bbox 148 2512 663 2543; baseline 0.004 -8"><span class='ocrx_word' id='word_1_299' title='bbox 148 2523 192 2529; x_wconf 91' lang='grc'>-</span> <span class='ocrx_word' id='word_1_300' title='bbox 207 2515 380 2543; x_wconf 84' lang='lat' dir='ltr'>servorum,</span> <span class='ocrx_word' id='word_1_301' title='bbox 399 2512 452 2541; x_wconf 90' lang='lat'>22,</span> <span class='ocrx_word' id='word_1_302' title='bbox 471 2512 520 2540; x_wconf 91' lang='lat'><strong>57.</strong></span> <span class='ocrx_word' id='word_1_303' title='bbox 539 2512 593 2543; x_wconf 87' lang='lat'>23,</span> <span class='ocrx_word' id='word_1_304' title='bbox 615 2513 663 2538; x_wconf 88' lang='lat'>14.</span> 
     </span>
    </p>

    <p class='ocr_par' dir='ltr' id='par_1_25' title="bbox 149 2550 813 2629">
     <span class='ocr_line' id='line_1_57' title="bbox 149 2550 813 2592; baseline 0.008 -15"><span class='ocrx_word' id='word_1_305' title='bbox 149 2563 193 2571; x_wconf 89' lang='lat'>-—</span> <span class='ocrx_word' id='word_1_306' title='bbox 209 2550 466 2585; x_wconf 84' lang='lat' dir='ltr'>facinorosorum,</span> <span class='ocrx_word' id='word_1_307' title='bbox 483 2555 514 2581; x_wconf 90' lang='lat' dir='ltr'>et</span> <span class='ocrx_word' id='word_1_308' title='bbox 533 2551 743 2588; x_wconf 78' lang='lat' dir='ltr'>judicatorum</span> <span class='ocrx_word' id='word_1_309' title='bbox 761 2563 813 2592; x_wconf 89' lang='lat' dir='ltr'>pe-</span> 
     </span>
     <span class='ocr_line' id='line_1_58' title="bbox 172 2592 422 2629; baseline 0.012 -10"><span class='ocrx_word' id='word_1_310' title='bbox 172 2592 286 2629; x_wconf 89' lang='lat' dir='ltr'>cuniae,</span> <span class='ocrx_word' id='word_1_311' title='bbox 305 2597 357 2627; x_wconf 83' lang='lat'>23,</span> <span class='ocrx_word' id='word_1_312' title='bbox 374 2598 422 2622; x_wconf 82' lang='lat'>14.</span> 
     </span>
    </p>

    <p class='ocr_par' dir='ltr' id='par_1_26' title="bbox 149 2635 814 2709">
     <span class='ocr_line' id='line_1_59' title="bbox 149 2635 814 2687; baseline 0.006 -24"><span class='ocrx_word' id='word_1_313' title='bbox 149 2648 194 2656; x_wconf 87' lang='lat'>--</span> <span class='ocrx_word' id='word_1_314' title='bbox 209 2635 372 2665; x_wconf 86' lang='lat' dir='ltr'>difficulter</span> <span class='ocrx_word' id='word_1_315' title='bbox 394 2637 534 2673; x_wconf 87' lang='lat' dir='ltr'>habitus,</span> <span class='ocrx_word' id='word_1_316' title='bbox 551 2641 605 2687; x_wconf 60' lang='lat'>253</span> <span class='ocrx_word' id='word_1_317' title='bbox 632 2642 660 2667; x_wconf 85' lang='lat'>5.</span> <span class='ocrx_word' id='word_1_318' title='bbox 685 2643 738 2672; x_wconf 82' lang='lat'>42.</span> <span class='ocrx_word' id='word_1_319' title='bbox 762 2644 814 2669; x_wconf 80' lang='lat'>32.</span> 
     </span>
     <span class='ocr_line' id='line_1_60' title="bbox 172 2681 296 2709; baseline -0.008 -3"><span class='ocrx_word' id='word_1_320' title='bbox 172 2681 227 2709; x_wconf 79' lang='lat'>43,</span> <span class='ocrx_word' id='word_1_321' title='bbox 249 2681 296 2706; x_wconf 82' lang='lat'>16.</span> 
     </span>
    </p>

    <p class='ocr_par' dir='ltr' id='par_1_27' title="bbox 130 2719 764 2761">
     <span class='ocr_line' id='line_1_61' title="bbox 130 2719 764 2761; baseline 0.013 -14"><span class='ocrx_word' id='word_1_322' title='bbox 130 2719 168 2748; x_wconf 89' lang='lat' dir='ltr'>de</span> <span class='ocrx_word' id='word_1_323' title='bbox 185 2720 314 2749; x_wconf 79' lang='lat' dir='ltr'>Delectu</span> <span class='ocrx_word' id='word_1_324' title='bbox 331 2731 494 2753; x_wconf 88' lang='lat' dir='ltr'>censorum</span> <span class='ocrx_word' id='word_1_325' title='bbox 510 2725 622 2759; x_wconf 86' lang='lat' dir='ltr'>edicta,</span> <span class='ocrx_word' id='word_1_326' title='bbox 641 2729 696 2761; x_wconf 82' lang='grc'>43,</span> <span class='ocrx_word' id='word_1_327' title='bbox 716 2729 764 2755; x_wconf 87' lang='grc'>16.</span> 
     </span>
    </p>

    <p class='ocr_par' dir='ltr' id='par_1_28' title="bbox 132 2763 813 2843">
     <span class='ocr_line' id='line_1_62' title="bbox 132 2763 813 2805; baseline 0.01 -14"><span class='ocrx_word' id='word_1_328' title='bbox 132 2764 169 2792; x_wconf 85' lang='lat' dir='ltr'>de</span> <span class='ocrx_word' id='word_1_329' title='bbox 187 2763 381 2801; x_wconf 83' lang='lat' dir='ltr'>Delectibus,</span> <span class='ocrx_word' id='word_1_330' title='bbox 396 2766 457 2794; x_wconf 73' lang='lat' dir='ltr'>vid.</span> <span class='ocrx_word' id='word_1_331' title='bbox 471 2775 562 2803; x_wconf 70' lang='lat' dir='ltr'>porro</span> <span class='ocrx_word' id='word_1_332' title='bbox 578 2772 631 2805; x_wconf 80' lang='lat'>22,</span> <span class='ocrx_word' id='word_1_333' title='bbox 646 2773 700 2800; x_wconf 84' lang='lat'>37.</span> <span class='ocrx_word' id='word_1_334' title='bbox 717 2774 747 2798; x_wconf 80' lang='lat' dir='ltr'>et</span> <span class='ocrx_word' id='word_1_335' title='bbox 763 2774 813 2799; x_wconf 77' lang='lat'>33.</span> 
     </span>
     <span class='ocr_line' id='line_1_63' title="bbox 175 2810 574 2843; baseline 0.01 -9"><span class='ocrx_word' id='word_1_336' title='bbox 175 2810 227 2840; x_wconf 84' lang='lat'>24,</span> <span class='ocrx_word' id='word_1_337' title='bbox 247 2811 292 2835; x_wconf 89' lang='lat'>11.</span> <span class='ocrx_word' id='word_1_338' title='bbox 312 2810 366 2843; x_wconf 74' lang='lat'>26,</span> <span class='ocrx_word' id='word_1_339' title='bbox 381 2812 434 2838; x_wconf 78' lang='lat'>35.</span> <span class='ocrx_word' id='word_1_340' title='bbox 452 2813 505 2843; x_wconf 72' lang='lat'>27,</span> <span class='ocrx_word' id='word_1_341' title='bbox 521 2814 574 2839; x_wconf 81' lang='lat'>38.</span> 
     </span>
    </p>
   </div>
   <div class='ocr_carea' id='block_1_3' title="bbox 1454 63 1530 101">
    <p class='ocr_par' dir='ltr' id='par_1_29' title="bbox 1454 63 1530 101">
     <span class='ocr_line' id='line_1_64' title="bbox 1454 63 1530 101; baseline -0.039 1"><span class='ocrx_word' id='word_1_342' title='bbox 1454 63 1530 101; x_wconf 75' lang='lat'>3¹9</span> 
     </span>
    </p>
   </div>
   <div class='ocr_carea' id='block_1_4' title="bbox 847 169 1551 2851">
    <p class='ocr_par' dir='ltr' id='par_1_30' title="bbox 847 169 1532 294">
     <span class='ocr_line' id='line_1_65' title="bbox 847 169 1532 207; baseline -0.001 -8"><span class='ocrx_word' id='word_1_343' title='bbox 847 170 984 205; x_wconf 80' lang='lat' dir='ltr'>Delium,</span> <span class='ocrx_word' id='word_1_344' title='bbox 1003 170 1076 198; x_wconf 77' lang='lat' dir='ltr'>urhs</span> <span class='ocrx_word' id='word_1_345' title='bbox 1095 169 1239 205; x_wconf 60' lang='lat' dir='ltr'>ihr-otim,</span> <span class='ocrx_word' id='word_1_346' title='bbox 1253 174 1367 203; x_wconf 77' lang='grc'><strong>31,45.</strong></span> <span class='ocrx_word' id='word_1_347' title='bbox 1386 173 1416 197; x_wconf 86' lang='lat' dir='ltr'>et</span> <span class='ocrx_word' id='word_1_348' title='bbox 1433 170 1532 207; x_wconf 80' lang='lat' dir='ltr'>Apol-</span> 
     </span>
     <span class='ocr_line' id='line_1_66' title="bbox 888 213 1529 251; baseline 0 -10"><span class='ocrx_word' id='word_1_349' title='bbox 888 213 1134 251; x_wconf 80' lang='lat' dir='ltr'>linistempluui,</span> <span class='ocrx_word' id='word_1_350' title='bbox 1146 213 1311 242; x_wconf 79' lang='lat' dir='ltr'>imminens</span> <span class='ocrx_word' id='word_1_351' title='bbox 1323 213 1529 249; x_wconf 67' lang='lat' dir='ltr'>iiiari,;;5,5l.</span> 
     </span>
     <span class='ocr_line' id='line_1_67' title="bbox 887 256 1300 294; baseline -0.002 -9"><span class='ocrx_word' id='word_1_352' title='bbox 887 257 954 294; x_wconf 69' lang='lat' dir='ltr'>ejus</span> <span class='ocrx_word' id='word_1_353' title='bbox 968 257 1075 294; x_wconf 84' lang='lat' dir='ltr'>templi</span> <span class='ocrx_word' id='word_1_354' title='bbox 1093 256 1213 294; x_wconf 72' lang='lat' dir='ltr'>religio,</span> <span class='ocrx_word' id='word_1_355' title='bbox 1231 257 1300 284; x_wconf 64' lang='lat' dir='ltr'>ilml.</span> 
     </span>
    </p>

    <p class='ocr_par' dir='ltr' id='par_1_31' title="bbox 848 299 1533 449">
     <span class='ocr_line' id='line_1_68' title="bbox 848 299 1532 338; baseline -0.006 -9"><span class='ocrx_word' id='word_1_356' title='bbox 848 300 976 338; x_wconf 77' lang='lat' dir='ltr'>Delphi,</span> <span class='ocrx_word' id='word_1_357' title='bbox 1000 300 1166 329; x_wconf 85' lang='lat' dir='ltr'>umbilicus</span> <span class='ocrx_word' id='word_1_358' title='bbox 1190 303 1340 328; x_wconf 83' lang='lat' dir='ltr'>terrarum</span> <span class='ocrx_word' id='word_1_359' title='bbox 1365 299 1462 333; x_wconf 81' lang='lat' dir='ltr'>orbis,</span> <span class='ocrx_word' id='word_1_360' title='bbox 1478 303 1532 332; x_wconf 63' lang='lat'>38,</span> 
     </span>
     <span class='ocr_line' id='line_1_69' title="bbox 888 343 1532 377; baseline -0.008 -4"><span class='ocrx_word' id='word_1_361' title='bbox 888 349 938 373; x_wconf 65' lang='grc'>43.</span> <span class='ocrx_word' id='word_1_362' title='bbox 954 345 1072 372; x_wconf 82' lang='lat' dir='ltr'>medius</span> <span class='ocrx_word' id='word_1_363' title='bbox 1086 343 1249 372; x_wconf 84' lang='lat' dir='ltr'>umbilicus</span> <span class='ocrx_word' id='word_1_364' title='bbox 1263 343 1404 377; x_wconf 73' lang='lat' dir='ltr'>Graecioe,</span> <span class='ocrx_word' id='word_1_365' title='bbox 1417 346 1470 377; x_wconf 79' lang='lat'>«11,</span> <span class='ocrx_word' id='word_1_366' title='bbox 1482 346 1532 369; x_wconf 77' lang='lat'>28.</span> 
     </span>
     <span class='ocr_line' id='line_1_70' title="bbox 890 386 1533 425; baseline -0.002 -11"><span class='ocrx_word' id='word_1_367' title='bbox 890 387 1029 425; x_wconf 63' lang='lat' dir='ltr'>Delphos</span> <span class='ocrx_word' id='word_1_368' title='bbox 1054 388 1132 425; x_wconf 84' lang='lat' dir='ltr'>petit</span> <span class='ocrx_word' id='word_1_369' title='bbox 1156 386 1303 415; x_wconf 81' lang='lat' dir='ltr'>AEmilius</span> <span class='ocrx_word' id='word_1_370' title='bbox 1325 386 1461 418; x_wconf 84' lang='lat' dir='ltr'>Paullus,</span> <span class='ocrx_word' id='word_1_371' title='bbox 1480 388 1533 417; x_wconf 80' lang='lat'>45,</span> 
     </span>
     <span class='ocr_line' id='line_1_71' title="bbox 891 434 928 449; baseline -0.054 -2"><span class='ocrx_word' id='word_1_372' title='bbox 891 434 928 449; x_wconf 61' lang='grc' dir='ltr'>(ἴῃ-1</span> 
     </span>
    </p>

    <p class='ocr_par' dir='ltr' id='par_1_32' title="bbox 848 471 1537 639">
     <span class='ocr_line' id='line_1_72' title="bbox 848 471 1533 511; baseline -0.001 -10"><span class='ocrx_word' id='word_1_373' title='bbox 848 473 990 511; x_wconf 76' lang='lat' dir='ltr'>Delphos</span> <span class='ocrx_word' id='word_1_374' title='bbox 1018 473 1102 501; x_wconf 74' lang='lat' dir='ltr'>missi</span> <span class='ocrx_word' id='word_1_375' title='bbox 1134 472 1212 507; x_wconf 71' lang='lat' dir='ltr'>regis</span> <span class='ocrx_word' id='word_1_376' title='bbox 1241 472 1405 509; x_wconf 83' lang='lat' dir='ltr'>Tarquinii</span> <span class='ocrx_word' id='word_1_377' title='bbox 1431 471 1533 508; x_wconf 86' lang='lat' dir='ltr'>liberi,</span> 
     </span>
     <span class='ocr_line' id='line_1_73' title="bbox 885 516 1535 554; baseline 0 -11"><span class='ocrx_word' id='word_1_378' title='bbox 885 517 1024 554; x_wconf 78' lang='lat' dir='ltr'>portenti</span> <span class='ocrx_word' id='word_1_379' title='bbox 1049 526 1169 552; x_wconf 79' lang='lat' dir='ltr'>caussa,</span> <span class='ocrx_word' id='word_1_380' title='bbox 1198 520 1224 551; x_wconf 92' lang='grc'>1,</span> <span class='ocrx_word' id='word_1_381' title='bbox 1249 518 1298 544; x_wconf 85' lang='grc'>56.</span> <span class='ocrx_word' id='word_1_382' title='bbox 1323 516 1403 544; x_wconf 81' lang='lat' dir='ltr'>idem</span> <span class='ocrx_word' id='word_1_383' title='bbox 1430 525 1535 544; x_wconf 77' lang='lat' dir='ltr'>rursus</span> 
     </span>
     <span class='ocr_line' id='line_1_74' title="bbox 886 559 1537 596; baseline 0 -8"><span class='ocrx_word' id='word_1_384' title='bbox 886 559 1018 595; x_wconf 83' lang='lat' dir='ltr'>factum,</span> <span class='ocrx_word' id='word_1_385' title='bbox 1042 561 1174 588; x_wconf 77' lang='lat' dir='ltr'>durante</span> <span class='ocrx_word' id='word_1_386' title='bbox 1190 559 1336 588; x_wconf 85' lang='lat' dir='ltr'>Veiorum</span> <span class='ocrx_word' id='word_1_387' title='bbox 1362 559 1537 596; x_wconf 76' lang='lat' dir='ltr'>obsidione,</span> 
     </span>
     <span class='ocr_line' id='line_1_75' title="bbox 889 603 1506 639; baseline -0.002 -8"><span class='ocrx_word' id='word_1_388' title='bbox 889 608 921 639; x_wconf 79' lang='grc' dir='ltr'>ὅ,</span> <span class='ocrx_word' id='word_1_389' title='bbox 942 607 989 632; x_wconf 80' lang='grc'>15.</span> <span class='ocrx_word' id='word_1_390' title='bbox 1006 610 1035 631; x_wconf 76' lang='lat' dir='ltr'>e!</span> <span class='ocrx_word' id='word_1_391' title='bbox 1057 606 1101 631; x_wconf 85' lang='lat'>16.</span> <span class='ocrx_word' id='word_1_392' title='bbox 1121 603 1180 633; x_wconf 67' lang='lat' dir='ltr'><strong>1&#39;1‘d.</strong></span> <span class='ocrx_word' id='word_1_393' title='bbox 1200 607 1228 631; x_wconf 68' lang='lat' dir='ltr'>ct</span> <span class='ocrx_word' id='word_1_394' title='bbox 1245 607 1298 638; x_wconf 80' lang='lat'>22,</span> <span class='ocrx_word' id='word_1_395' title='bbox 1316 606 1367 634; x_wconf 88' lang='lat'>57.</span> <span class='ocrx_word' id='word_1_396' title='bbox 1385 607 1438 637; x_wconf 66' lang='lat'>23,</span> <span class='ocrx_word' id='word_1_397' title='bbox 1460 606 1506 630; x_wconf 86' lang='lat'>11.</span> 
     </span>
    </p>

    <p class='ocr_par' dir='ltr' id='par_1_33' title="bbox 868 647 1535 726">
     <span class='ocr_line' id='line_1_76' title="bbox 868 647 1535 685; baseline -0.001 -10"><span class='ocrx_word' id='word_1_398' title='bbox 868 662 912 669; x_wconf 85' lang='lat'>--</span> <span class='ocrx_word' id='word_1_399' title='bbox 926 647 1034 684; x_wconf 75' lang='lat' dir='ltr'>legati,</span> <span class='ocrx_word' id='word_1_400' title='bbox 1048 647 1085 675; x_wconf 83' lang='lat' dir='ltr'>ad</span> <span class='ocrx_word' id='word_1_401' title='bbox 1103 648 1218 675; x_wconf 87' lang='lat' dir='ltr'>donum</span> <span class='ocrx_word' id='word_1_402' title='bbox 1236 656 1272 674; x_wconf 89' lang='lat' dir='ltr'>ex</span> <span class='ocrx_word' id='word_1_403' title='bbox 1289 647 1391 684; x_wconf 77' lang='lat' dir='ltr'>proeda</span> <span class='ocrx_word' id='word_1_404' title='bbox 1407 650 1535 685; x_wconf 75' lang='lat' dir='ltr'>portau-</span> 
     </span>
     <span class='ocr_line' id='line_1_77' title="bbox 892 690 1352 726; baseline -0.002 -8"><span class='ocrx_word' id='word_1_405' title='bbox 892 691 978 726; x_wconf 86' lang='lat' dir='ltr'>dum,</span> <span class='ocrx_word' id='word_1_406' title='bbox 995 690 1094 726; x_wconf 81' lang='lat' dir='ltr'>missi,</span> <span class='ocrx_word' id='word_1_407' title='bbox 1113 694 1144 724; x_wconf 85' lang='lat'>5,</span> <span class='ocrx_word' id='word_1_408' title='bbox 1161 694 1213 718; x_wconf 84' lang='lat'>28.</span> <span class='ocrx_word' id='word_1_409' title='bbox 1231 693 1283 721; x_wconf 80' lang='lat'>28,</span> <span class='ocrx_word' id='word_1_410' title='bbox 1301 694 1352 719; x_wconf 83' lang='lat'>45.</span> 
     </span>
    </p>

    <p class='ocr_par' dir='ltr' id='par_1_34' title="bbox 850 732 1502 771">
     <span class='ocr_line' id='line_1_78' title="bbox 850 732 1502 771; baseline 0 -11"><span class='ocrx_word' id='word_1_411' title='bbox 850 733 1036 771; x_wconf 81' lang='lat' dir='ltr'>Delphicum</span> <span class='ocrx_word' id='word_1_412' title='bbox 1054 734 1227 769; x_wconf 72' lang='lat' dir='ltr'>oraculum,</span> <span class='ocrx_word' id='word_1_413' title='bbox 1244 734 1306 761; x_wconf 82' lang='lat' dir='ltr'>vid.</span> <span class='ocrx_word' id='word_1_414' title='bbox 1324 732 1502 762; x_wconf 81' lang='lat' dir='ltr'>Graculum.</span> 
     </span>
    </p>

    <p class='ocr_par' dir='ltr' id='par_1_35' title="bbox 849 776 1537 859">
     <span class='ocr_line' id='line_1_79' title="bbox 849 776 1537 813; baseline -0.003 -8"><span class='ocrx_word' id='word_1_415' title='bbox 849 777 987 806; x_wconf 80' lang='lat' dir='ltr'>Delubra</span> <span class='ocrx_word' id='word_1_416' title='bbox 1010 778 1161 813; x_wconf 79' lang='lat' dir='ltr'>Deorum,</span> <span class='ocrx_word' id='word_1_417' title='bbox 1181 782 1211 813; x_wconf 76' lang='lat'>8,</span> <span class='ocrx_word' id='word_1_418' title='bbox 1228 781 1278 805; x_wconf 85' lang='grc'>33.</span> <span class='ocrx_word' id='word_1_419' title='bbox 1304 777 1364 806; x_wconf 70' lang='grc' dir='ltr'><strong>υἷιῐ.</strong></span> <span class='ocrx_word' id='word_1_420' title='bbox 1386 776 1490 812; x_wconf 78' lang='lat' dir='ltr'>AEdeS,</span> <span class='ocrx_word' id='word_1_421' title='bbox 1508 780 1537 804; x_wconf 78' lang='lat' dir='ltr'>et</span> 
     </span>
     <span class='ocr_line' id='line_1_80' title="bbox 890 821 1066 859; baseline -0.011 -10"><span class='ocrx_word' id='word_1_422' title='bbox 890 821 1066 859; x_wconf 85' lang='lat' dir='ltr'>Templum.</span> 
     </span>
    </p>

    <p class='ocr_par' dir='ltr' id='par_1_36' title="bbox 848 863 1538 1113">
     <span class='ocr_line' id='line_1_81' title="bbox 848 863 1537 898; baseline -0.006 -4"><span class='ocrx_word' id='word_1_423' title='bbox 848 864 958 897; x_wconf 78' lang='lat' dir='ltr'>Delus,</span> <span class='ocrx_word' id='word_1_424' title='bbox 983 863 1098 897; x_wconf 83' lang='lat' dir='ltr'>insula,</span> <span class='ocrx_word' id='word_1_425' title='bbox 1124 866 1178 898; x_wconf 82' lang='lat'>33,</span> <span class='ocrx_word' id='word_1_426' title='bbox 1195 866 1246 891; x_wconf 87' lang='lat'>30.</span> <span class='ocrx_word' id='word_1_427' title='bbox 1265 865 1319 898; x_wconf 83' lang='lat'>36,</span> <span class='ocrx_word' id='word_1_428' title='bbox 1339 867 1391 892; x_wconf 78' lang='lat'>42.</span> <span class='ocrx_word' id='word_1_429' title='bbox 1413 865 1468 897; x_wconf 79' lang='grc'>44,</span> <span class='ocrx_word' id='word_1_430' title='bbox 1485 866 1537 891; x_wconf 83' lang='grc'>28.</span> 
     </span>
     <span class='ocr_line' id='line_1_82' title="bbox 890 906 1538 944; baseline -0.003 -8"><span class='ocrx_word' id='word_1_431' title='bbox 890 911 945 943; x_wconf 88' lang='grc'>45,</span> <span class='ocrx_word' id='word_1_432' title='bbox 965 911 1012 935; x_wconf 88' lang='grc'><strong>10.</strong></span> <span class='ocrx_word' id='word_1_433' title='bbox 1038 907 1139 936; x_wconf 82' lang='lat' dir='ltr'>Delon</span> <span class='ocrx_word' id='word_1_434' title='bbox 1157 907 1217 934; x_wconf 85' lang='lat' dir='ltr'>aris</span> <span class='ocrx_word' id='word_1_435' title='bbox 1235 906 1410 944; x_wconf 84' lang='lat' dir='ltr'>insignibus</span> <span class='ocrx_word' id='word_1_436' title='bbox 1427 910 1458 934; x_wconf 90' lang='lat' dir='ltr'>et</span> <span class='ocrx_word' id='word_1_437' title='bbox 1475 909 1538 934; x_wconf 77' lang='lat' dir='ltr'>sta-</span> 
     </span>
     <span class='ocr_line' id='line_1_83' title="bbox 891 949 1538 988; baseline -0.005 -9"><span class='ocrx_word' id='word_1_438' title='bbox 891 955 1015 979; x_wconf 88' lang='lat' dir='ltr'>tuarum</span> <span class='ocrx_word' id='word_1_439' title='bbox 1029 950 1117 988; x_wconf 87' lang='lat' dir='ltr'>copia</span> <span class='ocrx_word' id='word_1_440' title='bbox 1130 954 1259 978; x_wconf 84' lang='lat' dir='ltr'>exornat</span> <span class='ocrx_word' id='word_1_441' title='bbox 1272 950 1449 978; x_wconf 80' lang='lat' dir='ltr'>Antiochus</span> <span class='ocrx_word' id='word_1_442' title='bbox 1466 949 1538 987; x_wconf 83' lang='lat' dir='ltr'>Epi-</span> 
     </span>
     <span class='ocr_line' id='line_1_84' title="bbox 892 992 1538 1032; baseline -0.003 -10"><span class='ocrx_word' id='word_1_443' title='bbox 892 995 1023 1032; x_wconf 75' lang='lat' dir='ltr'>phaueS,</span> <span class='ocrx_word' id='word_1_444' title='bbox 1035 998 1088 1030; x_wconf 85' lang='grc'>41,</span> <span class='ocrx_word' id='word_1_445' title='bbox 1104 998 1153 1022; x_wconf 86' lang='grc'>25.</span> <span class='ocrx_word' id='word_1_446' title='bbox 1167 994 1234 1030; x_wconf 81' lang='lat' dir='ltr'>ejus</span> <span class='ocrx_word' id='word_1_447' title='bbox 1248 993 1356 1021; x_wconf 78' lang='lat' dir='ltr'>insula:</span> <span class='ocrx_word' id='word_1_448' title='bbox 1370 992 1538 1030; x_wconf 76' lang='lat' dir='ltr'>templique</span> 
     </span>
     <span class='ocr_line' id='line_1_85' title="bbox 892 1037 1538 1075; baseline -0.005 -9"><span class='ocrx_word' id='word_1_449' title='bbox 892 1038 1044 1066; x_wconf 80' lang='lat' dir='ltr'>sanctitas</span> <span class='ocrx_word' id='word_1_450' title='bbox 1072 1037 1239 1065; x_wconf 82' lang='lat' dir='ltr'>inviolatos</span> <span class='ocrx_word' id='word_1_451' title='bbox 1268 1040 1395 1075; x_wconf 64' lang='lat' dir='ltr'>praestat</span> <span class='ocrx_word' id='word_1_452' title='bbox 1417 1044 1538 1071; x_wconf 88' lang='lat' dir='ltr'>omnes,</span> 
     </span>
     <span class='ocr_line' id='line_1_86' title="bbox 892 1085 1015 1113; baseline 0 -4"><span class='ocrx_word' id='word_1_453' title='bbox 892 1086 945 1113; x_wconf 71' lang='lat'>44,</span> <span class='ocrx_word' id='word_1_454' title='bbox 964 1085 1015 1111; x_wconf 80' lang='lat'>29.</span> 
     </span>
    </p>

    <p class='ocr_par' dir='ltr' id='par_1_37' title="bbox 852 1122 1540 1249">
     <span class='ocr_line' id='line_1_87' title="bbox 852 1122 1540 1158; baseline -0.006 -5"><span class='ocrx_word' id='word_1_455' title='bbox 852 1125 1032 1158; x_wconf 80' lang='lat' dir='ltr'>Demarata,</span> <span class='ocrx_word' id='word_1_456' title='bbox 1046 1123 1109 1152; x_wconf 85' lang='lat' dir='ltr'>filia</span> <span class='ocrx_word' id='word_1_457' title='bbox 1120 1122 1365 1157; x_wconf 79' lang='lat' dir='ltr'>Hicrouis,uxor</span> <span class='ocrx_word' id='word_1_458' title='bbox 1377 1122 1540 1150; x_wconf 79' lang='lat' dir='ltr'>Andrano-</span> 
     </span>
     <span class='ocr_line' id='line_1_88' title="bbox 895 1165 1540 1203; baseline -0.006 -7"><span class='ocrx_word' id='word_1_459' title='bbox 895 1168 976 1203; x_wconf 88' lang='lat' dir='ltr'>dori,</span> <span class='ocrx_word' id='word_1_460' title='bbox 985 1167 1128 1195; x_wconf 89' lang='lat' dir='ltr'>stimulat</span> <span class='ocrx_word' id='word_1_461' title='bbox 1139 1166 1285 1195; x_wconf 90' lang='lat' dir='ltr'>maritum</span> <span class='ocrx_word' id='word_1_462' title='bbox 1297 1166 1334 1193; x_wconf 85' lang='lat' dir='ltr'>ad</span> <span class='ocrx_word' id='word_1_463' title='bbox 1347 1165 1540 1193; x_wconf 86' lang='lat' dir='ltr'>retinendam</span> 
     </span>
     <span class='ocr_line' id='line_1_89' title="bbox 895 1208 1506 1249; baseline -0.003 -10"><span class='ocrx_word' id='word_1_464' title='bbox 895 1210 1111 1249; x_wconf 80' lang='lat' dir='ltr'>tyrannidem,</span> <span class='ocrx_word' id='word_1_465' title='bbox 1129 1213 1181 1241; x_wconf 85' lang='grc'>24,</span> <span class='ocrx_word' id='word_1_466' title='bbox 1200 1214 1250 1238; x_wconf 86' lang='grc'>22.</span> <span class='ocrx_word' id='word_1_467' title='bbox 1268 1208 1435 1242; x_wconf 87' lang='lat' dir='ltr'>occiditur,</span> <span class='ocrx_word' id='word_1_468' title='bbox 1454 1212 1506 1237; x_wconf 86' lang='lat'>25.</span> 
     </span>
    </p>

    <p class='ocr_par' dir='ltr' id='par_1_38' title="bbox 853 1251 1543 1333">
     <span class='ocr_line' id='line_1_90' title="bbox 853 1251 1543 1290; baseline -0.006 -7"><span class='ocrx_word' id='word_1_469' title='bbox 853 1255 1042 1284; x_wconf 83' lang='lat' dir='ltr'>Demaratus</span> <span class='ocrx_word' id='word_1_470' title='bbox 1066 1253 1266 1289; x_wconf 85' lang='lat' dir='ltr'>Corinthius,</span> <span class='ocrx_word' id='word_1_471' title='bbox 1283 1251 1476 1281; x_wconf 88' lang='lat' dir='ltr'>Lucumonis</span> <span class='ocrx_word' id='word_1_472' title='bbox 1490 1261 1543 1290; x_wconf 83' lang='lat' dir='ltr'>pa-</span> 
     </span>
     <span class='ocr_line' id='line_1_91' title="bbox 896 1301 1281 1333; baseline -0.016 -6"><span class='ocrx_word' id='word_1_473' title='bbox 896 1301 954 1330; x_wconf 85' lang='lat' dir='ltr'>ter.</span> <span class='ocrx_word' id='word_1_474' title='bbox 973 1302 1003 1333; x_wconf 89' lang='lat'>1,</span> <span class='ocrx_word' id='word_1_475' title='bbox 1019 1301 1070 1326; x_wconf 83' lang='lat'>34.</span> <span class='ocrx_word' id='word_1_476' title='bbox 1277 1303 1281 1308; x_wconf 92' lang='lat'><em>·</em></span> 
     </span>
    </p>

    <p class='ocr_par' dir='ltr' id='par_1_39' title="bbox 853 1338 1544 1588">
     <span class='ocr_line' id='line_1_92' title="bbox 853 1338 1543 1377; baseline -0.009 -6"><span class='ocrx_word' id='word_1_477' title='bbox 853 1342 1041 1377; x_wconf 84' lang='lat' dir='ltr'>Demetrias,</span> <span class='ocrx_word' id='word_1_478' title='bbox 1057 1340 1129 1369; x_wconf 89' lang='lat' dir='ltr'>urbs</span> <span class='ocrx_word' id='word_1_479' title='bbox 1141 1338 1313 1368; x_wconf 78' lang='lat' dir='ltr'>Thessaliae</span> <span class='ocrx_word' id='word_1_480' title='bbox 1330 1338 1367 1367; x_wconf 86' lang='lat' dir='ltr'>ad</span> <span class='ocrx_word' id='word_1_481' title='bbox 1381 1346 1476 1373; x_wconf 84' lang='lat' dir='ltr'>mare,</span> <span class='ocrx_word' id='word_1_482' title='bbox 1489 1342 1543 1374; x_wconf 87' lang='lat'>27,</span> 
     </span>
     <span class='ocr_line' id='line_1_93' title="bbox 894 1383 1543 1420; baseline -0.006 -7"><span class='ocrx_word' id='word_1_483' title='bbox 894 1389 947 1413; x_wconf 83' lang='lat'>32.</span> <span class='ocrx_word' id='word_1_484' title='bbox 966 1389 1019 1420; x_wconf 82' lang='lat'>28,</span> <span class='ocrx_word' id='word_1_485' title='bbox 1040 1388 1067 1412; x_wconf 85' lang='lat'>5.</span> <span class='ocrx_word' id='word_1_486' title='bbox 1083 1388 1113 1414; x_wconf 90' lang='lat'>7.</span> <span class='ocrx_word' id='word_1_487' title='bbox 1128 1387 1158 1411; x_wconf 80' lang='lat' dir='ltr'>ct</span> <span class='ocrx_word' id='word_1_488' title='bbox 1176 1387 1204 1412; x_wconf 80' lang='lat' dir='ltr'>s.</span> <span class='ocrx_word' id='word_1_489' title='bbox 1218 1386 1272 1418; x_wconf 87' lang='lat'>31,</span> <span class='ocrx_word' id='word_1_490' title='bbox 1286 1386 1338 1410; x_wconf 79' lang='lat'>24.</span> <span class='ocrx_word' id='word_1_491' title='bbox 1353 1383 1406 1415; x_wconf 85' lang='lat'>36,</span> <span class='ocrx_word' id='word_1_492' title='bbox 1424 1385 1473 1410; x_wconf 66' lang='grc' dir='ltr'>ρο.</span> <span class='ocrx_word' id='word_1_493' title='bbox 1488 1385 1543 1417; x_wconf 82' lang='lat'>42,</span> 
     </span>
     <span class='ocr_line' id='line_1_94' title="bbox 895 1429 1544 1463; baseline -0.006 -7"><span class='ocrx_word' id='word_1_494' title='bbox 895 1431 948 1458; x_wconf 83' lang='lat'>67.</span> <span class='ocrx_word' id='word_1_495' title='bbox 964 1432 1019 1462; x_wconf 85' lang='lat'>44,</span> <span class='ocrx_word' id='word_1_496' title='bbox 1041 1430 1092 1455; x_wconf 81' lang='grc'>12.</span> <span class='ocrx_word' id='word_1_497' title='bbox 1112 1430 1158 1455; x_wconf 86' lang='grc'>13.</span> <span class='ocrx_word' id='word_1_498' title='bbox 1175 1429 1201 1454; x_wconf 74' lang='lat' dir='ltr'>et</span> <span class='ocrx_word' id='word_1_499' title='bbox 1219 1430 1270 1455; x_wconf 87' lang='lat'>24.</span> <span class='ocrx_word' id='word_1_500' title='bbox 1293 1434 1357 1454; x_wconf 87' lang='lat' dir='ltr'>una</span> <span class='ocrx_word' id='word_1_501' title='bbox 1379 1434 1395 1453; x_wconf 91' lang='lat' dir='ltr'>c</span> <span class='ocrx_word' id='word_1_502' title='bbox 1419 1434 1544 1463; x_wconf 83' lang='lat' dir='ltr'>compe-</span> 
     </span>
     <span class='ocr_line' id='line_1_95' title="bbox 896 1468 1542 1506; baseline -0.008 -6"><span class='ocrx_word' id='word_1_503' title='bbox 896 1471 986 1500; x_wconf 86' lang='lat' dir='ltr'>dibus</span> <span class='ocrx_word' id='word_1_504' title='bbox 1000 1470 1139 1502; x_wconf 77' lang='lat' dir='ltr'>Graeciae,</span> <span class='ocrx_word' id='word_1_505' title='bbox 1160 1473 1215 1505; x_wconf 85' lang='lat'>32,</span> <span class='ocrx_word' id='word_1_506' title='bbox 1233 1473 1285 1500; x_wconf 87' lang='grc'>37.</span> <span class='ocrx_word' id='word_1_507' title='bbox 1310 1472 1481 1506; x_wconf 79' lang='lat' dir='ltr'>occupatur</span> <span class='ocrx_word' id='word_1_508' title='bbox 1503 1468 1542 1496; x_wconf 86' lang='lat' dir='ltr'>ab</span> 
     </span>
     <span class='ocr_line' id='line_1_96' title="bbox 895 1511 1541 1551; baseline -0.006 -8"><span class='ocrx_word' id='word_1_509' title='bbox 895 1514 1022 1551; x_wconf 81' lang='lat' dir='ltr'>AEtolis,</span> <span class='ocrx_word' id='word_1_510' title='bbox 1036 1518 1092 1550; x_wconf 85' lang='grc'>35,</span> <span class='ocrx_word' id='word_1_511' title='bbox 1108 1517 1160 1542; x_wconf 86' lang='grc'>34.</span> <span class='ocrx_word' id='word_1_512' title='bbox 1175 1522 1207 1541; x_wconf 90' lang='lat' dir='ltr'>se</span> <span class='ocrx_word' id='word_1_513' title='bbox 1219 1511 1303 1541; x_wconf 84' lang='lat' dir='ltr'>dedit</span> <span class='ocrx_word' id='word_1_514' title='bbox 1316 1512 1474 1550; x_wconf 89' lang='lat' dir='ltr'>Philippo,</span> <span class='ocrx_word' id='word_1_515' title='bbox 1486 1514 1541 1547; x_wconf 87' lang='grc'>36,</span> 
     </span>
     <span class='ocr_line' id='line_1_97' title="bbox 895 1557 1211 1588; baseline -0.009 -1"><span class='ocrx_word' id='word_1_516' title='bbox 895 1562 949 1587; x_wconf 83' lang='grc'>33.</span> <span class='ocrx_word' id='word_1_517' title='bbox 965 1557 1025 1585; x_wconf 65' lang='lat' dir='ltr'><strong>vizi.</strong></span> <span class='ocrx_word' id='word_1_518' title='bbox 1042 1560 1070 1585; x_wconf 74' lang='lat' dir='ltr'>et</span> <span class='ocrx_word' id='word_1_519' title='bbox 1087 1560 1140 1588; x_wconf 87' lang='grc'>40,</span> <span class='ocrx_word' id='word_1_520' title='bbox 1159 1560 1211 1585; x_wconf 85' lang='grc'>24.</span> 
     </span>
    </p>

    <p class='ocr_par' dir='ltr' id='par_1_40' title="bbox 854 1599 1306 1635">
     <span class='ocr_line' id='line_1_98' title="bbox 854 1599 1306 1635; baseline -0.007 -6"><span class='ocrx_word' id='word_1_521' title='bbox 854 1599 1071 1629; x_wconf 84' lang='lat' dir='ltr'>Demetriacus</span> <span class='ocrx_word' id='word_1_522' title='bbox 1088 1601 1187 1635; x_wconf 84' lang='lat' dir='ltr'>sinus,</span> <span class='ocrx_word' id='word_1_523' title='bbox 1205 1603 1259 1635; x_wconf 84' lang='lat'>28,</span> <span class='ocrx_word' id='word_1_524' title='bbox 1277 1602 1306 1627; x_wconf 91' lang='lat'>5.</span> 
     </span>
    </p>

    <p class='ocr_par' dir='ltr' id='par_1_41' title="bbox 855 1642 1390 1677">
     <span class='ocr_line' id='line_1_99' title="bbox 855 1642 1390 1677; baseline -0.004 -6"><span class='ocrx_word' id='word_1_525' title='bbox 855 1644 1049 1673; x_wconf 85' lang='lat' dir='ltr'>Demetrium</span> <span class='ocrx_word' id='word_1_526' title='bbox 1066 1643 1270 1675; x_wconf 89' lang='lat' dir='ltr'>Phthiotidis,</span> <span class='ocrx_word' id='word_1_527' title='bbox 1289 1645 1343 1677; x_wconf 84' lang='lat'>28,</span> <span class='ocrx_word' id='word_1_528' title='bbox 1359 1642 1390 1669; x_wconf 92' lang='grc'>6.</span> 
     </span>
    </p>

    <p class='ocr_par' dir='ltr' id='par_1_42' title="bbox 854 1685 1546 1725">
     <span class='ocr_line' id='line_1_100' title="bbox 854 1685 1546 1725; baseline -0.007 -9"><span class='ocrx_word' id='word_1_529' title='bbox 854 1687 1062 1722; x_wconf 89' lang='lat' dir='ltr'>Demetrium,</span> <span class='ocrx_word' id='word_1_530' title='bbox 1075 1690 1185 1725; x_wconf 85' lang='lat' dir='ltr'>portus</span> <span class='ocrx_word' id='word_1_531' title='bbox 1195 1685 1429 1719; x_wconf 76' lang='lat' dir='ltr'>Samothraciae,</span> <span class='ocrx_word' id='word_1_532' title='bbox 1447 1686 1501 1715; x_wconf 81' lang='grc'>45,</span> <span class='ocrx_word' id='word_1_533' title='bbox 1515 1685 1546 1712; x_wconf 89' lang='grc'>6.</span> 
     </span>
    </p>

    <p class='ocr_par' dir='ltr' id='par_1_43' title="bbox 855 1727 1546 2027">
     <span class='ocr_line' id='line_1_101' title="bbox 855 1727 1544 1766; baseline -0.006 -8"><span class='ocrx_word' id='word_1_534' title='bbox 855 1731 1034 1760; x_wconf 87' lang='lat' dir='ltr'>Demetrius</span> <span class='ocrx_word' id='word_1_535' title='bbox 1046 1730 1191 1766; x_wconf 83' lang='lat' dir='ltr'>Pharius,</span> <span class='ocrx_word' id='word_1_536' title='bbox 1208 1733 1262 1764; x_wconf 91' lang='grc'>20,</span> <span class='ocrx_word' id='word_1_537' title='bbox 1279 1730 1329 1759; x_wconf 83' lang='lat'>27.</span> <span class='ocrx_word' id='word_1_538' title='bbox 1347 1728 1413 1764; x_wconf 86' lang='lat' dir='ltr'>ejus</span> <span class='ocrx_word' id='word_1_539' title='bbox 1429 1727 1544 1764; x_wconf 87' lang='lat' dir='ltr'>impro-</span> 
     </span>
     <span class='ocr_line' id='line_1_102' title="bbox 898 1771 1545 1808; baseline -0.009 -5"><span class='ocrx_word' id='word_1_540' title='bbox 898 1774 998 1803; x_wconf 86' lang='lat' dir='ltr'>bitate</span> <span class='ocrx_word' id='word_1_541' title='bbox 1022 1774 1137 1803; x_wconf 87' lang='lat' dir='ltr'>bellum</span> <span class='ocrx_word' id='word_1_542' title='bbox 1162 1782 1232 1802; x_wconf 88' lang='lat' dir='ltr'>cum</span> <span class='ocrx_word' id='word_1_543' title='bbox 1249 1771 1364 1808; x_wconf 85' lang='lat' dir='ltr'>Illyriis</span> <span class='ocrx_word' id='word_1_544' title='bbox 1388 1771 1545 1799; x_wconf 84' lang='lat' dir='ltr'>instaura-</span> 
     </span>
     <span class='ocr_line' id='line_1_103' title="bbox 897 1814 1546 1852; baseline -0.009 -6"><span class='ocrx_word' id='word_1_545' title='bbox 897 1821 977 1852; x_wconf 85' lang='lat' dir='ltr'>tum,</span> <span class='ocrx_word' id='word_1_546' title='bbox 993 1822 1042 1849; x_wconf 89' lang='lat'>57.</span> <span class='ocrx_word' id='word_1_547' title='bbox 1058 1821 1183 1846; x_wconf 84' lang='lat' dir='ltr'>strenue</span> <span class='ocrx_word' id='word_1_548' title='bbox 1199 1825 1230 1845; x_wconf 86' lang='lat' dir='ltr'>se</span> <span class='ocrx_word' id='word_1_549' title='bbox 1244 1814 1393 1845; x_wconf 79' lang='lat' dir='ltr'>defendit.</span> <span class='ocrx_word' id='word_1_550' title='bbox 1408 1818 1546 1850; x_wconf 75' lang='lat' dir='ltr'><strong>59.prae-</strong></span> 
     </span>
     <span class='ocr_line' id='line_1_104' title="bbox 897 1857 1545 1899; baseline -0.008 -10"><span class='ocrx_word' id='word_1_551' title='bbox 897 1870 969 1889; x_wconf 80' lang='lat' dir='ltr'>sens</span> <span class='ocrx_word' id='word_1_552' title='bbox 981 1858 1048 1899; x_wconf 87' lang='lat' dir='ltr'>ejus</span> <span class='ocrx_word' id='word_1_553' title='bbox 1065 1861 1096 1889; x_wconf 90' lang='lat' dir='ltr'>in</span> <span class='ocrx_word' id='word_1_554' title='bbox 1110 1860 1239 1898; x_wconf 84' lang='lat' dir='ltr'>ancipiti</span> <span class='ocrx_word' id='word_1_555' title='bbox 1252 1858 1430 1888; x_wconf 85' lang='lat' dir='ltr'>discrimine</span> <span class='ocrx_word' id='word_1_556' title='bbox 1444 1857 1545 1886; x_wconf 82' lang='lat' dir='ltr'>consi-</span> 
     </span>
     <span class='ocr_line' id='line_1_105' title="bbox 897 1900 1543 1940; baseline -0.008 -7"><span class='ocrx_word' id='word_1_557' title='bbox 897 1904 987 1940; x_wconf 88' lang='lat' dir='ltr'>lium,</span> <span class='ocrx_word' id='word_1_558' title='bbox 1006 1907 1056 1933; x_wconf 87' lang='grc'>61.</span> <span class='ocrx_word' id='word_1_559' title='bbox 1073 1907 1100 1932; x_wconf 77' lang='lat' dir='ltr'>ct</span> <span class='ocrx_word' id='word_1_560' title='bbox 1117 1906 1169 1932; x_wconf 84' lang='lat'>62.</span> <span class='ocrx_word' id='word_1_561' title='bbox 1187 1903 1226 1932; x_wconf 88' lang='lat' dir='ltr'>ad</span> <span class='ocrx_word' id='word_1_562' title='bbox 1244 1903 1420 1939; x_wconf 84' lang='lat' dir='ltr'>Philippum</span> <span class='ocrx_word' id='word_1_563' title='bbox 1437 1900 1543 1939; x_wconf 79' lang='lat' dir='ltr'>profu-</span> 
     </span>
     <span class='ocr_line' id='line_1_106' title="bbox 899 1943 1546 1987; baseline -0.009 -10"><span class='ocrx_word' id='word_1_564' title='bbox 899 1948 958 1987; x_wconf 83' lang='lat' dir='ltr'>git,</span> <span class='ocrx_word' id='word_1_565' title='bbox 979 1951 1030 1977; x_wconf 87' lang='lat'>62.</span> <span class='ocrx_word' id='word_1_566' title='bbox 1046 1947 1083 1976; x_wconf 86' lang='lat' dir='ltr'>ad</span> <span class='ocrx_word' id='word_1_567' title='bbox 1107 1956 1178 1976; x_wconf 87' lang='lat' dir='ltr'>eum</span> <span class='ocrx_word' id='word_1_568' title='bbox 1201 1945 1430 1985; x_wconf 85' lang='lat' dir='ltr'>deposcendum</span> <span class='ocrx_word' id='word_1_569' title='bbox 1452 1943 1546 1982; x_wconf 80' lang='lat' dir='ltr'>legati</span> 
     </span>
     <span class='ocr_line' id='line_1_107' title="bbox 898 1991 1138 2027; baseline -0.008 -7"><span class='ocrx_word' id='word_1_570' title='bbox 898 1991 996 2023; x_wconf 84' lang='lat' dir='ltr'>missi,</span> <span class='ocrx_word' id='word_1_571' title='bbox 1016 1995 1069 2027; x_wconf 86' lang='lat'>22,</span> <span class='ocrx_word' id='word_1_572' title='bbox 1087 1994 1138 2019; x_wconf 88' lang='lat'>33.</span> 
     </span>
    </p>

    <p class='ocr_par' dir='ltr' id='par_1_44' title="bbox 856 2029 1546 2116">
     <span class='ocr_line' id='line_1_108' title="bbox 856 2029 1546 2072; baseline -0.009 -9"><span class='ocrx_word' id='word_1_573' title='bbox 856 2035 1048 2070; x_wconf 87' lang='lat' dir='ltr'>Demetrius,</span> <span class='ocrx_word' id='word_1_574' title='bbox 1076 2033 1213 2072; x_wconf 88' lang='lat' dir='ltr'>Philippi</span> <span class='ocrx_word' id='word_1_575' title='bbox 1242 2031 1436 2061; x_wconf 63' lang='lat' dir='ltr'>Macedoniae</span> <span class='ocrx_word' id='word_1_576' title='bbox 1467 2029 1546 2065; x_wconf 85' lang='lat' dir='ltr'>regis</span> 
     </span>
     <span class='ocr_line' id='line_1_109' title="bbox 897 2081 1138 2116; baseline -0.008 -10"><span class='ocrx_word' id='word_1_577' title='bbox 897 2081 997 2116; x_wconf 85' lang='lat' dir='ltr'>pater,</span> <span class='ocrx_word' id='word_1_578' title='bbox 1014 2081 1070 2114; x_wconf 88' lang='lat'>31,</span> <span class='ocrx_word' id='word_1_579' title='bbox 1088 2081 1138 2105; x_wconf 83' lang='lat'>28.</span> 
     </span>
    </p>

    <p class='ocr_par' dir='ltr' id='par_1_45' title="bbox 857 2116 1551 2851">
     <span class='ocr_line' id='line_1_110' title="bbox 857 2116 1546 2157; baseline -0.009 -7"><span class='ocrx_word' id='word_1_580' title='bbox 857 2121 1050 2157; x_wconf 85' lang='lat' dir='ltr'>Demetrius,</span> <span class='ocrx_word' id='word_1_581' title='bbox 1063 2121 1144 2149; x_wconf 81' lang='lat' dir='ltr'>filius</span> <span class='ocrx_word' id='word_1_582' title='bbox 1157 2118 1305 2157; x_wconf 87' lang='lat' dir='ltr'>Philippi,</span> <span class='ocrx_word' id='word_1_583' title='bbox 1319 2121 1375 2154; x_wconf 87' lang='grc'>33,</span> <span class='ocrx_word' id='word_1_584' title='bbox 1392 2121 1440 2145; x_wconf 87' lang='grc'>13.</span> <span class='ocrx_word' id='word_1_585' title='bbox 1456 2116 1546 2146; x_wconf 81' lang='lat' dir='ltr'>obses</span> 
     </span>
     <span class='ocr_line' id='line_1_111' title="bbox 901 2163 1548 2203; baseline -0.008 -10"><span class='ocrx_word' id='word_1_586' title='bbox 901 2174 919 2193; x_wconf 87' lang='lat' dir='ltr'>a</span> <span class='ocrx_word' id='word_1_587' title='bbox 933 2168 1021 2203; x_wconf 87' lang='lat' dir='ltr'>patre</span> <span class='ocrx_word' id='word_1_588' title='bbox 1035 2164 1128 2193; x_wconf 79' lang='lat' dir='ltr'>datur</span> <span class='ocrx_word' id='word_1_589' title='bbox 1141 2163 1306 2198; x_wconf 80' lang='lat' dir='ltr'>Romanis,</span> <span class='ocrx_word' id='word_1_590' title='bbox 1321 2165 1373 2190; x_wconf 88' lang='lat'>30.</span> <span class='ocrx_word' id='word_1_591' title='bbox 1390 2165 1464 2189; x_wconf 84' lang='lat' dir='ltr'>ante</span> <span class='ocrx_word' id='word_1_592' title='bbox 1479 2169 1548 2188; x_wconf 90' lang='lat' dir='ltr'>cur-</span> 
     </span>
     <span class='ocr_line' id='line_1_112' title="bbox 901 2203 1547 2245; baseline -0.008 -9"><span class='ocrx_word' id='word_1_593' title='bbox 901 2217 969 2237; x_wconf 90' lang='lat' dir='ltr'>rum</span> <span class='ocrx_word' id='word_1_594' title='bbox 982 2207 1204 2245; x_wconf 80' lang='lat' dir='ltr'>triumphalem</span> <span class='ocrx_word' id='word_1_595' title='bbox 1219 2206 1255 2235; x_wconf 89' lang='lat' dir='ltr'>T.</span> <span class='ocrx_word' id='word_1_596' title='bbox 1271 2204 1397 2237; x_wconf 82' lang='lat' dir='ltr'>Quintii</span> <span class='ocrx_word' id='word_1_597' title='bbox 1411 2203 1547 2239; x_wconf 86' lang='lat' dir='ltr'>ducitur,</span> 
     </span>
     <span class='ocr_line' id='line_1_113' title="bbox 901 2247 1548 2289; baseline -0.009 -9"><span class='ocrx_word' id='word_1_598' title='bbox 901 2255 957 2287; x_wconf 82' lang='lat'>34,</span> <span class='ocrx_word' id='word_1_599' title='bbox 975 2256 1025 2280; x_wconf 86' lang='lat'>52.</span> <span class='ocrx_word' id='word_1_600' title='bbox 1040 2251 1120 2289; x_wconf 87' lang='lat' dir='ltr'>patri</span> <span class='ocrx_word' id='word_1_601' title='bbox 1138 2250 1287 2282; x_wconf 85' lang='lat' dir='ltr'>redditur,</span> <span class='ocrx_word' id='word_1_602' title='bbox 1299 2250 1355 2284; x_wconf 90' lang='grc'>36,</span> <span class='ocrx_word' id='word_1_603' title='bbox 1373 2252 1426 2277; x_wconf 87' lang='grc'>35.</span> <span class='ocrx_word' id='word_1_604' title='bbox 1443 2247 1548 2275; x_wconf 75' lang='lat' dir='ltr'>remit-</span> 
     </span>
     <span class='ocr_line' id='line_1_114' title="bbox 899 2290 1547 2332; baseline -0.009 -9"><span class='ocrx_word' id='word_1_605' title='bbox 899 2294 978 2323; x_wconf 88' lang='lat' dir='ltr'>titur</span> <span class='ocrx_word' id='word_1_606' title='bbox 990 2304 1007 2323; x_wconf 87' lang='lat' dir='ltr'>a</span> <span class='ocrx_word' id='word_1_607' title='bbox 1019 2298 1106 2332; x_wconf 87' lang='lat' dir='ltr'>patre</span> <span class='ocrx_word' id='word_1_608' title='bbox 1118 2294 1250 2322; x_wconf 85' lang='lat' dir='ltr'>Romam</span> <span class='ocrx_word' id='word_1_609' title='bbox 1264 2292 1302 2321; x_wconf 87' lang='lat' dir='ltr'>ad</span> <span class='ocrx_word' id='word_1_610' title='bbox 1314 2291 1477 2329; x_wconf 83' lang='lat' dir='ltr'>purganda</span> <span class='ocrx_word' id='word_1_611' title='bbox 1488 2290 1547 2318; x_wconf 89' lang='lat' dir='ltr'>cri-</span> 
     </span>
     <span class='ocr_line' id='line_1_115' title="bbox 899 2332 1546 2375; baseline -0.011 -8"><span class='ocrx_word' id='word_1_612' title='bbox 899 2338 997 2375; x_wconf 89' lang='lat' dir='ltr'>mina,</span> <span class='ocrx_word' id='word_1_613' title='bbox 1012 2342 1066 2373; x_wconf 87' lang='lat'>39,</span> <span class='ocrx_word' id='word_1_614' title='bbox 1078 2342 1132 2367; x_wconf 87' lang='grc'>35.</span> <span class='ocrx_word' id='word_1_615' title='bbox 1148 2336 1286 2365; x_wconf 87' lang='lat' dir='ltr'>defendit</span> <span class='ocrx_word' id='word_1_616' title='bbox 1300 2338 1434 2373; x_wconf 84' lang='lat' dir='ltr'>patrem,</span> <span class='ocrx_word' id='word_1_617' title='bbox 1449 2338 1500 2364; x_wconf 87' lang='grc'>47.</span> <span class='ocrx_word' id='word_1_618' title='bbox 1513 2332 1546 2360; x_wconf 85' lang='lat' dir='ltr'>in</span> 
     </span>
     <span class='ocr_line' id='line_1_116' title="bbox 899 2377 1547 2418; baseline -0.008 -9"><span class='ocrx_word' id='word_1_619' title='bbox 899 2381 966 2418; x_wconf 85' lang='lat' dir='ltr'>ejus</span> <span class='ocrx_word' id='word_1_620' title='bbox 978 2381 1127 2410; x_wconf 88' lang='lat' dir='ltr'>honorem</span> <span class='ocrx_word' id='word_1_621' title='bbox 1139 2383 1266 2409; x_wconf 84' lang='lat' dir='ltr'>senatus</span> <span class='ocrx_word' id='word_1_622' title='bbox 1278 2378 1378 2407; x_wconf 84' lang='lat' dir='ltr'>multa</span> <span class='ocrx_word' id='word_1_623' title='bbox 1390 2377 1547 2406; x_wconf 84' lang='lat' dir='ltr'>condonat</span> 
     </span>
     <span class='ocr_line' id='line_1_117' title="bbox 901 2420 1546 2462; baseline -0.008 -9"><span class='ocrx_word' id='word_1_624' title='bbox 901 2424 1059 2462; x_wconf 88' lang='lat' dir='ltr'>Philippo,</span> <span class='ocrx_word' id='word_1_625' title='bbox 1077 2424 1149 2453; x_wconf 61' lang='lat' dir='ltr'><strong>ibid.</strong></span> <span class='ocrx_word' id='word_1_626' title='bbox 1166 2423 1245 2451; x_wconf 88' lang='lat' dir='ltr'>redit</span> <span class='ocrx_word' id='word_1_627' title='bbox 1268 2423 1300 2451; x_wconf 92' lang='lat' dir='ltr'>in</span> <span class='ocrx_word' id='word_1_628' title='bbox 1317 2420 1546 2450; x_wconf 83' lang='lat' dir='ltr'>Macedoniam.</span> 
     </span>
     <span class='ocr_line' id='line_1_118' title="bbox 903 2463 1548 2504; baseline -0.009 -8"><span class='ocrx_word' id='word_1_629' title='bbox 903 2471 952 2496; x_wconf 90' lang='grc'>53.</span> <span class='ocrx_word' id='word_1_630' title='bbox 978 2468 1044 2504; x_wconf 85' lang='lat' dir='ltr'>ejus</span> <span class='ocrx_word' id='word_1_631' title='bbox 1072 2476 1142 2496; x_wconf 89' lang='lat' dir='ltr'>cum</span> <span class='ocrx_word' id='word_1_632' title='bbox 1167 2468 1277 2495; x_wconf 87' lang='lat' dir='ltr'>Perseo</span> <span class='ocrx_word' id='word_1_633' title='bbox 1307 2465 1402 2494; x_wconf 82' lang='lat' dir='ltr'>fratre</span> <span class='ocrx_word' id='word_1_634' title='bbox 1432 2463 1548 2499; x_wconf 88' lang='lat' dir='ltr'>majore</span> 
     </span>
     <span class='ocr_line' id='line_1_119' title="bbox 903 2507 1546 2549; baseline -0.011 -9"><span class='ocrx_word' id='word_1_635' title='bbox 903 2511 1107 2549; x_wconf 82' lang='lat' dir='ltr'>comparatio,</span> <span class='ocrx_word' id='word_1_636' title='bbox 1125 2510 1195 2538; x_wconf 76' lang='lat' dir='ltr'>ibid.</span> <span class='ocrx_word' id='word_1_637' title='bbox 1213 2518 1283 2538; x_wconf 87' lang='lat' dir='ltr'>cum</span> <span class='ocrx_word' id='word_1_638' title='bbox 1307 2509 1414 2538; x_wconf 82' lang='lat' dir='ltr'>eodem</span> <span class='ocrx_word' id='word_1_639' title='bbox 1434 2507 1546 2534; x_wconf 85' lang='lat' dir='ltr'>discor-</span> 
     </span>
     <span class='ocr_line' id='line_1_120' title="bbox 903 2549 1548 2592; baseline -0.012 -9"><span class='ocrx_word' id='word_1_640' title='bbox 903 2554 974 2591; x_wconf 84' lang='lat' dir='ltr'>diae,</span> <span class='ocrx_word' id='word_1_641' title='bbox 991 2555 1059 2582; x_wconf 73' lang='lat' dir='ltr'><strong>ibid.</strong></span> <span class='ocrx_word' id='word_1_642' title='bbox 1077 2562 1172 2592; x_wconf 84' lang='lat' dir='ltr'>prava</span> <span class='ocrx_word' id='word_1_643' title='bbox 1184 2553 1285 2581; x_wconf 85' lang='lat' dir='ltr'>Persei</span> <span class='ocrx_word' id='word_1_644' title='bbox 1302 2552 1333 2580; x_wconf 90' lang='lat' dir='ltr'>in</span> <span class='ocrx_word' id='word_1_645' title='bbox 1352 2549 1548 2580; x_wconf 87' lang='lat' dir='ltr'>Demetrium</span> 
     </span>
     <span class='ocr_line' id='line_1_121' title="bbox 903 2595 1548 2634; baseline -0.012 -8"><span class='ocrx_word' id='word_1_646' title='bbox 903 2597 1138 2634; x_wconf 86' lang='lat' dir='ltr'>consilia,40,5.</span> <span class='ocrx_word' id='word_1_647' title='bbox 1150 2597 1329 2625; x_wconf 84' lang='lat' dir='ltr'>Demetrius</span> <span class='ocrx_word' id='word_1_648' title='bbox 1341 2595 1376 2623; x_wconf 83' lang='lat' dir='ltr'>fit</span> <span class='ocrx_word' id='word_1_649' title='bbox 1386 2595 1548 2630; x_wconf 76' lang='lat' dir='ltr'>suspectus</span> 
     </span>
     <span class='ocr_line' id='line_1_122' title="bbox 903 2636 1548 2680; baseline -0.006 -11"><span class='ocrx_word' id='word_1_650' title='bbox 903 2640 1246 2680; x_wconf 72' lang='lat' dir='ltr'>Philippo‚ibid.ludicri</span> <span class='ocrx_word' id='word_1_651' title='bbox 1257 2636 1548 2667; x_wconf 72' lang='lat' dir='ltr'>certaminisvic-tor.</span> 
     </span>
     <span class='ocr_line' id='line_1_123' title="bbox 903 2680 1549 2722; baseline -0.012 -9"><span class='ocrx_word' id='word_1_652' title='bbox 903 2687 1006 2713; x_wconf 89' lang='lat' dir='ltr'>6.eum</span> <span class='ocrx_word' id='word_1_653' title='bbox 1018 2684 1099 2721; x_wconf 87' lang='lat' dir='ltr'>apud</span> <span class='ocrx_word' id='word_1_654' title='bbox 1109 2686 1229 2722; x_wconf 86' lang='lat' dir='ltr'>patrem</span> <span class='ocrx_word' id='word_1_655' title='bbox 1241 2685 1366 2710; x_wconf 87' lang='lat' dir='ltr'>accusat</span> <span class='ocrx_word' id='word_1_656' title='bbox 1377 2680 1549 2712; x_wconf 55' lang='lat' dir='ltr'>Perseum.</span> 
     </span>
     <span class='ocr_line' id='line_1_124' title="bbox 904 2721 1549 2757; baseline -0.014 0"><span class='ocrx_word' id='word_1_657' title='bbox 904 2728 1083 2756; x_wconf 85' lang='lat' dir='ltr'>Demetrius</span> <span class='ocrx_word' id='word_1_658' title='bbox 1096 2736 1161 2755; x_wconf 84' lang='lat' dir='ltr'>sese</span> <span class='ocrx_word' id='word_1_659' title='bbox 1172 2726 1312 2754; x_wconf 89' lang='lat' dir='ltr'>oratione</span> <span class='ocrx_word' id='word_1_660' title='bbox 1329 2721 1481 2757; x_wconf 82' lang='lat' dir='ltr'>defendit,</span> <span class='ocrx_word' id='word_1_661' title='bbox 1501 2725 1549 2749; x_wconf 87' lang='grc'>12.</span> 
     </span>
     <span class='ocr_line' id='line_1_125' title="bbox 903 2764 1551 2807; baseline -0.012 -7"><span class='ocrx_word' id='word_1_662' title='bbox 903 2771 1073 2799; x_wconf 83' lang='lat' dir='ltr'>meditatur</span> <span class='ocrx_word' id='word_1_663' title='bbox 1081 2770 1200 2807; x_wconf 84' lang='lat' dir='ltr'>fugam,</span> <span class='ocrx_word' id='word_1_664' title='bbox 1210 2772 1262 2796; x_wconf 83' lang='lat'>23.</span> <span class='ocrx_word' id='word_1_665' title='bbox 1276 2767 1355 2795; x_wconf 76' lang='lat' dir='ltr'>fictae</span> <span class='ocrx_word' id='word_1_666' title='bbox 1368 2766 1439 2794; x_wconf 88' lang='lat' dir='ltr'>dolo</span> <span class='ocrx_word' id='word_1_667' title='bbox 1449 2764 1551 2794; x_wconf 86' lang='lat' dir='ltr'>Persei</span> 
     </span>
     <span class='ocr_line' id='line_1_126' title="bbox 905 2809 1548 2851; baseline -0.009 -8"><span class='ocrx_word' id='word_1_668' title='bbox 905 2814 942 2842; x_wconf 77' lang='lat' dir='ltr'>ad</span> <span class='ocrx_word' id='word_1_669' title='bbox 955 2823 1024 2842; x_wconf 85' lang='lat' dir='ltr'>eum</span> <span class='ocrx_word' id='word_1_670' title='bbox 1036 2812 1226 2851; x_wconf 85' lang='lat' dir='ltr'>perdendum</span> <span class='ocrx_word' id='word_1_671' title='bbox 1242 2811 1278 2839; x_wconf 88' lang='lat' dir='ltr'>T.</span> <span class='ocrx_word' id='word_1_672' title='bbox 1294 2809 1421 2841; x_wconf 86' lang='lat' dir='ltr'>Quintii</span> <span class='ocrx_word' id='word_1_673' title='bbox 1434 2809 1548 2842; x_wconf 82' lang='lat' dir='ltr'>literae,</span> 
     </span>
    </p>
   </div>
  </div>
 </body>
</html>
