1816 3159
294 63 412 111 xviii
776 58 1236 109 PRAEFATIO.

293 204 541 267 gistratum,
566 218 701 248 mors
736 205 963 248 narratur
987 216 1015 247 a
1040 198 1180 246 Livio
1201 197 1288 246 lib.
1309 194 1573 243 XXXIII.
1599 212 1747 259 capp,

297 287 376 330 27.
397 288 445 328 et
462 286 543 328 28.
598 279 843 327 Eamdem
864 276 1200 325 narrationem
1222 275 1354 339 apud
1378 274 1645 336 Polybium
1665 274 1750 321 ha-

299 359 469 406 bemus
489 358 538 404 in
561 358 795 418 Excerpt.
823 355 998 417 Legat.
1020 371 1070 402 n.
1098 359 1144 401 8.
1216 354 1361 401 Bello
1389 352 1748 412 Macedonico,

302 437 463 484 Boeoti
483 435 779 483 societatem
799 450 914 481 cum
938 432 1000 480 T.
1021 431 1229 486 Quintio
1252 430 1596 493 Romanisque
1614 436 1750 477 metu

300 516 458 577 magis
479 530 628 578 quam
646 513 903 560 voluntate
923 510 1153 558 inierant.
1223 509 1403 573 Itaque
1424 507 1647 572 plerique
1668 522 1748 552 ve-

300 604 429 642 teres
455 592 619 640 socios
654 590 1016 654 respectabant,
1046 595 1097 636 et
1124 605 1187 635 ne
1221 587 1419 635 devicto
1454 586 1656 650 quidem
1685 584 1752 631 ad

303 670 715 734 Cynoscephalas
733 668 984 732 Philippo,
1004 667 1304 715 destiterunt
1320 665 1666 713 Macedonum
1684 680 1754 710 re-

301 750 393 796 bus
418 749 632 797 studere.
701 748 847 795 Tunc
873 746 1110 809 temporis
1143 743 1432 806 Brachyllas
1468 743 1655 790 electus
1679 747 1756 788 est

302 826 640 882 Boeotarches,
659 842 758 872 non
779 824 925 872 aliam
944 824 1007 870 ob
1026 839 1231 870 causam
1253 821 1429 883 magis,
1443 837 1594 884 quam
1613 819 1753 884 quod

302 921 552 969 propenso
577 904 628 950 in
654 902 943 966 Philippum
970 901 1134 949 animo
1158 916 1268 949 esse
1293 900 1588 947 crederetur.
1628 897 1756 946 Haec

305 992 353 1030 et
378 981 474 1029 alia
495 981 728 1045 quaedam
751 980 931 1027 eodem
951 978 1248 1042 pertinentia
1267 994 1422 1040 quum
1445 976 1756 1024 animadver-

303 1067 466 1108 terent
490 1058 735 1122 principes
759 1075 931 1106 eorum
959 1057 1040 1122 qui
1066 1057 1310 1105 Romanis
1337 1056 1560 1119 partibus
1586 1054 1758 1103 stude-

303 1140 439 1194 bant,
482 1137 768 1200 Zeuxippus
808 1143 858 1183 et
904 1136 1213 1191 Pisistratus,
1262 1141 1451 1182 metum
1500 1140 1757 1197 ceperunt,

304 1234 456 1280 quum
484 1217 548 1263 ad
574 1223 742 1279 portas
774 1231 925 1278 prope
951 1215 1158 1261 sedente
1192 1213 1409 1260 exercitu
1438 1212 1672 1260 Romano
1700 1226 1760 1256 ea

306 1297 490 1350 fierent,
517 1294 762 1357 quidnam
799 1310 852 1340 se
877 1293 1095 1339 futurum
1123 1299 1272 1348 esset,
1301 1289 1538 1354 profectis
1573 1289 1624 1336 in
1659 1287 1758 1335 Ita-

304 1371 423 1419 liam
451 1370 711 1420 Romanis.
782 1369 961 1432 Itaque
981 1378 1033 1416 ut
1048 1369 1422 1430 timoreinjecto
1445 1366 1759 1415 adversarios

307 1448 707 1512 comprimerent,
741 1446 1059 1507 Brachyllam
1099 1463 1124 1492 e
1162 1445 1327 1493 medio
1365 1445 1540 1493 tollere
1575 1451 1762 1492 statue-

307 1534 437 1574 runt.
510 1525 792 1588 Hucusque
828 1524 1041 1587 perbene
1076 1523 1203 1570 inter
1244 1531 1508 1586 utrumque
1550 1522 1762 1586 scripto-

307 1621 410 1653 rem
447 1603 709 1652 convenit:
747 1619 836 1649 seu
864 1601 1030 1664 potius
1067 1600 1301 1648 exscribit
1326 1617 1439 1648 cum
1475 1599 1574 1647 fide
1609 1599 1760 1662 Poly-

310 1684 446 1732 bium
474 1682 662 1731 Livius.

376 1761 463 1809 Ad
488 1760 541 1807 id
566 1759 765 1807 reticuit
788 1759 923 1823 quod
953 1759 1086 1821 apud
1114 1758 1347 1806 Graecum
1376 1756 1665 1805 historicum
1691 1772 1766 1803 se-

310 1839 490 1903 quitur,
518 1837 833 1900 Zeuxippum
863 1843 912 1884 et
956 1835 1275 1883 Pisistratum
1310 1835 1374 1881 de
1415 1850 1507 1882 suo
1550 1833 1764 1881 consilio

313 1934 428 1964 cum
453 1916 517 1964 T.
545 1915 751 1969 Quintio
786 1915 1069 1962 collocutos
1095 1929 1231 1970 esse3
1273 1913 1409 1960 illum
1444 1911 1765 1975 respondisse

312 2011 420 2042 sese
446 1995 508 2041 ad
546 1994 642 2042 hoc
679 1993 872 2041 facinus
910 1993 1191 2054 adjutorem
1223 1990 1429 2054 quidem
1465 2007 1577 2037 esse
1610 1989 1762 2045 nolle,

316 2079 553 2129 ceterum,
581 2071 621 2119 si
657 2072 768 2136 quis
792 2088 896 2119 rem
934 2078 1278 2134 exequeretur,
1303 2069 1426 2116 nihil
1459 2068 1511 2116 in
1536 2085 1591 2116 se
1617 2083 1766 2115 morae

313 2152 558 2199 futurum:
597 2150 811 2213 denique
829 2148 1043 2210 jussisse
1064 2165 1152 2196 eos
1179 2153 1336 2194 totam
1362 2162 1463 2194 rem
1491 2144 1768 2194 communi-

317 2246 431 2278 care
466 2245 580 2277 cum
615 2228 934 2275 Alexamene
964 2225 1252 2273 AEtolorum
1288 2230 1511 2287 praetore,
1539 2222 1625 2286 qui
1658 2220 1766 2284 qui-

317 2309 432 2355 dem
457 2322 628 2353 revera
651 2322 739 2352 sex
764 2303 861 2351 illis
887 2302 1093 2351 sicarios
1122 2300 1580 2360 subministraverit,
1606 2317 1635 2346 a
1658 2299 1767 2363 qui-

317 2386 409 2431 bus
426 2383 723 2445 Brachyllas
739 2382 1026 2429 interfectus
1047 2386 1140 2427 est.
1185 2378 1328 2435 Haec,
1346 2379 1566 2441 inquam,
1584 2378 1767 2437 omnia,

320 2469 496 2525 praeter
529 2461 692 2523 ipsam
731 2458 1013 2521 Brachyllae
1048 2473 1240 2514 necem,
1276 2455 1535 2520 supprimit
1570 2454 1764 2505 Livius,

321 2540 436 2594 Quo
462 2537 688 2593 consilio,
708 2538 827 2585 nihil
855 2553 975 2584 sane
1000 2534 1328 2598 argumentari
1353 2550 1481 2596 opus
1507 2540 1597 2581 est.
1648 2533 1768 2596 Ipsa

321 2634 397 2664 res
433 2616 615 2663 clamat
649 2632 759 2662 eum
796 2614 1016 2662 noluisse
1050 2612 1304 2660 infamiam
1340 2611 1562 2668 Quintio,
1600 2617 1648 2658 et
1684 2627 1772 2673 per

322 2712 433 2742 eum
465 2695 692 2742 Romano
711 2691 897 2739 nomini
924 2706 1198 2753 aspergere,
1217 2689 1258 2737 si
1279 2689 1538 2737 Romanus
1557 2688 1767 2752 impera-
