<?xml version="1.0" encoding="UTF-8"?>
<!DOCTYPE html PUBLIC "-//W3C//DTD XHTML 1.0 Transitional//EN"
    "http://www.w3.org/TR/xhtml1/DTD/xhtml1-transitional.dtd">
<html xmlns="http://www.w3.org/1999/xhtml" xml:lang="en" lang="en">
 <head>
  <title>
</title>
<meta http-equiv="Content-Type" content="text/html;charset=utf-8" />
  <meta name='ocr-system' content='tesseract 3.04.00' />
  <meta name='ocr-capabilities' content='ocr_page ocr_carea ocr_par ocr_line ocrx_word'/>
</head>
<body>
  <div class='ocr_page' id='page_1' title='image "./historiarumaburb04livyuoft/historiarumaburb04livyuoft_0528.png"; bbox 0 0 1816 3159; ppageno 0'>
   <div class='ocr_carea' id='block_1_1' title="bbox 286 61 1244 110">
    <p class='ocr_par' dir='ltr' id='par_1_1' title="bbox 286 61 1244 110">
     <span class='ocr_line' id='line_1_1' title="bbox 286 61 1244 110; baseline -0.001 -2"><span class='ocrx_word' id='word_1_1' title='bbox 286 61 405 108; x_wconf 84' lang='lat' dir='ltr'>lxxx</span> <span class='ocrx_word' id='word_1_2' title='bbox 777 61 1244 110; x_wconf 83' lang='lat' dir='ltr'><strong>PRAEFATIO.</strong></span> 
     </span>
    </p>
   </div>
   <div class='ocr_carea' id='block_1_2' title="bbox 279 198 1760 2813">
    <p class='ocr_par' dir='ltr' id='par_1_2' title="bbox 281 198 1734 882">
     <span class='ocr_line' id='line_1_2' title="bbox 288 198 1732 265; baseline -0.002 -17"><span class='ocrx_word' id='word_1_3' title='bbox 288 199 618 248; x_wconf 84' lang='lat' dir='ltr'><strong>cumulantur.</strong></span> <span class='ocrx_word' id='word_1_4' title='bbox 691 200 841 249; x_wconf 84' lang='lat' dir='ltr'>Unde</span> <span class='ocrx_word' id='word_1_5' title='bbox 864 203 918 250; x_wconf 91' lang='lat' dir='ltr'>fit</span> <span class='ocrx_word' id='word_1_6' title='bbox 938 208 995 249; x_wconf 89' lang='lat' dir='ltr'>ut</span> <span class='ocrx_word' id='word_1_7' title='bbox 1013 207 1248 265; x_wconf 85' lang='lat' dir='ltr'>corrupta</span> <span class='ocrx_word' id='word_1_8' title='bbox 1268 198 1471 248; x_wconf 90' lang='lat' dir='ltr'>omnino</span> <span class='ocrx_word' id='word_1_9' title='bbox 1491 198 1732 246; x_wconf 85' lang='lat' dir='ltr'>deforma-</span> 
     </span>
     <span class='ocr_line' id='line_1_3' title="bbox 289 275 1729 341; baseline -0.001 -17"><span class='ocrx_word' id='word_1_10' title='bbox 289 283 439 341; x_wconf 87' lang='lat' dir='ltr'>taque</span> <span class='ocrx_word' id='word_1_11' title='bbox 463 277 766 340; x_wconf 84' lang='lat' dir='ltr'>exemplaria</span> <span class='ocrx_word' id='word_1_12' title='bbox 792 278 842 326; x_wconf 91' lang='lat' dir='ltr'>in</span> <span class='ocrx_word' id='word_1_13' title='bbox 867 295 1043 327; x_wconf 90' lang='lat' dir='ltr'>manus</span> <span class='ocrx_word' id='word_1_14' title='bbox 1082 278 1334 327; x_wconf 90' lang='lat' dir='ltr'>hominum</span> <span class='ocrx_word' id='word_1_15' title='bbox 1362 275 1578 324; x_wconf 84' lang='lat' dir='ltr'>veniant.</span> <span class='ocrx_word' id='word_1_16' title='bbox 1649 276 1729 324; x_wconf 84' lang='lat' dir='ltr'>Sic</span> 
     </span>
     <span class='ocr_line' id='line_1_4' title="bbox 283 353 1733 417; baseline -0.002 -16"><span class='ocrx_word' id='word_1_17' title='bbox 283 371 393 417; x_wconf 86' lang='lat' dir='ltr'>quae</span> <span class='ocrx_word' id='word_1_18' title='bbox 430 362 695 402; x_wconf 86' lang='lat' dir='ltr'>occurrunt</span> <span class='ocrx_word' id='word_1_19' title='bbox 729 355 778 401; x_wconf 91' lang='lat' dir='ltr'>in</span> <span class='ocrx_word' id='word_1_20' title='bbox 815 354 1137 403; x_wconf 89' lang='lat' dir='ltr'>Gronoviana</span> <span class='ocrx_word' id='word_1_21' title='bbox 1170 354 1389 402; x_wconf 75' lang='lat' dir='ltr'>editione.</span> <span class='ocrx_word' id='word_1_22' title='bbox 1425 353 1623 408; x_wconf 90' lang='lat' dir='ltr'>menda,</span> <span class='ocrx_word' id='word_1_23' title='bbox 1654 368 1733 398; x_wconf 86' lang='lat' dir='ltr'>ea-</span> 
     </span>
     <span class='ocr_line' id='line_1_5' title="bbox 284 429 1732 496; baseline -0.001 -19"><span class='ocrx_word' id='word_1_24' title='bbox 284 431 401 477; x_wconf 85' lang='lat' dir='ltr'>dem</span> <span class='ocrx_word' id='word_1_25' title='bbox 426 431 525 478; x_wconf 91' lang='lat' dir='ltr'>fere</span> <span class='ocrx_word' id='word_1_26' title='bbox 555 441 796 478; x_wconf 86' lang='lat' dir='ltr'>novorum</span> <span class='ocrx_word' id='word_1_27' title='bbox 830 432 1161 496; x_wconf 87' lang='lat' dir='ltr'>quorumdam</span> <span class='ocrx_word' id='word_1_28' title='bbox 1185 431 1474 479; x_wconf 79' lang='lat' dir='ltr'>accessione</span> <span class='ocrx_word' id='word_1_29' title='bbox 1510 437 1659 477; x_wconf 90' lang='lat' dir='ltr'>aucta</span> <span class='ocrx_word' id='word_1_30' title='bbox 1681 429 1732 476; x_wconf 89' lang='lat' dir='ltr'>in</span> 
     </span>
     <span class='ocr_line' id='line_1_6' title="bbox 282 505 1733 570; baseline -0.001 -15"><span class='ocrx_word' id='word_1_31' title='bbox 282 507 493 570; x_wconf 89' lang='lat' dir='ltr'>Dujatii,</span> <span class='ocrx_word' id='word_1_32' title='bbox 530 509 581 555; x_wconf 88' lang='lat' dir='ltr'>in</span> <span class='ocrx_word' id='word_1_33' title='bbox 615 508 919 564; x_wconf 87' lang='lat' dir='ltr'>Tillemonii‚</span> <span class='ocrx_word' id='word_1_34' title='bbox 955 509 1006 556; x_wconf 91' lang='lat' dir='ltr'>in</span> <span class='ocrx_word' id='word_1_35' title='bbox 1042 508 1222 557; x_wconf 87' lang='lat' dir='ltr'>Clerici</span> <span class='ocrx_word' id='word_1_36' title='bbox 1256 507 1560 556; x_wconf 83' lang='lat' dir='ltr'>editionibus</span> <span class='ocrx_word' id='word_1_37' title='bbox 1595 505 1733 553; x_wconf 82' lang='lat' dir='ltr'>exhi-</span> 
     </span>
     <span class='ocr_line' id='line_1_7' title="bbox 283 583 1731 650; baseline -0.003 -17"><span class='ocrx_word' id='word_1_38' title='bbox 283 585 476 633; x_wconf 88' lang='lat' dir='ltr'>bentur.</span> <span class='ocrx_word' id='word_1_39' title='bbox 550 586 668 633; x_wconf 91' lang='lat' dir='ltr'>Hoc</span> <span class='ocrx_word' id='word_1_40' title='bbox 705 603 766 634; x_wconf 89' lang='lat' dir='ltr'>ne</span> <span class='ocrx_word' id='word_1_41' title='bbox 806 586 948 633; x_wconf 86' lang='lat' dir='ltr'>nobis</span> <span class='ocrx_word' id='word_1_42' title='bbox 989 602 1189 650; x_wconf 91' lang='lat' dir='ltr'>quoque</span> <span class='ocrx_word' id='word_1_43' title='bbox 1231 602 1323 633; x_wconf 92' lang='lat' dir='ltr'>usu</span> <span class='ocrx_word' id='word_1_44' title='bbox 1364 585 1564 639; x_wconf 86' lang='lat' dir='ltr'>veniret,</span> <span class='ocrx_word' id='word_1_45' title='bbox 1606 583 1731 630; x_wconf 89' lang='lat' dir='ltr'>anti-</span> 
     </span>
     <span class='ocr_line' id='line_1_8' title="bbox 282 662 1733 726; baseline -0.002 -16"><span class='ocrx_word' id='word_1_46' title='bbox 282 663 483 726; x_wconf 80' lang='lat' dir='ltr'>quiores</span> <span class='ocrx_word' id='word_1_47' title='bbox 505 663 828 712; x_wconf 87' lang='lat' dir='ltr'>Gronoviana</span> <span class='ocrx_word' id='word_1_48' title='bbox 843 664 1088 712; x_wconf 83' lang='lat' dir='ltr'>editiones</span> <span class='ocrx_word' id='word_1_49' title='bbox 1108 663 1253 711; x_wconf 90' lang='lat' dir='ltr'>nobis</span> <span class='ocrx_word' id='word_1_50' title='bbox 1274 662 1608 710; x_wconf 88' lang='lat' dir='ltr'>consulendas</span> <span class='ocrx_word' id='word_1_51' title='bbox 1625 677 1733 708; x_wconf 89' lang='lat' dir='ltr'>esse</span> 
     </span>
     <span class='ocr_line' id='line_1_9' title="bbox 283 738 1734 802; baseline -0.001 -15"><span class='ocrx_word' id='word_1_52' title='bbox 283 739 691 801; x_wconf 82' lang='lat' dir='ltr'>existimavimus,</span> <span class='ocrx_word' id='word_1_53' title='bbox 721 741 914 789; x_wconf 90' lang='lat' dir='ltr'>felicius</span> <span class='ocrx_word' id='word_1_54' title='bbox 950 742 1117 789; x_wconf 90' lang='lat' dir='ltr'>adhuc</span> <span class='ocrx_word' id='word_1_55' title='bbox 1152 743 1363 789; x_wconf 87' lang='lat' dir='ltr'>fortasse</span> <span class='ocrx_word' id='word_1_56' title='bbox 1398 757 1499 787; x_wconf 92' lang='lat' dir='ltr'>rem</span> <span class='ocrx_word' id='word_1_57' title='bbox 1534 738 1734 802; x_wconf 80' lang='lat' dir='ltr'>gesturi,</span> 
     </span>
     <span class='ocr_line' id='line_1_10' title="bbox 281 815 1409 882; baseline 0.001 -18"><span class='ocrx_word' id='word_1_58' title='bbox 281 815 322 864; x_wconf 89' lang='lat' dir='ltr'>si</span> <span class='ocrx_word' id='word_1_59' title='bbox 346 817 512 880; x_wconf 91' lang='lat' dir='ltr'>plures</span> <span class='ocrx_word' id='word_1_60' title='bbox 538 817 762 865; x_wconf 89' lang='lat' dir='ltr'>nancisci</span> <span class='ocrx_word' id='word_1_61' title='bbox 789 827 837 865; x_wconf 91' lang='lat' dir='ltr'>et</span> <span class='ocrx_word' id='word_1_62' title='bbox 862 819 1145 882; x_wconf 84' lang='lat' dir='ltr'>expendere</span> <span class='ocrx_word' id='word_1_63' title='bbox 1170 817 1409 865; x_wconf 85' lang='lat' dir='ltr'>licuisset.</span> 
     </span>
    </p>

    <p class='ocr_par' dir='ltr' id='par_1_3' title="bbox 279 894 1760 2183">
     <span class='ocr_line' id='line_1_11' title="bbox 349 894 1734 960; baseline -0.001 -18"><span class='ocrx_word' id='word_1_64' title='bbox 349 895 445 943; x_wconf 89' lang='lat' dir='ltr'>His</span> <span class='ocrx_word' id='word_1_65' title='bbox 468 895 615 958; x_wconf 86' lang='lat' dir='ltr'>igitur</span> <span class='ocrx_word' id='word_1_66' title='bbox 632 896 858 944; x_wconf 81' lang='lat' dir='ltr'>instructi</span> <span class='ocrx_word' id='word_1_67' title='bbox 883 896 1127 960; x_wconf 72' lang='lat' dir='ltr'>praesidiis</span> <span class='ocrx_word' id='word_1_68' title='bbox 1147 897 1208 944; x_wconf 90' lang='lat' dir='ltr'>ad</span> <span class='ocrx_word' id='word_1_69' title='bbox 1232 895 1428 943; x_wconf 88' lang='lat' dir='ltr'>Livium</span> <span class='ocrx_word' id='word_1_70' title='bbox 1451 894 1734 943; x_wconf 79' lang='lat' dir='ltr'>accuratius</span> 
     </span>
     <span class='ocr_line' id='line_1_12' title="bbox 281 973 1734 1033; baseline -0.001 -13"><span class='ocrx_word' id='word_1_71' title='bbox 281 974 653 1021; x_wconf 89' lang='lat' dir='ltr'>emendandum</span> <span class='ocrx_word' id='word_1_72' title='bbox 688 989 779 1021; x_wconf 88' lang='lat' dir='ltr'>nos</span> <span class='ocrx_word' id='word_1_73' title='bbox 805 973 1132 1033; x_wconf 82' lang='lat' dir='ltr'>accinximus,</span> <span class='ocrx_word' id='word_1_74' title='bbox 1157 990 1259 1024; x_wconf 88' lang='lat' dir='ltr'>non</span> <span class='ocrx_word' id='word_1_75' title='bbox 1289 981 1344 1020; x_wconf 90' lang='lat' dir='ltr'>ut</span> <span class='ocrx_word' id='word_1_76' title='bbox 1369 979 1623 1020; x_wconf 86' lang='lat' dir='ltr'>certamen</span> <span class='ocrx_word' id='word_1_77' title='bbox 1648 988 1734 1019; x_wconf 90' lang='lat' dir='ltr'>no-</span> 
     </span>
     <span class='ocr_line' id='line_1_13' title="bbox 279 1050 1735 1116; baseline -0.002 -17"><span class='ocrx_word' id='word_1_78' title='bbox 279 1050 354 1099; x_wconf 90' lang='lat' dir='ltr'>bis</span> <span class='ocrx_word' id='word_1_79' title='bbox 382 1052 621 1099; x_wconf 87' lang='lat' dir='ltr'>adversus</span> <span class='ocrx_word' id='word_1_80' title='bbox 657 1051 965 1100; x_wconf 88' lang='lat' dir='ltr'>Gronovium</span> <span class='ocrx_word' id='word_1_81' title='bbox 990 1069 1143 1116; x_wconf 88' lang='lat' dir='ltr'>prava</span> <span class='ocrx_word' id='word_1_82' title='bbox 1179 1051 1497 1099; x_wconf 67' lang='lat' dir='ltr'>aemulatione</span> <span class='ocrx_word' id='word_1_83' title='bbox 1522 1066 1735 1098; x_wconf 89' lang='lat' dir='ltr'>sumere-</span> 
     </span>
     <span class='ocr_line' id='line_1_14' title="bbox 279 1128 1732 1192; baseline 0 -17"><span class='ocrx_word' id='word_1_84' title='bbox 279 1143 404 1185; x_wconf 90' lang='lat' dir='ltr'>mus,</span> <span class='ocrx_word' id='word_1_85' title='bbox 431 1128 571 1189; x_wconf 84' lang='lat' dir='ltr'>cujus</span> <span class='ocrx_word' id='word_1_86' title='bbox 608 1128 748 1191; x_wconf 90' lang='lat' dir='ltr'>sequi</span> <span class='ocrx_word' id='word_1_87' title='bbox 773 1129 979 1192; x_wconf 82' lang='lat' dir='ltr'>vestigia</span> <span class='ocrx_word' id='word_1_88' title='bbox 1014 1129 1153 1177; x_wconf 92' lang='lat' dir='ltr'>laudi</span> <span class='ocrx_word' id='word_1_89' title='bbox 1189 1129 1433 1185; x_wconf 85' lang='lat' dir='ltr'>ducimus,</span> <span class='ocrx_word' id='word_1_90' title='bbox 1460 1144 1611 1192; x_wconf 88' lang='lat' dir='ltr'>quem</span> <span class='ocrx_word' id='word_1_91' title='bbox 1646 1144 1732 1191; x_wconf 88' lang='lat' dir='ltr'>pa-</span> 
     </span>
     <span class='ocr_line' id='line_1_15' title="bbox 279 1204 1733 1270; baseline -0.001 -18"><span class='ocrx_word' id='word_1_92' title='bbox 279 1205 383 1253; x_wconf 87' lang='lat' dir='ltr'>lam</span> <span class='ocrx_word' id='word_1_93' title='bbox 420 1206 709 1270; x_wconf 86' lang='lat' dir='ltr'>profitemur</span> <span class='ocrx_word' id='word_1_94' title='bbox 744 1204 930 1268; x_wconf 91' lang='lat' dir='ltr'>ubique</span> <span class='ocrx_word' id='word_1_95' title='bbox 967 1206 1063 1253; x_wconf 89' lang='lat' dir='ltr'>fere</span> <span class='ocrx_word' id='word_1_96' title='bbox 1098 1205 1243 1253; x_wconf 90' lang='lat' dir='ltr'>nobis</span> <span class='ocrx_word' id='word_1_97' title='bbox 1270 1206 1451 1253; x_wconf 91' lang='lat' dir='ltr'>ducem</span> <span class='ocrx_word' id='word_1_98' title='bbox 1489 1221 1547 1253; x_wconf 91' lang='lat' dir='ltr'>ac</span> <span class='ocrx_word' id='word_1_99' title='bbox 1573 1206 1733 1252; x_wconf 87' lang='lat' dir='ltr'>facem</span> 
     </span>
     <span class='ocr_line' id='line_1_16' title="bbox 280 1280 1735 1344; baseline -0.001 -15"><span class='ocrx_word' id='word_1_100' title='bbox 280 1282 452 1329; x_wconf 86' lang='lat' dir='ltr'>fuisse.</span> <span class='ocrx_word' id='word_1_101' title='bbox 526 1281 625 1329; x_wconf 90' lang='lat' dir='ltr'>Sed</span> <span class='ocrx_word' id='word_1_102' title='bbox 663 1280 705 1328; x_wconf 92' lang='lat' dir='ltr'>si</span> <span class='ocrx_word' id='word_1_103' title='bbox 738 1298 847 1344; x_wconf 82' lang='lat' dir='ltr'>quae</span> <span class='ocrx_word' id='word_1_104' title='bbox 873 1281 955 1328; x_wconf 92' lang='lat' dir='ltr'>ille</span> <span class='ocrx_word' id='word_1_105' title='bbox 992 1289 1077 1328; x_wconf 90' lang='lat' dir='ltr'>aut</span> <span class='ocrx_word' id='word_1_106' title='bbox 1111 1288 1326 1329; x_wconf 81' lang='lat' dir='ltr'>tentarat</span> <span class='ocrx_word' id='word_1_107' title='bbox 1362 1281 1619 1339; x_wconf 88' lang='lat' dir='ltr'>audacius,</span> <span class='ocrx_word' id='word_1_108' title='bbox 1650 1288 1735 1329; x_wconf 84' lang='lat' dir='ltr'>aut</span> 
     </span>
     <span class='ocr_line' id='line_1_17' title="bbox 282 1357 1734 1423; baseline 0 -17"><span class='ocrx_word' id='word_1_109' title='bbox 282 1364 461 1407; x_wconf 90' lang='lat' dir='ltr'>contra</span> <span class='ocrx_word' id='word_1_110' title='bbox 495 1374 580 1421; x_wconf 86' lang='lat' dir='ltr'>per</span> <span class='ocrx_word' id='word_1_111' title='bbox 619 1357 823 1405; x_wconf 87' lang='lat' dir='ltr'>nimiam</span> <span class='ocrx_word' id='word_1_112' title='bbox 861 1358 1145 1406; x_wconf 86' lang='lat' dir='ltr'>cautionem</span> <span class='ocrx_word' id='word_1_113' title='bbox 1181 1357 1410 1406; x_wconf 90' lang='lat' dir='ltr'>incurata</span> <span class='ocrx_word' id='word_1_114' title='bbox 1455 1359 1734 1423; x_wconf 87' lang='lat' dir='ltr'>reliquerat,</span> 
     </span>
     <span class='ocr_line' id='line_1_18' title="bbox 280 1435 1731 1500; baseline 0.001 -17"><span class='ocrx_word' id='word_1_115' title='bbox 280 1452 438 1500; x_wconf 91' lang='lat' dir='ltr'>quum</span> <span class='ocrx_word' id='word_1_116' title='bbox 474 1443 610 1483; x_wconf 86' lang='lat' dir='ltr'>certa</span> <span class='ocrx_word' id='word_1_117' title='bbox 635 1435 679 1482; x_wconf 92' lang='lat' dir='ltr'>ei</span> <span class='ocrx_word' id='word_1_118' title='bbox 704 1442 752 1483; x_wconf 91' lang='lat' dir='ltr'>et</span> <span class='ocrx_word' id='word_1_119' title='bbox 780 1435 1063 1484; x_wconf 88' lang='lat' dir='ltr'>indubitata</span> <span class='ocrx_word' id='word_1_120' title='bbox 1087 1437 1306 1484; x_wconf 88' lang='lat' dir='ltr'>remedia</span> <span class='ocrx_word' id='word_1_121' title='bbox 1342 1436 1453 1483; x_wconf 89' lang='lat' dir='ltr'>libri</span> <span class='ocrx_word' id='word_1_122' title='bbox 1477 1436 1731 1495; x_wconf 79' lang='lat' dir='ltr'>offerrent3</span> 
     </span>
     <span class='ocr_line' id='line_1_19' title="bbox 283 1512 1736 1577; baseline 0.003 -18"><span class='ocrx_word' id='word_1_123' title='bbox 283 1513 325 1560; x_wconf 89' lang='lat' dir='ltr'>si</span> <span class='ocrx_word' id='word_1_124' title='bbox 348 1529 449 1576; x_wconf 89' lang='lat' dir='ltr'>qua</span> <span class='ocrx_word' id='word_1_125' title='bbox 473 1512 687 1576; x_wconf 90' lang='lat' dir='ltr'>denique</span> <span class='ocrx_word' id='word_1_126' title='bbox 713 1529 842 1570; x_wconf 90' lang='lat' dir='ltr'>eum,</span> <span class='ocrx_word' id='word_1_127' title='bbox 862 1521 915 1561; x_wconf 94' lang='lat' dir='ltr'>ut</span> <span class='ocrx_word' id='word_1_128' title='bbox 940 1514 1189 1561; x_wconf 88' lang='lat' dir='ltr'>hominem</span> <span class='ocrx_word' id='word_1_129' title='bbox 1214 1514 1476 1577; x_wconf 85' lang='lat' dir='ltr'>multiplici</span> <span class='ocrx_word' id='word_1_130' title='bbox 1495 1515 1736 1564; x_wconf 87' lang='lat' dir='ltr'>variarum</span> 
     </span>
     <span class='ocr_line' id='line_1_20' title="bbox 281 1589 1733 1653; baseline 0.001 -15"><span class='ocrx_word' id='word_1_131' title='bbox 281 1606 445 1638; x_wconf 88' lang='lat' dir='ltr'>rerum</span> <span class='ocrx_word' id='word_1_132' title='bbox 482 1589 788 1652; x_wconf 82' lang='lat' dir='ltr'>cogitatione</span> <span class='ocrx_word' id='word_1_133' title='bbox 824 1590 1121 1647; x_wconf 89' lang='lat' dir='ltr'>districtum,</span> <span class='ocrx_word' id='word_1_134' title='bbox 1149 1592 1437 1653; x_wconf 83' lang='lat' dir='ltr'>effugerant,</span> <span class='ocrx_word' id='word_1_135' title='bbox 1464 1608 1523 1638; x_wconf 90' lang='lat' dir='ltr'>ea</span> <span class='ocrx_word' id='word_1_136' title='bbox 1555 1591 1624 1639; x_wconf 92' lang='lat' dir='ltr'>ita</span> <span class='ocrx_word' id='word_1_137' title='bbox 1648 1610 1733 1640; x_wconf 87' lang='lat' dir='ltr'>ex-</span> 
     </span>
     <span class='ocr_line' id='line_1_21' title="bbox 281 1669 1734 1733; baseline 0.001 -18"><span class='ocrx_word' id='word_1_138' title='bbox 281 1669 416 1733; x_wconf 89' lang='lat' dir='ltr'>plere</span> <span class='ocrx_word' id='word_1_139' title='bbox 440 1675 490 1716; x_wconf 89' lang='lat' dir='ltr'>et</span> <span class='ocrx_word' id='word_1_140' title='bbox 511 1685 775 1732; x_wconf 83' lang='lat' dir='ltr'>persanare</span> <span class='ocrx_word' id='word_1_141' title='bbox 794 1669 961 1717; x_wconf 88' lang='lat' dir='ltr'>conati</span> <span class='ocrx_word' id='word_1_142' title='bbox 983 1686 1172 1726; x_wconf 87' lang='lat' dir='ltr'>sumus,</span> <span class='ocrx_word' id='word_1_143' title='bbox 1192 1676 1246 1716; x_wconf 90' lang='lat' dir='ltr'>ut</span> <span class='ocrx_word' id='word_1_144' title='bbox 1267 1669 1579 1717; x_wconf 86' lang='lat' dir='ltr'>confidamus</span> <span class='ocrx_word' id='word_1_145' title='bbox 1600 1670 1734 1718; x_wconf 91' lang='lat' dir='ltr'>hunc</span> 
     </span>
     <span class='ocr_line' id='line_1_22' title="bbox 287 1746 1735 1811; baseline 0.003 -19"><span class='ocrx_word' id='word_1_146' title='bbox 287 1762 440 1810; x_wconf 89' lang='lat' dir='ltr'>quem</span> <span class='ocrx_word' id='word_1_147' title='bbox 463 1746 641 1794; x_wconf 88' lang='lat' dir='ltr'>lectori</span> <span class='ocrx_word' id='word_1_148' title='bbox 660 1746 900 1795; x_wconf 86' lang='lat' dir='ltr'>tradimus</span> <span class='ocrx_word' id='word_1_149' title='bbox 925 1747 1051 1795; x_wconf 88' lang='lat' dir='ltr'>Livii</span> <span class='ocrx_word' id='word_1_150' title='bbox 1076 1754 1264 1795; x_wconf 81' lang='lat' dir='ltr'>textum</span> <span class='ocrx_word' id='word_1_151' title='bbox 1284 1747 1394 1811; x_wconf 90' lang='lat' dir='ltr'>ipso</span> <span class='ocrx_word' id='word_1_152' title='bbox 1412 1748 1735 1797; x_wconf 86' lang='lat' dir='ltr'>Gronoviano</span> 
     </span>
     <span class='ocr_line' id='line_1_23' title="bbox 288 1823 1734 1886; baseline 0 -14"><span class='ocrx_word' id='word_1_153' title='bbox 288 1823 679 1872; x_wconf 87' lang='lat' dir='ltr'>emendatiorem</span> <span class='ocrx_word' id='word_1_154' title='bbox 715 1841 774 1872; x_wconf 91' lang='lat' dir='ltr'>ac</span> <span class='ocrx_word' id='word_1_155' title='bbox 801 1824 1162 1872; x_wconf 87' lang='lat' dir='ltr'>defaecatiorem</span> <span class='ocrx_word' id='word_1_156' title='bbox 1196 1825 1315 1871; x_wconf 89' lang='lat' dir='ltr'>fore.</span> <span class='ocrx_word' id='word_1_157' title='bbox 1384 1823 1541 1886; x_wconf 88' lang='lat' dir='ltr'>Cujus</span> <span class='ocrx_word' id='word_1_158' title='bbox 1566 1832 1734 1873; x_wconf 88' lang='lat' dir='ltr'>tamen</span> 
     </span>
     <span class='ocr_line' id='line_1_24' title="bbox 287 1900 1760 1966; baseline 0.003 -18"><span class='ocrx_word' id='word_1_159' title='bbox 287 1900 452 1948; x_wconf 89' lang='lat' dir='ltr'>laudis</span> <span class='ocrx_word' id='word_1_160' title='bbox 477 1917 658 1963; x_wconf 82' lang='lat' dir='ltr'>magna</span> <span class='ocrx_word' id='word_1_161' title='bbox 681 1918 795 1964; x_wconf 90' lang='lat' dir='ltr'>pars</span> <span class='ocrx_word' id='word_1_162' title='bbox 821 1902 884 1948; x_wconf 89' lang='lat' dir='ltr'>ad</span> <span class='ocrx_word' id='word_1_163' title='bbox 911 1900 1223 1949; x_wconf 89' lang='lat' dir='ltr'>Gronovium</span> <span class='ocrx_word' id='word_1_164' title='bbox 1248 1901 1390 1957; x_wconf 86' lang='lat' dir='ltr'>redit,</span> <span class='ocrx_word' id='word_1_165' title='bbox 1409 1919 1561 1966; x_wconf 90' lang='lat' dir='ltr'>quum</span> <span class='ocrx_word' id='word_1_166' title='bbox 1587 1904 1650 1951; x_wconf 93' lang='lat' dir='ltr'>ad</span> <span class='ocrx_word' id='word_1_167' title='bbox 1675 1921 1760 1963; x_wconf 79' lang='lat' dir='ltr'>ea.¹</span> 
     </span>
     <span class='ocr_line' id='line_1_25' title="bbox 289 1978 1734 2043; baseline 0.002 -18"><span class='ocrx_word' id='word_1_168' title='bbox 289 1995 402 2043; x_wconf 83' lang='lat' dir='ltr'>quae</span> <span class='ocrx_word' id='word_1_169' title='bbox 425 1978 743 2035; x_wconf 87' lang='lat' dir='ltr'>correximus,</span> <span class='ocrx_word' id='word_1_170' title='bbox 769 1996 873 2027; x_wconf 92' lang='lat' dir='ltr'>non</span> <span class='ocrx_word' id='word_1_171' title='bbox 894 1979 981 2027; x_wconf 90' lang='lat' dir='ltr'>illa</span> <span class='ocrx_word' id='word_1_172' title='bbox 1004 1986 1198 2027; x_wconf 90' lang='lat' dir='ltr'>tantum</span> <span class='ocrx_word' id='word_1_173' title='bbox 1229 1980 1598 2027; x_wconf 85' lang='lat' dir='ltr'>adhibuerimus</span> <span class='ocrx_word' id='word_1_174' title='bbox 1623 1998 1734 2043; x_wconf 86' lang='lat' dir='ltr'>quae</span> 
     </span>
     <span class='ocr_line' id='line_1_26' title="bbox 288 2054 1733 2123; baseline 0.004 -22"><span class='ocrx_word' id='word_1_175' title='bbox 288 2054 434 2102; x_wconf 90' lang='lat' dir='ltr'>nobis</span> <span class='ocrx_word' id='word_1_176' title='bbox 458 2056 755 2119; x_wconf 86' lang='lat' dir='ltr'>parabamus</span> <span class='ocrx_word' id='word_1_177' title='bbox 778 2057 890 2120; x_wconf 88' lang='lat' dir='ltr'>ipsi,</span> <span class='ocrx_word' id='word_1_178' title='bbox 916 2057 1006 2105; x_wconf 89' lang='lat' dir='ltr'>sed</span> <span class='ocrx_word' id='word_1_179' title='bbox 1033 2065 1083 2106; x_wconf 91' lang='lat' dir='ltr'>et</span> <span class='ocrx_word' id='word_1_180' title='bbox 1106 2058 1293 2122; x_wconf 90' lang='lat' dir='ltr'>optima</span> <span class='ocrx_word' id='word_1_181' title='bbox 1317 2064 1367 2105; x_wconf 94' lang='lat' dir='ltr'>et</span> <span class='ocrx_word' id='word_1_182' title='bbox 1390 2058 1601 2122; x_wconf 87' lang='lat' dir='ltr'>plurima</span> <span class='ocrx_word' id='word_1_183' title='bbox 1623 2076 1733 2123; x_wconf 87' lang='lat' dir='ltr'>quae</span> 
     </span>
     <span class='ocr_line' id='line_1_27' title="bbox 289 2132 1145 2183; baseline 0.004 -4"><span class='ocrx_word' id='word_1_184' title='bbox 289 2132 696 2182; x_wconf 85' lang='lat' dir='ltr'>subministrabat</span> <span class='ocrx_word' id='word_1_185' title='bbox 719 2133 802 2182; x_wconf 94' lang='lat' dir='ltr'>ille</span> <span class='ocrx_word' id='word_1_186' title='bbox 827 2135 1145 2183; x_wconf 85' lang='lat' dir='ltr'>documenta.</span> 
     </span>
    </p>

    <p class='ocr_par' dir='ltr' id='par_1_4' title="bbox 288 2209 1735 2813">
     <span class='ocr_line' id='line_1_28' title="bbox 358 2209 1733 2274; baseline 0.003 -18"><span class='ocrx_word' id='word_1_187' title='bbox 358 2209 494 2257; x_wconf 90' lang='lat' dir='ltr'>Hinc</span> <span class='ocrx_word' id='word_1_188' title='bbox 522 2218 728 2274; x_wconf 89' lang='lat' dir='ltr'>apparet</span> <span class='ocrx_word' id='word_1_189' title='bbox 752 2211 897 2259; x_wconf 87' lang='lat' dir='ltr'>facile</span> <span class='ocrx_word' id='word_1_190' title='bbox 913 2211 1058 2259; x_wconf 88' lang='lat' dir='ltr'>nobis</span> <span class='ocrx_word' id='word_1_191' title='bbox 1076 2212 1295 2259; x_wconf 87' lang='lat' dir='ltr'>futurum</span> <span class='ocrx_word' id='word_1_192' title='bbox 1312 2212 1462 2261; x_wconf 86' lang='lat' dir='ltr'>fuisse</span> <span class='ocrx_word' id='word_1_193' title='bbox 1481 2212 1733 2260; x_wconf 90' lang='lat' dir='ltr'>cumulare</span> 
     </span>
     <span class='ocr_line' id='line_1_29' title="bbox 288 2286 1733 2352; baseline 0.003 -19"><span class='ocrx_word' id='word_1_194' title='bbox 288 2286 339 2333; x_wconf 91' lang='lat' dir='ltr'>in</span> <span class='ocrx_word' id='word_1_195' title='bbox 354 2293 502 2335; x_wconf 89' lang='lat' dir='ltr'>notas</span> <span class='ocrx_word' id='word_1_196' title='bbox 521 2289 815 2336; x_wconf 85' lang='lat' dir='ltr'>variantium</span> <span class='ocrx_word' id='word_1_197' title='bbox 840 2289 1112 2337; x_wconf 87' lang='lat' dir='ltr'>lectionum</span> <span class='ocrx_word' id='word_1_198' title='bbox 1134 2290 1341 2352; x_wconf 90' lang='lat' dir='ltr'>sylvam,</span> <span class='ocrx_word' id='word_1_199' title='bbox 1365 2298 1414 2338; x_wconf 91' lang='lat' dir='ltr'>et</span> <span class='ocrx_word' id='word_1_200' title='bbox 1431 2291 1733 2347; x_wconf 81' lang='lat' dir='ltr'>diversorum</span> 
     </span>
     <span class='ocr_line' id='line_1_30' title="bbox 291 2362 1734 2430; baseline 0.004 -21"><span class='ocrx_word' id='word_1_201' title='bbox 291 2362 445 2411; x_wconf 81' lang='lat' dir='ltr'>MSS.</span> <span class='ocrx_word' id='word_1_202' title='bbox 467 2371 516 2411; x_wconf 90' lang='lat' dir='ltr'>et</span> <span class='ocrx_word' id='word_1_203' title='bbox 534 2365 781 2413; x_wconf 86' lang='lat' dir='ltr'>editorum</span> <span class='ocrx_word' id='word_1_204' title='bbox 797 2366 1017 2414; x_wconf 89' lang='lat' dir='ltr'>nomina.</span> <span class='ocrx_word' id='word_1_205' title='bbox 1088 2367 1260 2430; x_wconf 88' lang='lat' dir='ltr'>Atque</span> <span class='ocrx_word' id='word_1_206' title='bbox 1280 2367 1331 2414; x_wconf 93' lang='lat' dir='ltr'>id</span> <span class='ocrx_word' id='word_1_207' title='bbox 1352 2368 1557 2415; x_wconf 87' lang='lat' dir='ltr'>fortasse</span> <span class='ocrx_word' id='word_1_208' title='bbox 1575 2367 1734 2430; x_wconf 81' lang='lat' dir='ltr'>magis</span> 
     </span>
     <span class='ocr_line' id='line_1_31' title="bbox 288 2439 1732 2507; baseline 0.004 -21"><span class='ocrx_word' id='word_1_209' title='bbox 288 2439 384 2487; x_wconf 91' lang='lat' dir='ltr'>illis</span> <span class='ocrx_word' id='word_1_210' title='bbox 409 2441 697 2503; x_wconf 89' lang='lat' dir='ltr'>placuisset,</span> <span class='ocrx_word' id='word_1_211' title='bbox 724 2444 904 2507; x_wconf 87' lang='lat' dir='ltr'>quibus</span> <span class='ocrx_word' id='word_1_212' title='bbox 940 2445 1340 2505; x_wconf 89' lang='lat' dir='ltr'>reconditiorem‚</span> <span class='ocrx_word' id='word_1_213' title='bbox 1365 2444 1463 2491; x_wconf 90' lang='lat' dir='ltr'>imo</span> <span class='ocrx_word' id='word_1_214' title='bbox 1494 2444 1732 2492; x_wconf 85' lang='lat' dir='ltr'>horridio-</span> 
     </span>
     <span class='ocr_line' id='line_1_32' title="bbox 291 2518 1734 2580; baseline 0.002 -15"><span class='ocrx_word' id='word_1_215' title='bbox 291 2534 393 2566; x_wconf 87' lang='lat' dir='ltr'>rem</span> <span class='ocrx_word' id='word_1_216' title='bbox 418 2518 698 2566; x_wconf 88' lang='lat' dir='ltr'>doctrinam</span> <span class='ocrx_word' id='word_1_217' title='bbox 726 2521 1032 2580; x_wconf 87' lang='lat' dir='ltr'>jactantibus</span> <span class='ocrx_word' id='word_1_218' title='bbox 1067 2521 1205 2568; x_wconf 89' lang='lat' dir='ltr'>nulla</span> <span class='ocrx_word' id='word_1_219' title='bbox 1231 2529 1305 2568; x_wconf 88' lang='lat' dir='ltr'>est</span> <span class='ocrx_word' id='word_1_220' title='bbox 1330 2521 1623 2568; x_wconf 81' lang='lat' dir='ltr'>amoenitatis</span> <span class='ocrx_word' id='word_1_221' title='bbox 1649 2521 1734 2568; x_wconf 89' lang='lat' dir='ltr'>mi-</span> 
     </span>
     <span class='ocr_line' id='line_1_33' title="bbox 292 2595 1735 2661; baseline 0.002 -19"><span class='ocrx_word' id='word_1_222' title='bbox 292 2611 370 2644; x_wconf 86' lang='lat' dir='ltr'>ca.</span> <span class='ocrx_word' id='word_1_223' title='bbox 440 2595 562 2644; x_wconf 90' lang='lat' dir='ltr'>Non</span> <span class='ocrx_word' id='word_1_224' title='bbox 586 2595 665 2642; x_wconf 91' lang='lat' dir='ltr'>hic</span> <span class='ocrx_word' id='word_1_225' title='bbox 691 2612 751 2642; x_wconf 93' lang='lat' dir='ltr'>ea</span> <span class='ocrx_word' id='word_1_226' title='bbox 768 2596 1077 2647; x_wconf 83' lang='lat' dir='ltr'>inculcamus</span> <span class='ocrx_word' id='word_1_227' title='bbox 1101 2597 1335 2660; x_wconf 82' lang='lat' dir='ltr'>quaejam</span> <span class='ocrx_word' id='word_1_228' title='bbox 1356 2614 1503 2660; x_wconf 87' lang='lat' dir='ltr'>super</span> <span class='ocrx_word' id='word_1_229' title='bbox 1526 2597 1611 2644; x_wconf 91' lang='lat' dir='ltr'>illo</span> <span class='ocrx_word' id='word_1_230' title='bbox 1636 2598 1735 2661; x_wconf 85' lang='lat' dir='ltr'>ple-</span> 
     </span>
     <span class='ocr_line' id='line_1_34' title="bbox 291 2671 1732 2735; baseline 0.001 -17"><span class='ocrx_word' id='word_1_231' title='bbox 291 2671 455 2735; x_wconf 90' lang='lat' dir='ltr'>risque</span> <span class='ocrx_word' id='word_1_232' title='bbox 478 2671 746 2734; x_wconf 83' lang='lat' dir='ltr'>legentium</span> <span class='ocrx_word' id='word_1_233' title='bbox 781 2673 1078 2734; x_wconf 86' lang='lat' dir='ltr'>permolesto</span> <span class='ocrx_word' id='word_1_234' title='bbox 1108 2689 1246 2720; x_wconf 88' lang='lat' dir='ltr'>more</span> <span class='ocrx_word' id='word_1_235' title='bbox 1283 2673 1618 2733; x_wconf 84' lang='lat' dir='ltr'>disseruimus,</span> <span class='ocrx_word' id='word_1_236' title='bbox 1647 2673 1732 2720; x_wconf 90' lang='lat' dir='ltr'>ubi</span> 
     </span>
     <span class='ocr_line' id='line_1_35' title="bbox 292 2747 1731 2813; baseline 0.002 -19"><span class='ocrx_word' id='word_1_237' title='bbox 292 2747 358 2794; x_wconf 88' lang='lat' dir='ltr'>de</span> <span class='ocrx_word' id='word_1_238' title='bbox 380 2754 609 2797; x_wconf 88' lang='lat' dir='ltr'>notarum</span> <span class='ocrx_word' id='word_1_239' title='bbox 645 2748 1013 2796; x_wconf 86' lang='lat' dir='ltr'>concinnatoris</span> <span class='ocrx_word' id='word_1_240' title='bbox 1051 2749 1216 2796; x_wconf 89' lang='lat' dir='ltr'>officio</span> <span class='ocrx_word' id='word_1_241' title='bbox 1255 2751 1538 2813; x_wconf 83' lang='lat' dir='ltr'>agebamus.</span> <span class='ocrx_word' id='word_1_242' title='bbox 1613 2751 1731 2799; x_wconf 92' lang='lat' dir='ltr'>Hoc</span> 
     </span>
    </p>
   </div>
  </div>
 </body>
</html>
