1826 3149
142 211 181 239 U.
194 209 229 239 C.
243 208 315 238 583.

139 253 179 282 A.
194 252 232 282 C.
247 251 317 282 169.

145 881 292 911 Blacedo-

147 923 227 953 niam
243 923 342 963 ingre-

146 966 227 995 ‹litur
242 967 328 996 Mar-

145 1008 220 1039 cius.

352 92 423 125 122

872 87 1015 126 TITI
1056 89 1231 126 LIVII

350 197 512 238 niorum
552 196 754 238 montium
793 197 1042 247 (Volustana
1079 198 1156 253 ipsi
1193 199 1360 252 vocant)
1403 197 1435 221 ¹³
1446 198 1587 239 decem
1627 197 1755 239 millia

350 252 451 294 levis
471 261 695 295 armaturae
718 254 923 309 juvenum
953 269 1047 295 cum
1068 255 1175 296 duce
1196 254 1493 310 Asclepiodoto
1522 253 1668 295 mittit:
1700 255 1754 295 ad

350 311 579 360 castellum,
601 311 716 365 quod
746 324 870 365 super
891 311 1140 352 Ascuridem
1170 312 1365 367 paludem
1390 319 1493 361 erat,
1517 310 1758 366 (Lapathus

350 375 523 408 vocatur
544 367 676 420 locus)
693 366 873 421 Hippias
894 374 1032 407 tenere
1053 368 1205 409 saltum
1225 383 1320 409 cum
1341 367 1561 409 duodecim
1580 366 1757 408 millium

352 424 634 478 Macedonum
680 422 874 478 praesidio
914 423 1069 479 jussus.
1142 425 1239 480 Ipse
1282 439 1377 465 cum
1421 423 1591 479 reliquis
1630 423 1759 479 copiis

350 480 486 543 primo
515 480 622 520 circa
642 479 773 520 Dium
805 479 956 520 stativa
983 480 1144 522 habuit.
1176 481 1340 531 deinde,
1362 481 1465 522 adeo
1492 489 1540 521 ut
1561 480 1761 535 obtorpu-

352 552 430 577 1sse
450 536 569 591 inops
598 535 754 576 consilii
774 535 1000 587 videretur,
1023 552 1118 578 cum
1139 537 1351 593 equitibus
1371 536 1575 593 expeditis
1595 536 1628 561 ¹¹³
1641 536 1762 577 litore

353 608 463 633 nunc
504 591 770 644 Heracleum,
811 607 921 634 nunc
962 593 1111 634 Philan
1157 593 1441 650 percurrebat,
1481 593 1625 634 eodem
1665 592 1762 633 inde

354 664 479 689 cursu
502 649 632 690 Dium
653 658 854 705 repetens.

414 706 503 745 ΙΙΙ.
549 705 723 746 Interim
763 706 919 747 consuli
961 706 1165 749 sententia
1203 708 1318 749 stetit
1358 723 1406 748 eo
1446 706 1555 748 saltu
1595 706 1762 757 ducere,

354 761 386 784 ¹⁵
400 761 472 802 ubi
510 770 682 817 propter
722 763 1003 819 Octolophum
1043 764 1225 806 diximus
1264 764 1373 820 regis
1412 764 1589 805 castra*.
1651 764 1766 803 Prae-

354 817 464 859 mitti
499 826 636 859 tamen
667 828 849 874 quatuor
878 819 1007 861 millia
1040 829 1294 862 armatorum
1325 821 1380 861 ad
1411 821 1501 861 loca
1528 827 1767 875 opportuna

355 876 686 930 praeoccupanda
724 876 905 931 placuit:
949 877 1042 931 quis
1072 877 1287 933 praepositi
1318 885 1416 918 sunt
1452 877 1515 917 M.
1546 875 1765 926 Claudius,

357 932 405 980 Q.
439 932 627 972 Marcius
666 932 846 973 consulis
888 932 1011 974 filius.
1057 933 1274 975 confestim
1313 942 1354 974 et
1393 933 1595 974 universae
1634 932 1767 988 copiae

357 989 650 1043 sequebantur.
712 990 909 1030 Ceterum
939 990 1042 1030 adeo
1071 990 1204 1031 ardua
1223 998 1264 1031 et
1294 1005 1439 1045 aspera
1462 997 1504 1031 et
1524 989 1769 1044 confragosa

357 1045 425 1085 via
443 1044 541 1094 fuit,
562 1052 611 1086 ut
639 1044 842 1108 praemissi
863 1046 1048 1101 expediti
1066 1047 1198 1089 biduo
1218 1046 1455 1102 quindecim
1476 1046 1652 1086 millium
1676 1061 1770 1101 pas-

358 1116 480 1142 suum
501 1116 611 1156 aegre
642 1102 788 1143 ltinere
817 1103 1005 1144 confecto
1025 1111 1159 1145 castra
1187 1103 1427 1158 posuerint:
1460 1103 1493 1126 ¹⁶
1509 1102 1658 1144 turrim
1680 1104 1769 1143 Eu-

358 1157 492 1208 dieru,
525 1173 651 1213 quem
691 1174 849 1215 cepere,
890 1159 1027 1200 locum
1067 1160 1290 1216 adpellant.
1353 1160 1459 1200 Inde
1497 1167 1663 1215 postero
1702 1159 1770 1200 die

359 1223 516 1270 septem
559 1215 691 1256 millia
731 1215 953 1271 progressi,
994 1217 1159 1258 tumulo
1194 1216 1226 1243 ¹7
1238 1217 1353 1258 haud
1396 1215 1544 1272 procul
1586 1215 1769 1257 hostium

359 1271 503 1311 castris
536 1280 674 1327 capto,
705 1272 903 1313 nuncium
935 1273 989 1313 ad
1018 1273 1228 1314 consulem
1262 1273 1506 1315 remittunt:
1532 1279 1770 1326 perventum

358 1329 416 1367 ad
438 1328 585 1368 hostem
605 1343 698 1378 esse,
720 1331 805 1369 loco
823 1344 865 1370 se
883 1335 969 1370 tuto
989 1336 1027 1371 et
1047 1331 1104 1371 ad
1127 1332 1262 1371 omnia
1284 1336 1509 1383 opportuno
1528 1331 1748 1370 consedisse
1753 1352 1770 1377 ,-

358 1391 415 1433 ut,
452 1391 644 1438 quantum
677 1388 888 1426 extendere
927 1388 1007 1427 iter
1029 1394 1180 1440 posset,
1212 1393 1527 1441 consequeretur.
1587 1386 1773 1427 Sollicito

359 1441 532 1491 consuli,
573 1449 615 1483 et
658 1451 830 1498 propter
868 1442 1026 1484 itineris
1065 1444 1369 1495 difficultatem,
1409 1444 1523 1498 quod
1562 1443 1773 1499 ingressus

358 1505 462 1547 erat,
495 1506 537 1539 et
569 1514 712 1539 eorum
746 1499 893 1549 vicem,
926 1515 1031 1556 quos
1070 1515 1225 1556 paucos
1263 1500 1371 1542 inter
1405 1500 1542 1541 media
1579 1499 1773 1556 praesidia

358 1553 541 1595 hostium
561 1556 834 1610 praemiserat,
855 1557 1033 1598 nuncius
1053 1557 1108 1597 ad
1128 1557 1378 1599 Ascuridem
1408 1557 1605 1613 paludem
1624 1557 1774 1597 obcur-

358 1610 425 1651 rit.
485 1611 650 1652 Addita
678 1612 809 1668 igitur
828 1621 870 1653 et
896 1611 974 1668 ipsi
1004 1613 1158 1654 fiducia
1187 1622 1264 1663 est,
1286 1613 1600 1669 conjunctisque
1629 1612 1772 1669 copiis,

357 1675 493 1708 castra
517 1668 696 1718 tumulo,
719 1668 792 1724 qui
823 1670 1059 1720 tenebatur,
1080 1685 1165 1725 qua
1194 1670 1454 1726 aptissimum
1475 1671 1529 1711 ad
1554 1669 1632 1711 loci
1653 1676 1774 1711 natu-

357 1738 445 1763 ram
477 1733 580 1773 erat,
603 1732 700 1766 sunt
730 1725 947 1767 adclinata.
1009 1727 1105 1767 Non
1139 1727 1323 1768 hostium
1353 1726 1478 1767 modo
1507 1735 1656 1776 castra,
1678 1741 1773 1781 quae

357 1780 498 1834 paullo
537 1781 633 1836 plus
672 1781 784 1822 mille
823 1797 1022 1837 passuum
1063 1784 1251 1834 aberant,
1287 1783 1359 1824 sed
1398 1782 1531 1824 omnis
1571 1782 1685 1839 regio
1719 1782 1774 1824 ad

401 1908 440 1938 13
464 1908 571 1938 Decem
593 1907 689 1937 ‘millia
717 1907 784 1937 Ievis
808 1913 971 1938 armatum?
985 1910 1043 1948 ju—

355 1951 475 1990 venum]
509 1951 591 1981 Dele
612 1950 742 1980 otiosam
763 1960 869 1981 vocem
886 1951 1043 1989 juvenum.

358 1992 428 2023 Nisi
455 1993 530 2024 sorte
557 1992 639 2023 illius
661 1992 728 2023 loco
751 1991 809 2022 fuit
831 2003 943 2024 nomen
968 2004 1042 2035 gen-

358 2036 406 2069 tis,
430 2045 623 2076 quaecunque
645 2035 773 2065 tandem
796 2035 850 2065 illa
872 2035 930 2066 sit:
954 2043 989 2067 ut
1012 2037 1044 2067 in

358 2078 454 2108 altero
478 2078 630 2120 praesidio,
656 2082 789 2118 quocum
816 2088 886 2108 mox
913 2078 1045 2121 Hippias

357 2119 470 2151 dicitur
491 2121 595 2162 jussus
617 2126 720 2151 tenere
745 2120 858 2150 saltum
881 2122 921 2152 ad
943 2123 1045 2163 Lapa-

358 2163 479 2198 munta,
506 2163 617 2194 diserte
642 2162 824 2204 exprimitur
849 2163 926 2194 illud
953 2164 1046 2196 fuisse

357 2207 504 2236 dmnleeim
519 2208 645 2236 ‘millium
662 2206 863 2236 RIacedonum.

402 2249 441 2278 14
464 2249 591 2290 Littore]
616 2248 721 2289 Magis
740 2249 877 2289 placeret
895 2259 947 2288 per
965 2250 1043 2280 litto-

356 2302 402 2325 ra,
426 2296 460 2321 ut
484 2291 562 2322 infra
581 2302 610 2323 c.
628 2293 660 2322 4.
690 2291 745 2321 Sed
771 2303 861 2331 quum
886 2294 926 2321 ad
951 2293 1045 2323 Dium

354 2345 408 2371 per
429 2335 529 2365 littora
555 2346 619 2364 cum
643 2335 784 2374 equitibus
804 2341 964 2375 vagaretur
984 2346 1044 2365 ‘rex-

358 2375 504 2407 Libenter
525 2387 648 2418 quoque
674 2387 728 2418 pro
752 2379 939 2416 percum-ebat
960 2378 1043 2419 lege-

357 2428 459 2449 remus
473 2421 616 2450 mirrebat.

401 2462 440 2491 15
467 2461 524 2491 Ubi
556 2468 674 2501 propter
702 2461 888 2501 Octolophmn
922 2464 1046 2493 diximus

358 2505 434 2545 regis
469 2505 580 2545 castra]
626 2503 756 2544 Subjieit
796 2504 938 2545 Sigonius
973 2506 1045 2535 Phi-

360 2547 432 2585 lippi
446 2545 553 2587 fuisse,
578 2552 609 2577 et
636 2546 779 2577 lectorem
805 2547 932 2577 remittit
958 2547 997 2578 ad
1024 2548 1047 2579 l.

362 2589 488 2619 XXXI.
526 2588 578 2619 ubi
616 2599 722 2619 revera
756 2590 904 2630 reperitur
942 2601 1047 2631 pugna

362 2631 511 2671 equestris
533 2631 571 2662 ad
596 2631 803 2672 Octolophuin
825 2632 904 2663 inter
928 2633 1046 2674 Philip-

363 2685 437 2715 pum
472 2684 583 2714 regem,
619 2680 651 2704 et
687 2674 855 2715 Sulpicium
891 2676 1047 2705 consulem

365 2717 554 2747 Romanum.
597 2715 656 2747 Sed
684 2717 708 2746 si
731 2717 799 2756 quis
821 2722 918 2747 totam
943 2728 1046 2747 narra-

365 2759 479 2790 tionem
502 2770 601 2790 rerum
625 2759 791 2800 aSulpicio
814 2760 959 2790 adversus
974 2760 1046 2790 Phi-

366 2801 481 2842 lippum
522 2808 675 2842 gcstarum
714 2801 821 2832 scdulo
857 2802 1047 2843 expenderit,

365 2844 453 2874 facile
484 2845 702 2875 animadvertet
735 2845 941 2885 Octolophum
972 2844 1048 2875 libro

1087 1909 1213 1939 XXXI.
1235 1914 1437 1939 memoratum
1461 1908 1501 1939 ad
1522 1907 1685 1939 occiduum
1698 1908 1772 1939 Ma-

1085 1951 1222 1982 cedoniae
1253 1951 1335 1982 latus
1365 1952 1457 1982 situm
1486 1951 1589 1985 fuisse,
1618 1961 1654 1981 ac
1684 1950 1775 1991 longe

1087 1993 1221 2025 abfuisse
1243 1994 1282 2024 ab
1298 1995 1461 2029 Heracleo,
1475 1999 1507 2024 et
1529 1993 1632 2028 Phila,
1647 1998 1678 2023 et
1699 1993 1773 2028 Dio,

1087 2047 1156 2077 quae
1199 2036 1298 2078 prima
1334 2037 1528 2068 Macedoniae
1571 2036 1686 2077 oppida
1724 2035 1774 2066 hic

1088 2079 1210 2110 Marcio
1244 2090 1261 2110 e
1299 2079 1384 2120 jugis
1424 2080 1565 2121 degresso
1603 2083 1776 2109 occurrunt.

1088 2122 1148 2153 Vel
1171 2122 1263 2163 igitur
1285 2121 1400 2164 duplex
1422 2122 1509 2153 locus
1533 2121 1590 2152 fuit
1611 2120 1664 2162 qui
1680 2121 1775 2152 Octo-

1088 2163 1172 2206 lophi
1194 2175 1306 2195 nomen
1328 2166 1464 2200 haberet,
1481 2165 1558 2195 alter
1574 2164 1607 2194 in
1623 2164 1775 2194 Dassare-

1088 2207 1148 2244 tiis,
1177 2208 1255 2238 alter
1282 2208 1313 2237 in
1346 2207 1458 2238 finibus
1486 2206 1689 2244 Perrhaebiae3
1725 2206 1775 2237 vel

1088 2250 1137 2281 hic
1165 2250 1311 2280 mendum
1337 2249 1565 2291 agnoscendum
1592 2253 1650 2279 est.
1695 2250 1775 2285 Quae

1088 2293 1209 2328 desunt,
1224 2293 1346 2334 explere
1366 2303 1426 2323 non
1448 2297 1615 2323 tentamus
1657 2291 1776 2322 Tamen

1087 2346 1188 2377 regem
1199 2335 1287 2375 cujus
1301 2334 1351 2365 hic
1364 2334 1478 2365 mentio
1490 2334 1534 2370 fit,
1550 2334 1652 2376 potius
1662 2334 1777 2365 Persea

1088 2379 1180 2409 fuisse
1195 2377 1358 2412 credimus,
1374 2388 1466 2419 quarn
1483 2377 1672 2419 Philippum.

1133 2421 1171 2452 16
1196 2420 1314 2450 T-uwvim
1339 2420 1487 2460 Eudiem]
1519 2419 1550 2450 Si
1573 2419 1648 2449 nihil
1677 2424 1723 2449 est
1744 2418 1776 2449 in

1088 2463 1145 2494 hoc
1183 2463 1305 2493 nomine
1340 2462 1416 2498 vitii,
1455 2462 1594 2502 intellige
1631 2462 1775 2492 Graecum

1088 2516 1155 2537 esse
1169 2505 1353 2536 vocabulum
1375 2505 1406 2535 in
1429 2503 1527 2546 patrio
1545 2514 1630 2539 casu,
1648 2502 1775 2546 εὐδιιροῦ.

1090 2547 1185 2591 Asse&
1210 2548 1366 2578 humidus.
1411 2548 1522 2588 Itaque
1549 2547 1639 2578 turris
1663 2545 1780 2589 εόδιεραιῖ

1090 2591 1173 2621 dicta
1198 2590 1288 2621 suerit
1311 2591 1350 2620 ab
1377 2590 1556 2620 amoenitate
1582 2596 1613 2621 et
1638 2590 1777 2620 bonitate

1090 2644 1250 2674 aquarum.

1135 2677 1171 2706 17
1214 2676 1306 2705 Haud
1348 2676 1450 2713 procul
1494 2677 1614 2705 hostiam
1657 2675 1775 2715 castris]

1093 2722 1201 2749 Castra
1214 2718 1268 2748 illa
1283 2718 1415 2748 hostium
1437 2718 1574 2758 intellige
1600 2716 1774 2759 praesidium

1092 2761 1301 2792 Macedonum
1332 2760 1380 2791 cui
1413 2767 1540 2803 praeerat
1569 2759 1710 2803 Hippias,
1741 2764 1775 2790 ut

1093 2809 1177 2845 patet
1192 2815 1229 2835 ex
1244 2814 1271 2834 c.
1287 2813 1348 2845 seq.
