1831 3194
423 104 455 141 L
472 103 487 142 1
504 104 547 140 Β.
577 102 698 140 XLV.
745 103 774 140 C
789 102 822 139 A
841 102 880 138 P.
913 100 1126 139 XXXVII.
1407 104 1482 144 207

127 212 381 254 XXXVII.
416 214 529 253 Tum
556 211 777 253 Servilius:
814 212 997 259 Quantus
1027 211 1250 263 imperator
1276 209 1328 249 L.
1353 211 1482 250 AEmi-
1497 223 1537 254 U.
1554 222 1590 253 C.
1603 223 1676 253 585.

65 271 302 323 liusfuerit,
324 271 515 317 Quirites,
530 270 567 310 si
587 284 635 309 ex
655 270 743 309 alia
764 283 808 308 re
829 270 941 308 nulla
962 268 1160 308 (estimari
1177 268 1318 319 possit,
1333 268 1394 307 vel
1412 268 1484 307 hoc
1497 266 1535 295 A.
1550 266 1675 314 (3:267-

65 329 167 368 satis
187 334 289 376 erat,
305 329 421 381 quod,
441 341 556 380 quum
577 333 658 367 tam
680 327 890 367 seditiosos
910 332 947 365 et
968 327 1069 366 leves
1090 326 1251 375 milites,
1267 331 1349 364 tam
1370 325 1483 364 nobi·
1496 309 1696 382 Εζῑζζιζζῗξλ

64 385 153 433 lem,
168 391 248 426 tam
263 385 530 432 temerarium,
545 390 627 424 tam
642 385 882 437 eloquentem
898 384 954 422 ad
970 383 1246 436 instigandam
1260 383 1483 422 multitudi-
1499 363 1624 436 nmium.

66 456 152 482 nem
174 444 376 482 inimicum
399 443 441 481 in
462 443 608 482 castris
628 441 804 488 baberet,
823 441 973 480 nullam
992 442 1034 480 in
1056 440 1231 480 exercitu
1250 441 1485 480 seditionem

65 499 221 540 habuit.
268 499 424 540 Eadem
445 500 638 539 severitas
659 499 837 552 imperii,
854 512 971 551 quam
995 512 1099 538 nunc
1115 498 1297 546 oderunt,
1312 503 1407 537 tunc
1422 512 1487 538 eos

65 557 275 597 continuit.
338 557 498 610 Itaque,
516 557 687 609 antiqua
702 556 921 608 disciplina
943 555 1088 603 habiti,
1110 554 1274 608 ⁷4neque
1277 555 1485 609 fecerunt.

67 615 152 655 Ser.
167 615 323 668 quidem
341 613 492 661 Galba,
504 614 541 654 si
554 615 596 653 in
612 614 666 654 L.
676 614 828 654 Paullo
840 614 1065 653 accusando
1078 613 1309 653 tirocinium
1318 626 1484 664 ponere,

66 677 105 712 et
125 673 392 711 documentum
410 672 649 724 eloquentioe
663 672 764 711 dare
784 671 922 719 voluit,
940 684 1021 709 non
1041 670 1284 722 triumphum
1302 671 1488 722 inpedire

65 728 215 778 debuit,
238 743 362 782 quem,
385 729 422 769 si
451 729 558 769 nihil
586 729 714 777 aliud,
737 734 899 768 senatus
914 726 1070 780 justum
1092 742 1171 767 esse
1191 726 1458 780 judicaverat
1472 744 1485 768 :

63 787 134 827 sed
151 785 184 812 ⁷⁵
190 792 354 839 postero
367 787 447 834 die,
463 800 580 840 quam
597 786 885 838 triumphatum
901 791 970 836 est,
983 786 1190 838 privatum
1207 790 1312 824 eumc
1332 786 1487 825 visurus

66 850 176 893 esset,
195 858 333 884 nomen
349 844 538 898 deferret,
554 850 592 884 et
607 843 759 898 legibus
775 844 1070 896 interrogaret‚·
1100 849 1171 882 aut
1186 843 1313 883 serius
1326 843 1485 894 paullo,

65 915 182 955 quum
197 902 374 955 primum
395 903 657 955 magistratus
678 901 763 954 ipse
782 901 960 954 cepisset,
975 901 1078 940 diem
1100 901 1264 950 diceret,
1282 900 1487 940 inimicum

65 960 123 998 ad
142 960 330 1012 populum
351 965 572 999 accusaret.
634 958 700 998 Ita
722 964 761 998 et
785 959 961 1010 pretium
983 964 1088 997 recte
1100 958 1219 1011 fitcti
1242 957 1486 1009 triumphum

66 1016 231 1056 liaberet
252 1017 305 1056 L.
324 1017 498 1056 Paullus
511 1030 593 1069 pro
614 1016 774 1069 egregie
794 1015 894 1055 bello
910 1021 1045 1068 gest0;
1079 1021 1117 1054 et
1131 1029 1310 1067 poenam,
1332 1016 1369 1054 si
1388 1015 1489 1067 quid

66 1079 106 1113 et
125 1080 255 1114 vetere
276 1074 415 1127 gloria
436 1087 508 1114 sua
529 1079 568 1113 et
588 1087 691 1114 nova
714 1072 1120 1126 indignumfivisset.
1181 1072 1261 1112 Sed
1286 1073 1485 1120 videlicet,

64 1129 171 1171 ⁷⁶cui
181 1132 331 1171 crimen
345 1132 507 1179 null-um,
523 1128 694 1171 nullum‘¹
698 1129 892 1182 probrum
907 1130 1039 1169 dicere
1044 1134 1227 1182 poterat,
1241 1127 1323 1182 ejus
1335 1127 1487 1168 obtrec-

67 1194 158 1230 tare
172 1189 311 1228 laudes
327 1189 463 1229 voluit.
507 1189 631 1229 Diem
653 1188 850 1242 integrum
866 1187 1050 1227 hesterno
1065 1187 1132 1226 die
1146 1187 1203 1226 ad
1221 1187 1486 1226 accusandum

66 1246 122 1287 L.
147 1246 337 1286 Paullum
369 1246 494 1299 petiit
507 1263 520 1285 .·
552 1251 725 1299 quatuor
754 1245 890 1295 horas,
920 1250 1111 1298 quantum
1143 1250 1353 1296 supererat
1388 1244 1487 1294 diei,

66 1304 234 1344 dicendo
254 1302 459 1344 absumsit.
524 1302 627 1347 Quis
646 1316 829 1356 umquam
860 1308 942 1343 tam
973 1315 1115 1342 nocens
1141 1315 1232 1342 reus
1244 1301 1355 1355 ficit,
1378 1299 1487 1354 cujus

67 1361 170 1402 vitia
186 1361 282 1402 vz'tae
296 1366 356 1401 tot
375 1361 489 1401 horis
504 1362 686 1414 expromi
700 1374 780 1400 non
797 1362 988 1413 possent?
1017 1359 1129 1407 Quid
1149 1359 1313 1399 interim
1328 1357 1484 1411 objecit,

65 1419 173 1472 quod
193 1417 244 1459 L.
268 1419 449 1467 Paullus,
472 1419 510 1458 si
528 1433 705 1459 caussam
728 1418 853 1468 dicat,
876 1423 1061 1471 negatum
1083 1417 1213 1457 velit?
1248 1417 1367 1456 Duas
1386 1416 1488 1455 mihi

67 1476 219 1529 aliquis
239 1477 444 1516 conciones
456 1489 681 1528 parumper
683 1475 831 1528 faciat
844 1489 857 1513 .-
879 1488 998 1513 unam
1015 1474 1184 1513 militum
1198 1473 1487 1513 Macedonico-

66 1546 153 1574 rum
168 1554 182 1579 ;
208 1546 358 1586 puram
379 1534 566 1582 alteram,
588 1532 825 1586 integrioris
826 1530 997 1584 judicii,
1019 1530 1097 1570 πει
1118 1545 1144 1570 a
1149 1530 1305 1583 favore
1325 1535 1363 1570 et
1379 1530 1486 1578 odio,

66 1591 253 1631 universo
259 1588 478 1643 judicante
494 1590 643 1643 populo
658 1590 858 1630 Romano.
918 1588 1045 1641 Apud
1063 1588 1287 1628 concionem
1308 1593 1488 1641 togatam

67 1653 106 1688 et
122 1647 317 1687 urbanam
332 1648 453 1700 prius
466 1646 597 1687 7⁸reus
612 1653 776 1700 agatur.
811 1646 921 1693 Quid
939 1646 1051 1698 apud
1069 1644 1252 1692 Quirites
1268 1645 1486 1693 Romanos,

73 1705 158 1745 Ser.
185 1704 334 1755 Galba,
351 1705 501 1746 diceres
519 1707 539 1742 ?
570 1703 687 1744 ⁷⁹illa
708 1704 813 1744 enim
834 1703 912 1743 tibi
931 1709 1018 1743 tota
1038 1702 1194 1743 abscisa
1215 1702 1348 1742 oratio
1369 1707 1487 1742 esset.-

69 1766 98 1788 “
120 1763 165 1802 in
184 1762 360 1802 statione
378 1763 551 1803 severius
567 1767 604 1802 et
626 1761 821 1802 intentius
841 1761 1032 1801 institisti
1044 1782 1059 1806 ‚·
1082 1759 1240 1813 vigilite
1253 1759 1436 1799 acerbius
1451 1765 1490 1799 et

70 1823 98 1846 “
119 1819 356 1874 diligentius
370 1820 586 1861 circumitoe
603 1825 696 1859 sunt
702 1841 716 1865 ,·
740 1817 914 1871 ⁸⁰operis
926 1819 1035 1870 plus,
1051 1831 1169 1870 quam
1186 1822 1324 1867 antea,
1325 1816 1487 1870 fecisti,

69 1881 99 1903 “
118 1891 234 1931 quum
257 1877 342 1930 ipse
357 1878 580 1931 imperator
595 1883 633 1918 et
648 1882 811 1918 exactor
829 1876 1058 1917 circumit-es
1071 1896 1086 1921 ;
1111 1875 1243 1915 eodem
1265 1875 1332 1914 die
1351 1880 1391 1914 et
1411 1874 1491 1914 iter

373 1979 388 1998 Ε
403 1987 468 2007 eum
483 1977 503 2007 l.
517 1988 583 2007 cum
599 1977 696 2008 Gron.
712 1977 806 2008 Crev.
892 1975 908 1999 d
924 1975 1072 2018 [nullum]
1091 1974 1182 2006 Crev.

115 2064 157 2094 74
181 2062 281 2103 Neque
298 2062 456 2104 ficerunt]
495 2062 651 2094 Rescribit
677 2062 757 2094 -Alb,

73 2105 248 2142 Rubenius,
274 2104 460 2137 assentiente
490 2106 657 2142 Gronovio,
686 2112 758 2137 tunc

73 2151 261 2189 quieverunt:
288 2159 358 2190 quae
383 2148 560 2190 conjectura
585 2159 622 2180 eo
647 2150 756 2190 proba-

71 2191 162 2223 bilior
186 2197 243 2228 est,
271 2191 351 2233 quod
386 2190 534 2233 praecedit
563 2202 620 2222 vox
654 2193 757 2227 habiti,

72 2234 161 2276 cujus
191 2235 261 2265 duae
297 2235 415 2265 ultimae
448 2234 558 2264 litterae
593 2239 760 2276 potuerunt

73 2278 237 2309 absorbere
252 2277 329 2308 duas
343 2287 362 2308 a
373 2277 487 2319 quibus
499 2276 609 2318 incipit
623 2284 706 2308 tunc.

116 2321 157 2352 75
182 2321 298 2351 Postero
334 2322 381 2351 die
422 2332 508 2361 quam
546 2322 760 2360 triumphatum

72 2369 124 2399 est,
148 2366 297 2403 privatum
323 2375 413 2403 quum
440 2365 555 2394 visui-us
576 2364 660 2404 esset]
694 2363 759 2394 Re-

73 2406 176 2447 posuit
193 2406 336 2448 Sigonius
360 2418 427 2436 cum
453 2417 507 2448 pro
529 2417 605 2437 eum.
650 2406 711 2437 Sed
728 2411 760 2437 et

74 2454 162 2480 muta
186 2460 257 2481 cum
282 2448 438 2481 Gronovio
459 2455 500 2480 est
524 2449 557 2480 in
580 2456 625 2479 et:
648 2455 759 2489 postero

72 2492 120 2522 die
133 2503 220 2532 quam
243 2493 466 2532 triumphatum,
479 2500 507 2522 et
526 2493 676 2532 privatum
692 2503 759 2522 cum

72 2535 188 2566 visurus
201 2542 279 2567 esset.

117 2577 159 2607 76
183 2578 240 2608 Cui
265 2579 374 2609 crimen
399 2578 528 2612 nullum,
551 2578 670 2608 nullum
690 2588 757 2617 pro-

76 2619 161 2650 brum
195 2622 290 2652 dicere
322 2621 452 2661 poterut]
499 2620 628 2650 Nullum
663 2620 759 2651 semel

75 2665 197 2695 tantum
219 2663 251 2694 in
264 2669 385 2694 vetusto
407 2662 515 2694 codice
530 2669 607 2694 erat.
652 2663 760 2694 Gemi-

76 2704 162 2735 navit
183 2704 335 2746 Sigonius.
379 2706 441 2738 Sed
466 2711 497 2737 et
520 2706 684 2737 mallemus
708 2717 759 2736 cu-

64 2749 121 2786 jus
131 2748 249 2779 nullum
262 2750 381 2779 crimen.

122 2791 162 2820 77
188 2790 227 2820 Et
249 2791 387 2832 afavore
408 2799 436 2823 et
457 2793 536 2834 odio]
573 2791 720 2833 Legimus
733 2798 761 2822 et

76 2832 209 2874 aflzvo‘re
222 2840 248 2863 et
263 2835 298 2864 ab
311 2835 384 2864 odio.

121 2876 161 2906 78
185 2876 263 2908 Reus
277 2877 401 2917 agatur]
430 2877 526 2910 Haud
541 2876 691 2912 videmus,
707 2886 761 2908 cur

802 2062 860 2093 hoc
886 2061 1076 2103 displicuerit
1102 2061 1240 2095 Mureto,
1264 2059 1317 2101 qui
1343 2059 1489 2092 dubitan-

802 2111 847 2136 ter
875 2105 1013 2146 quidem,
1043 2104 1097 2135 sed
1131 2108 1236 2134 tamen
1267 2102 1408 2144 subjicit:
1445 2115 1491 2134 res

801 2155 920 2189 agatur.
967 2147 1018 2177 Sic
1050 2146 1115 2188 agit
1145 2146 1203 2176 hoc
1233 2145 1300 2176 loco
1329 2146 1489 2181 Servilius,

802 2190 891 2232 quasi
910 2190 1039 2221 Paullus
1062 2200 1081 2220 a
1101 2189 1205 2220 Galba
1229 2194 1426 2220 accusaretur
1450 2189 1490 2220 ad

802 2234 960 2276 populum.

846 2278 886 2307 79
910 2276 927 2294 ⁸
940 2277 999 2306 Illa
1012 2276 1104 2316 enim]
1134 2275 1308 2305 Pronomen
1331 2276 1383 2305 illa
1398 2274 1489 2305 intel-

803 2319 858 2361 ligi
874 2319 967 2350 debet
982 2319 1020 2349 de
1034 2318 1072 2348 iis
1085 2328 1156 2359 quae
1171 2323 1352 2358 sequuntur.
1374 2319 1490 2348 Sensus

804 2368 867 2393 est:
899 2362 965 2403 jam
993 2360 1070 2392 nihil
1100 2360 1225 2391 omnino
1247 2360 1365 2391 diceres
1390 2371 1426 2391 ex
1452 2360 1490 2391 iis

803 2416 875 2447 quae
905 2416 976 2436 mox
1006 2409 1230 2435 memoraturus
1257 2413 1342 2433 sum:
1378 2403 1490 2434 frustra

802 2447 834 2479 in
848 2458 919 2479 eum
936 2448 1002 2478 haec
1018 2447 1157 2488 jaceres:
1184 2448 1215 2476 in
1230 2448 1352 2477 statione
1365 2448 1490 2477 severius

801 2499 830 2522 et
842 2493 1014 2533 diligentins
1028 2492 1146 2524 institit,
1161 2494 1221 2520 etc.

845 2535 887 2565 80
912 2534 1013 2573 Operis
1037 2535 1115 2573 plus,
1138 2544 1225 2573 quam
1253 2539 1350 2567 antea,
1373 2533 1488 2574 fecisti,

802 2588 891 2617 iprum
922 2578 981 2616 ipse
1016 2577 1171 2616 imperator
1197 2597 1206 2605 .
1231 2597 1239 2606 .
1266 2597 1276 2605 .
1303 2575 1487 2614 circumires]

803 2620 881 2651 Toto
905 2619 962 2650 hoc
984 2619 1016 2650 in
1036 2619 1103 2650 loco
1126 2617 1245 2659 aliquid
1264 2617 1407 2649 vitiatum
1430 2622 1487 2647 est.

804 2664 884 2700 Quae
909 2662 992 2693 enim
1013 2661 1046 2692 in
1068 2661 1206 2692 secunda
1228 2671 1360 2702 persona
1380 2659 1489 2689 dicun-

803 2710 865 2745 tur,
881 2705 944 2736 alia
962 2704 1002 2736 ad
1025 2705 1240 2747 imperatorem
1262 2707 1412 2745 spectant,
1428 2701 1491 2732 alia.

805 2748 845 2778 ad
888 2748 1029 2778 militem.
1096 2745 1257 2777 Libentius
1300 2750 1491 2774 mutaremus

805 2792 900 2822 verba
922 2791 962 2822 ad
984 2790 1200 2833 imperatorem
1224 2785 1422 2829 pertinentia,
1445 2786 1490 2817 le-

804 2844 1026 2876 geremusque:
1063 2833 1180 2866 institit,
1210 2831 1387 2867 circumiret,
1415 2831 1488 2861 duc-

805 2883 851 2908 tus
864 2888 903 2908 es.
