1831 3194
510 128 630 163 LlB.
665 125 792 162 XLll.
843 125 971 162 CAP.
1006 126 1106 161 mx:

1467 133 1509 164 Sl

96 233 178 276 acri
208 250 407 276 concursu
440 235 490 276 ad
521 244 667 298 portas
698 242 952 275 armatorum
991 244 1050 275 est
1087 233 1300 290 repulsus:
1348 245 1513 293 postero
1533 248 1706 278 [mu-581.

94 291 163 332 die
193 293 384 334 omnibus
425 292 552 348 copiis
595 292 783 340 adortus,
815 290 901 332 83ἰιι
944 290 1197 333 deditionem
1239 306 1379 332 onmes
1420 302 1513 335 ante
1529 291 1703 321 A.(1.l71.

96 358 256 390 noctem
280 349 447 405 aceepit.

155 406 271 447 LIV.
306 406 454 463 Mylae,
478 406 712 463 proximum
748 406 967 463 oppidum,
989 406 1047 446 ita
1082 406 1305 455 munitum,
1332 414 1375 447 ut
1403 406 1515 446 inex-

94 462 338 519 superabilis
370 464 614 505 munimenti
657 479 748 520 spes
790 463 942 503 incolas
984 462 1202 503 ferociores
1233 463 1400 510 faceret,
1433 478 1512 503 non

90 528 233 581 portas
265 519 457 561 claudere
490 521 576 576 regi
611 521 709 562 satis
741 520 995 570 habuerunt,
1019 520 1089 560 sed
1111 519 1312 575 ⁸⁴pr0bris
1345 535 1514 576 quoque

92 591 133 616 m
154 576 290 632 ipsum
327 578 664 634 Macedonasque
699 577 942 634 procacibus
970 576 1143 632 jaculati
1179 586 1287 618 sunt.
1311 592 1408 632 quae
1435 593 1512 627 res,

123 647 224 674 uum
260 633 512 676 infestiorem
546 635 706 676 hostem
741 634 792 675 ad
827 633 1157 690 obpugnandum
1192 633 1369 683 fecisset,
1405 633 1514 689 ipsos

91 648 377 746 desperatione
398 692 530 732 veniae
552 692 605 732 ad
627 692 805 733 tuendos
837 706 923 732 sese
944 690 1078 731 acrius
1099 690 1298 732 accendit.
1362 691 1513 746 Itaque

89 761 163 803 per
185 748 374 790 triduum
396 749 636 805 ingentibus
659 749 870 804 utrimque
892 747 1038 789 animis
1059 756 1099 789 et
1121 748 1378 803 obpugmatae
1400 758 1511 798 sunt,

89 811 131 844 et
153 804 347 846 defensae.
411 803 650 848 Multitudo
685 806 967 846 Macedonum
1001 805 1053 845 ad
1088 805 1353 845 subeundum
1387 805 1426 845 in
1455 805 1514 846 vi-

89 875 176 901 cem
197 863 393 918 proelium
415 863 529 904 haud
558 863 781 904 diffieulter
814 862 1084 903 succedebat:
1118 861 1362 918 oppidanos,
1387 861 1511 911 diem,

89 926 253 960 noctem
300 920 465 961 eosdem
506 928 670 962 tuentes
711 919 877 970 moenia,
919 934 998 960 non
1042 918 1215 959 vulnera
1260 919 1399 968 modo,
1441 919 1513 960 sed

89 974 214 1016 etiam
236 977 389 1033 vigiliae
411 986 451 1018 et
473 977 686 1019 continens
708 977 825 1017 labor
845 976 1099 1017 conficiebat.
1123 985 1276 1031 quarto
1296 976 1362 1016 die
1379 987 1513 1032 quum

89 1038 131 1072 et
165 1033 286 1074 scalae
319 1034 506 1090 undiquc
539 1035 591 1075 ad
621 1048 761 1074 muros
795 1032 1069 1088 erigerentur,
1092 1041 1131 1072 et
1155 1041 1276 1087 porta
1295 1032 1336 1072 vi
1358 1034 1514 1088 majore

90 1088 434 1146 obpugnaretur3
480 1089 678 1147 oppidani
713 1087 875 1146 depulsi
897 1089 1027 1130 muris
1048 1088 1100 1129 ad
1123 1098 1286 1144 portam
1316 1090 1514 1130 tuendam

89 1156 359 1197 concurrunt,
397 1147 742 1204 eruptionemque
782 1146 1040 1203 repentinam
1081 1145 1122 1186 in
1163 1145 1303 1187 hostes
1342 1145 1514 1188 faciunt.

89 1216 188 1258 quae
220 1219 352 1259 quum
382 1205 454 1245 irae
489 1206 622 1261 magis
654 1204 916 1254 inconsultae,
953 1219 1079 1259 quam
1113 1217 1221 1243 vcra?
1257 1199 1425 1244 fiduciae
1459 1204 1517 1244 vi-

90 1260 200 1301 rium
233 1269 354 1311 esset,
376 1261 499 1318 pauci
521 1269 562 1303 et
592 1261 689 1303 fessi
706 1261 759 1302 ab
790 1260 962 1317 integris
991 1260 1101 1317 pulsi
1133 1268 1251 1316 terga
1280 1260 1514 1309 dederunt3

88 1316 382 1375 fugientesque
411 1334 486 1375 per
516 1326 729 1374 patentem
759 1327 923 1376 portani
954 1318 1092 1358 hostes
1124 1326 1385 1373 acceperunt.
1449 1319 1519 1359 Ita

88 1382 212 1430 capta
232 1376 333 1417 urbs
354 1390 401 1417 ac
428 1376 594 1432 direpta
614 1384 687 1417 est.
711 1375 840 1417 libera
861 1391 1030 1432 quoque
1066 1389 1253 1430 corpora,
1277 1373 1374 1430 quae
1396 1375 1517 1416 caedi-

88 1431 169 1472 bus
200 1432 516 1488 superfuerunt,
547 1433 812 1473 venumdata.
876 1432 1032 1472 Diruto
1063 1446 1214 1485 magna
1244 1446 1293 1470 cx
1326 1440 1445 1487 parte
1476 1440 1517 1472 et

88 1487 255 1530 incenso
286 1489 443 1545 oppido
476 1490 704 1545 profectus,
726 1489 780 1529 ad
809 1489 1068 1529 Phalannam
1101 1495 1236 1527 castra
1256 1487 1410 1528 movit:
1455 1488 1516 1528 in-

89 1544 143 1586 de
174 1554 342 1602 postero
372 1547 440 1587 die
473 1547 707 1601 Gyrtonem
738 1545 938 1600 pervenit.
1003 1545 1097 1594 Quo
1127 1559 1259 1599 quum
1294 1545 1347 1584 T.
1373 1545 1517 1585 Minu-

91 1601 201 1643 cium
225 1603 389 1644 Rufum
412 1611 453 1644 et
477 1602 695 1658 Hippiam,
716 1602 1013 1642 Thessalorum
1037 1609 1276 1656 praetorem,
1294 1616 1388 1642 eum
1411 1615 1528 1657 prae-*

91 1658 196 1700 sidio
228 1659 402 1701 intrasse
434 1659 672 1715 accepisset,
696 1674 746 1699 ne
783 1665 944 1700 tentata
981 1657 1151 1714 quidem
1187 1657 1516 1713 obpugnatione,

90 1724 428 1773 praetergressus,
469 1715 693 1757 ⁸⁵Elatiam
735 1724 776 1756 et
815 1716 1030 1765 Gonnum,
1067 1713 1268 1770 perculsis
1301 1714 1519 1771 'inopinato

92 1769 279 1814 adventu
320 1773 556 1830 oppidanis,
598 1772 764 1829 recepit.
838 1773 1034 1827 Utraque
1068 1770 1224 1826 oppida
1252 1770 1296 1827 „in
1326 1771 1520 1812 faucibus

91 1839 203 1881 sunt,
226 1844 323 1886 quae
347 1831 509 1886 Tempe
531 1829 713 1878 adeunt3
746 1829 878 1885 magis
898 1830 1087 1870 Gonnus.
1110 1828 1253 1882 itaque
1276 1836 1315 1868 et
1337 1828 1519 1869 firmiore

90 1885 136 1928 id
166 1887 363 1951 praesidio
393 1896 536 1929 tutum
567 1887 757 1943 equitum
789 1886 1080 1942 peditumque,
1103 1884 1157 1925 ad
1190 1884 1267 1924 hoc
1304 1885 1415 1925 fOssa
1448 1885 1520 1925 tri-

90 1943 188 2000 p1i'c1
220 1960 267 1986 ac
300 1944 409 1985 vallo
441 1944 668 1993 munitum,
690 1943 871 1999 reliquit.
936 1944 1049 1998 Ipse,
1078 1941 1132 1982 ad
1169 1940 1392 1996 Sycurium
1425 1957 1521 1998 pro-

91 2008 272 2055 gressus,
304 2001 485 2058 opperiri
527 2000 584 2041 ibi
614 2000 798 2042 hostium
835 2000 1063 2041 adventum
1097 1997 1269 2039 statuit:
1324 1997 1445 2038 simul
1478 2006 1519 2039 et

92 2057 341 2100 frumentari
380 2058 533 2114 passim
575 2057 803 2099 exercitum
839 2057 963 2112 jubet
1003 2055 1045 2095 in
1099 2055 1288 2109 subjecto
1334 2054 1519 2096 hostium

92 2122 205 2171 agro.
234 2130 415 2171 namque
439 2113 662 2171 Sycurium
684 2122 745 2156 est
768 2114 845 2155 sub
867 2113 1077 2154 radicibus
1100 2112 1217 2151 Ossae
1239 2111 1402 2152 montis.
1435 2127 1521 2167 qua

93 2171 136 2213 in'
162 2172 377 2216 meridiem
404 2171 555 2227 vergit,
578 2172 787 2227 subjectos
817 2170 946 2212 habet
980 2168 1211 2210 Thessaliae
1233 2183 1422 2224 campos:
1467 2169 1520 2209 ab

829 2290 941 2321 habet:
992 2300 1029 2320 ac
1066 2288 1158 2320 facile
1194 2288 1417 2320 crediderimus
1450 2298 1519 2322 eam

828 2334 910 2364 male
945 2338 1051 2363 natam
1082 2342 1148 2362 esse
1178 2342 1216 2363 ex
1247 2332 1422 2380 propinqua
1444 2343 1520 2363 voce

94 2292 221 2334 sit‘legi‘
239 2298 369 2329 commis,
385 2298 461 2334 quae
480 2284 587 2323 infelix
609 2289 786 2322 emendatio

93 2337 258 2379 plerosque
290 2336 389 2367 editos
427 2334 604 2377 occupavit.
663 2333 786 2375 Perspi-

95 2389 188 2410 cuum
201 2385 309 2410 tamen
324 2385 371 2410 est
384 2378 483 2420 primo
502 2378 580 2409 nihil
595 2377 698 2408 minus
712 2387 785 2407 con-

95 2422 200 2454 venire
224 2422 298 2458 huic
321 2422 400 2458 loco,
426 2432 519 2463 quam
543 2420 673 2452 verbum
699 2431 786 2450 cona-

95 2468 152 2496 tiis
208 2464 285 2496 Non
305 2465 387 2496 enim
412 2463 554 2507 Cyretias
576 2464 708 2494 Perseus
731 2473 785 2504 op-

95 2512 377 2550 pu'g‘naressconatus
392 2512 450 2544 est,
466 2508 520 2538 sed
542 2511 575 2537 et
595 2505 787 2547 oppugnavit

96 2561 214 2587 revera,
238 2556 269 2581 et
291 2551 385 2593 cepit.
444 2550 570 2581 Deinde
593 2559 654 2579 non
685 2549 787 2579 minus

96 2593 216 2624 clarum
244 2599 303 2630 est,
340 2594 469 2624 verbum
496 2598 611 2624 coactus
646 2591 697 2622 hic
732 2602 786 2633 ap-

97 2636 196 2678 prime
224 2636 389 2677 quadrare.
434 2637 552 2667 Urbem
581 2635 613 2665 in
644 2634 785 2665 Perrhae-

97 2678 146 2710 bis
177 2679 317 2709 Perseus
331 2680 430 2722 prim‘o
453 2679 590 2711 adventu
616 2683 786 2719 receperat.

98 2721 143 2752 A't
163 2725 225 2751 no'n
248 2722 357 2752 eadem
378 2722 528 2753 facilitate
550 2719 684 2762 Cyretiis
706 2720 786 2762 poti-

98 2770 149 2795 tus
178 2769 236 2795 est.
279 2765 343 2796 Eas
371 2775 553 2807 oppugnare
580 2768 626 2794 est
648 2769 786 2799 coactus,

100 2811 194 2848 atque
209 2805 416 2848 etiain‘priino
431 2808 481 2839 die
494 2807 636 2849 repulsus
649 2811 707 2837 est.

141 2850 182 2880 83
215 2849 254 2880 In
277 2850 449 2880 deditimaem·
471 2861 565 2880 omnes
588 2855 656 2879 ante
679 2854 787 2879 noc‘t'em‘

100 2892 226 2933 accepit]
258 2891 329 2921 Vox
352 2903 446 2922 omnes
468 2892 587 2923 nullum
610 2891 661 2921 hic
685 2891 787 2922 locum

155 2947 251 2976 VOL.
277 2949 332 2976 IV.

829 2377 967 2413 omnibus,
991 2386 1060 2418 quae
1091 2375 1240 2418 reperitur
1270 2386 1302 2405 m
1330 2376 1521 2417 praecedenti

830 2420 980 2450 membro.

873 2463 914 2493 84
939 2462 1058 2492 Probi-is
1082 2484 1090 2492 .
1114 2483 1124 2492 .
1145 2482 1153 2490 .
1168 2461 1302 2499 jaculati
1322 2463 1407 2503 sunt]
1440 2461 1519 2492 Gro—

830 2505 939 2536 novius
965 2504 1108 2535 observat
1132 2503 1277 2535 usitatius
1300 2503 1363 2534 dici
1384 2505 1522 2543 jaculari

830 2549 954 2588 aliquid,
979 2547 1029 2578 vel
1058 2558 1113 2589 pro
1135 2557 1240 2589 scopo,
1265 2552 1298 2577 ut
1326 2547 1452 2577 Dextera
1475 2558 1520 2576 sa-

830 2602 894 2621 cras
912 2591 1070 2630 jaculatus
1095 2601 1194 2627 arces3
1232 2589 1281 2620 vel
1314 2600 1369 2631 pro
1391 2589 1464 2625 telo,
1487 2594 1524 2618 ut

819 2634 977 2673 jaculatus
1008 2634 1150 2672 puppibus
1182 2634 1272 2674 ignes.
1334 2633 1447 2672 Itaque
1476 2631 1521 2662 le-

830 2677 875 2718 git
890 2676 939 2707 vel
952 2677 1059 2716 probra
1081 2697 1089 2705 .
1113 2696 1122 2705 .
1149 2698 1157 2706 .
1170 2676 1307 2714 jaculati
1322 2681 1402 2709 sunt,
1419 2673 1480 2708 vel,
1497 2672 1522 2703 si

831 2719 937 2760 utique
951 2720 1062 2758 probris
1075 2717 1257 2754 retineatur,
1265 2717 1406 2756 joculari.

885 2763 926 2792 85
959 2761 1097 2792 Elatiam
1118 2768 1146 2791 et
1177 2759 1331 2798 Gonnum]
1376 2759 1439 2789 Sua
1475 2757 1525 2788 his

830 2804 958 2835 urbibus
1008 2803 1143 2834 restituit
1192 2801 1319 2832 nomina
1370 2800 1526 2842 Sigonius.

832 2847 922 2878 Prius
936 2847 1098 2887 legebatur
1115 2846 1241 2876 Velatias
1256 2850 1282 2873 et
1301 2843 1446 2875 Gonnum.

911 2945 938 2970 G
