1831 3194
477 136 728 176 LIBROR.
761 138 1030 175 DEPERD.
1372 146 1443 179 5341

45 247 190 287 bricam
229 248 371 287 bellum
410 252 757 297 consummaretur,
793 246 1026 297 reseruntur.

1103 248 1222 289 Bella
1248 256 1447 302 praterea

44 305 147 345 inter
166 305 292 360 Syriae·
312 318 424 359 reges
438 310 555 358 gesta
574 304 752 365 continet.

633 459 847 511 LXIX.

101 570 155 610 L.
176 569 393 622 Appuleius
421 568 670 616 Saturninus,
693 568 908 622 adjuvante
934 569 979 610 C.
1004 570 1157 620 Mario,
1178 576 1215 610 et
1233 584 1307 623 per
1336 572 1446 611 mili—

44 632 101 666 tes
120 626 240 666 occiso
263 628 311 667 A.
335 626 470 666 Nonio
498 627 766 678 competitore,
787 625 964 666 tribunus
989 627 1117 678 plebis
1130 641 1209 679 per
1228 629 1305 668 vim
1335 642 1444 668 crea-

44 689 118 732 tus,
154 697 231 723 non
262 684 390 723 minus
423 684 612 724 violenter
641 683 896 729 tribunatum,
927 697 1044 736 quam
1073 685 1260 735 petierat,
1287 686 1411 738 gessit
1428 708 1441 730 ,-

41 746 90 786 et,
113 754 225 794 quum
245 741 372 794 legem
401 740 605 794 agrariam
631 754 707 792 per
726 741 804 780 vim
834 741 999 789 tulisset,
1022 739 1188 781 Metello
1221 741 1446 793 Numidico,

42 796 76 820 9²
88 811 132 837 eo
152 798 255 850 quod
270 799 313 837 in
344 812 429 837 eam
450 811 529 837 non
545 796 776 850 juraverat,
793 798 895 837 ‹liem
916 797 1015 837 dixit
1028 815 1040 836 .·
1071 799 1139 851 qui
1153 812 1268 851 quum
1289 813 1314 838 a
1336 799 1447 838 bonis

40 854 195 894 civibus
224 855 512 909 defimderetur,
535 867 585 894 ne
604 868 743 894 caussa
771 854 1026 894 certaminum
1056 861 1169 903 esset,
1192 855 1233 895 in
1261 857 1446 895 exsilium

41 911 302 952 voluntarium
334 912 517 952 Rhodum
530 909 734 963 profectus
755 916 812 950 est
825 926 839 949 :
878 909 911 933 ⁹³
924 911 1051 965 ibique
1079 913 1250 963 legendo
1271 918 1307 951 et
1328 914 1446 952 audi-

41 969 157 1008 endis
187 969 340 1022 magnis
369 970 470 1009 viris
499 968 751 1008 avocabatur.
782 968 975 1021 Profecto
1007 969 1052 1009 C.
1082 969 1261 1019 Marius,
1281 970 1444 1009 seditio-

41 1026 106 1065 nis
135 1032 282 1074 auctor,
304 1025 372 1078 qui
399 1031 552 1066 sextum
580 1026 821 1064 consulatum
846 1038 924 1076 per
952 1025 1080 1065 tribus
1108 1039 1251 1078 sparsa
1276 1027 1445 1077 pecunia

42 1089 204 1129 emerat,
227 1096 333 1135 aqua
355 1088 394 1122 et
415 1083 504 1135 igni
535 1082 762 1120 interdixit.
823 1081 934 1122 Idem
956 1082 1177 1135 Appuleius
1200 1082 1445 1122 Saturninus

41 1139 220 1179 tribunus
244 1138 373 1191 plebis
405 1140 452 1179 C.
471 1137 696 1178 RIemmium
727 1136 759 1161 ⁹⁴¹
771 1138 1026 1178 candidatum
1065 1140 1302 1186 consulatus,
1334 1153 1446 1191 quem

40 1197 217 1235 maxime
244 1196 517 1237 adversarium
547 1195 769 1235 actionibus
796 1195 877 1235 suis
911 1195 1088 1244 timebat,
1119 1197 1275 1236 occidit.
1307 1196 1445 1249 quibus

39 1252 152 1293 rebus
181 1253 376 1293 concitato
405 1259 557 1300 senatu,
580 1252 636 1304 (in
664 1251 774 1306 cujus
794 1266 969 1293 caussam
1001 1259 1037 1292 et
1070 1253 1112 1293 C.
1137 1253 1312 1301 Marius,
1336 1253 1445 1293 homo

39 1309 148 1350 varii
175 1316 214 1350 et
234 1309 440 1350 mutabilis
469 1309 624 1362 ingenii
651 1309 884 1363 consiliique
910 1324 1059 1363 semper
1084 1311 1291 1350 secundum
1305 1310 1446 1364 sortu-

40 1380 144 1416 nam,
167 1368 402 1416 transierat,
423 1381 537 1420 quum
569 1380 652 1406 eum
682 1367 782 1406 tueri
802 1367 963 1407 minime
985 1367 1136 1419 posset)
1157 1367 1361 1420 obpressus
1381 1381 1447 1407 ar-

41 1422 112 1464 mis
129 1438 213 1464 cum
235 1424 406 1464 Glaucia
421 1430 609 1476 praetore,
629 1429 667 1463 et
686 1424 784 1463 aliis
804 1421 970 1475 ejusdem
980 1422 1141 1475 furoris
1155 1424 1286 1471 sociis,
1300 1423 1333 1447 ⁹⁵
1346 1424 1447 1464 bello

41 1481 216 1534 quodam
236 1481 461 1534 interjectus
492 1486 562 1520 est.
625 1479 677 1528 Q.
704 1480 878 1520 Caecilius
899 1479 1087 1520 Metellus
1116 1481 1166 1520 ab
1196 1481 1350 1529 exsilio,
1383 1481 1447 1520 in-

35 1537 146 1591 genti
166 1538 283 1578 totius
312 1538 486 1578 civitatis
499 1537 663 1591 favore,
684 1538 866 1577 reductus
886 1542 955 1577 est.
1016 1537 1073 1577 M
1076 1538 1101 1576 ’.
1123 1537 1327 1591 Aquillius
1349 1551 1447 1590 pro-

40 1596 172 1635 consul
191 1595 235 1635 in
253 1595 396 1636 Sicilia
417 1594 556 1635 bellum
577 1594 715 1635 servile
735 1594 948 1634 excitatum
969 1594 1152 1648 confecit.

648 1756 835 1808 LXX.

99 1879 232 1926 Quum
253 1878 311 1918 M
314 1879 339 1918 '.
357 1879 560 1932 Aquillius
579 1879 628 1918 de
644 1878 822 1930 pecuniis
843 1879 1069 1930 repetundis
1087 1892 1263 1919 caussam
1284 1879 1446 1928 diceret,

43 1936 128 1988 ipse
133 1934 296 1988 judices
324 1950 468 1989 rogare
507 1935 651 1976 noluit.
711 1935 774 1975 M
808 1935 1024 1985 Antonius,
1056 1935 1124 1989 qui
1146 1950 1227 1989 pro
1258 1950 1302 1975 eo
1326 1950 1447 1988 pero-

41 1992 173 2040 rabat,
198 1993 370 2032 tunicam
402 2006 428 2031 a
450 1999 611 2044 pectore
641 1991 722 2045 ejus
753 1992 931 2040 discidit,
963 1999 1007 2032 ut
1037 1993 1214 2033 honestas
1242 1993 1449 2033 cicatrices

43 2049 290 2089 ostenderet.-
331 2048 471 2102 quibus
489 2050 716 2102 conspectis,
739 2049 1014 2089 indubitanter
1029 2049 1228 2090 absolutus
1257 2056 1326 2090 est.
1378 2051 1449 2090 C·-

43 2119 132 2145 cero
151 2105 235 2158 ejus
254 2106 314 2145 rei
332 2107 436 2146 solus
456 2112 606 2146 auctor.
672 2107 720 2145 T.
742 2106 896 2146 Didius
912 2107 1121 2157 proconsul
1151 2107 1338 2147 adversus
1361 2107 1449 2147 Cel-

40 2162 188 2202 tiberos
200 2162 391 2216 feliciter
422 2163 633 2217 pugnavit.
693 2163 941 2212 Ptolemaeus,
981 2163 1227 2216 Cyrenarum
1267 2178 1351 2212 rex,
1386 2164 1451 2204 cui

82 2285 124 2316 92
156 2285 200 2315 Eo
221 2287 295 2326 quod
321 2287 353 2316 in
379 2297 440 2316 eam
469 2296 527 2315 non
545 2286 722 2326 juraverat]

767 2285 893 2326 genium
918 2285 1035 2326 vulgati
1066 2284 1257 2326 adjiciebant
1282 2287 1449 2325 petitorem:

44 2328 138 2359 MSS.
156 2327 314 2364 Gronovii,
331 2330 380 2368 qui
403 2330 433 2358 in
447 2339 509 2358 eam
528 2339 584 2357 non
597 2330 723 2367 jurave-

768 2338 861 2368 quam
890 2339 998 2359 vocem
1030 2327 1082 2358 ille
1113 2338 1150 2358 ex
1179 2332 1241 2358 vet.
1278 2327 1367 2364 libro,
1402 2328 1452 2358 cui

42 2376 107 2400 rat.-
131 2370 313 2411 elegantius.

87 2413 128 2444 93
159 2413 259 2453 Ibique
281 2414 398 2455 legendo
419 2419 447 2443 et
468 2414 621 2443 audiendis
642 2424 723 2454 mag-

47 2456 92 2485 nis
120 2456 190 2486 viris
216 2456 350 2496 vacabat]
390 2454 535 2497 Plerique
571 2456 666 2486 MSS.
695 2461 726 2486 et

45 2502 119 2527 vett.
135 2497 210 2529 editi
225 2497 341 2529 habent
355 2498 405 2529 vel
425 2499 590 2535 advocabat,
609 2498 655 2529 vel
671 2500 723 2529 ad-

44 2541 210 2572 vocabatur.
253 2541 346 2572 Unde
370 2540 544 2572 Gronovius
569 2540 724 2572 edendum

46 2581 177 2613 credidit
189 2585 372 2615 avocabatur.
404 2584 542 2614 Verbum
554 2583 721 2625 proprium,

46 2624 158 2664 inquit,
182 2625 221 2655 de
247 2625 285 2656 iis
307 2626 360 2667 qui
385 2631 438 2657 aut
460 2636 478 2656 a
506 2636 597 2657 sensu
622 2636 724 2657 rerum

46 2666 253 2703 adversarum,
283 2674 337 2699 aut
372 2668 572 2709 gravantibus
608 2668 724 2710 alioqui

46 2708 178 2749 negotiis
206 2710 341 2741 animum
371 2716 522 2747 avertunt,
553 2711 643 2752 eique
679 2712 723 2741 le-

48 2751 150 2782 vando
172 2750 248 2781 dant
269 2763 403 2794 operam.
449 2754 572 2790 Utatur,
597 2754 649 2795 qui
672 2764 724 2784 vo-

48 2793 150 2824 luerit.
195 2794 295 2824 Nobis
308 2795 427 2826 videtur
448 2796 619 2838 simplicius
640 2807 724 2826 vaca-

50 2838 108 2871 bat,
126 2835 207 2876 quod
222 2836 339 2876 vulgati
353 2843 469 2868 tenent.

91 2879 132 2908 94
158 2878 352 2908 candidatum
371 2881 549 2920 consulatus]
581 2880 663 2911 Ante
679 2880 724 2910 Si-

107 2933 202 2961 VOL.
227 2934 281 2962 lv.

769 2370 948 2412 Campanus
976 2369 1150 2406 assentitur,
1174 2370 1300 2406 delevit,
1322 2370 1378 2401 sed
1404 2376 1451 2401 ta-

768 2423 840 2443 men
862 2412 1067 2444 revocandam
1084 2423 1149 2443 esse
1173 2412 1347 2444 Gronovius
1370 2413 1449 2444 exis-

769 2455 900 2487 timavit.
938 2455 1039 2486 Nobis
1054 2455 1130 2485 nihil
1151 2465 1277 2486 necesse
1293 2455 1391 2486 visum
1407 2461 1452 2488 est

768 2498 899 2529 otiosum
915 2509 1026 2529 nomen
1041 2497 1208 2530 inculcare.

810 2541 852 2571 95
889 2541 914 2570 A
946 2541 1065 2571 Rabirio
1093 2539 1232 2583 quodam]
1265 2540 1450 2582 Conjectura

769 2581 897 2624 Sigonii.
943 2583 1040 2619 Libri,
1077 2589 1108 2614 et
1145 2590 1219 2614 vett.
1257 2583 1344 2619 editi,
1383 2583 1452 2612 bello

768 2627 901 2665 quodam.
960 2625 1199 2661 Freinshemius,
1230 2627 1285 2655 telo
1317 2626 1448 2665 quodam.

769 2667 879 2698 Cicero
894 2679 948 2710 pro
964 2668 1105 2704 Rabirio,
1122 2679 1151 2699 c.
1170 2669 1220 2698 11.
1244 2668 1349 2697 Soaevoe
1365 2668 1449 2696 Seruo

771 2710 807 2744 Q.
834 2710 975 2746 Crotonis,
991 2713 1041 2751 qui
1062 2712 1163 2741 occidit
1181 2711 1219 2741 L.
1242 2710 1448 2743 Saturninum,

770 2753 883 2783 libertas
905 2755 974 2783 data
996 2759 1047 2785 est.
1091 2753 1184 2784 Unde
1210 2761 1312 2793 posses
1335 2750 1447 2789 legere,

768 2807 786 2825 a
812 2796 912 2826 Scoeva
934 2798 1066 2836 quodam,
1094 2795 1143 2826 vel
1165 2807 1183 2824 a
1207 2795 1291 2823 Seri-o
1317 2794 1446 2832 quodum.

770 2838 985 2870 Gnoxovms.

819 2934 848 2962 R.
