1831 3194
354 468 652 523 EPITOM
658 468 703 521 E
755 468 970 521 LIBRI
1023 468 1206 521 XLII.

62 724 130 786 Q.
149 735 419 778 FULVIUS
446 736 614 777 Flaccus
645 750 783 777 censor
815 737 1001 790 templum
1022 733 1189 777 Junonis
1217 733 1407 774 Laciniae
1438 739 1495 773 te-

55 794 167 849 gulis
197 794 432 835 marmoreis
465 795 672 847 spoliavit,
695 800 738 834 ut
769 795 906 842 a’denz,
929 807 1047 848 quam
1081 791 1307 842 dedicabat,
1330 797 1494 844 tegeret.

57 853 203 907 teguloe
233 867 283 893 ea·
313 852 652 892 senatusconsulto
682 857 915 904 reportata’.
975 852 1188 900 Eumenes,
1213 849 1326 889 Asiae
1345 864 1430 896 rex,
1455 850 1498 888 z'n

57 916 201 951 senatu
227 911 275 949 de
295 910 460 958 Perseo,
482 909 745 949 Macedoniae
774 923 879 963 rege,
904 915 1061 963 questus
1080 913 1138 948 est
1153 925 1164 947 :
1197 906 1307 960 cujus
1334 905 1500 960 injur-ire

56 967 100 1008 in
128 967 314 1021 populum
335 967 569 1007 Romanum
599 965 837 1018 referuntur.
871 967 918 1006 ob
944 980 1046 1020 quas
1078 965 1180 1004 bello
1211 965 1247 1004 ei
1266 964 1426 1011 indicto,
1445 965 1499 1003 P.

57 1025 249 1066 Licinius
271 1025 441 1066 Crassus
471 1025 619 1073 consul,
650 1023 742 1064 ¹cui
769 1024 815 1063 id
833 1025 1066 1064 mandatum
1098 1028 1202 1069 erat,
1225 1023 1270 1062 in
1304 1021 1500 1061 Macedo-

56 1084 169 1123 niam
189 1082 372 1130 transiit,
394 1080 620 1135 levibusque
639 1080 974 1134 expeditionibus,
997 1079 1243 1134 equestribus
1254 1079 1434 1132 proeliis,
1457 1079 1500 1118 in

57 1139 271 1181 Thessalia
303 1153 387 1179 curn
416 1139 569 1179 Perseo
592 1153 744 1192 parum
762 1138 893 1193 felici
923 1144 1064 1179 eventu
1092 1137 1312 1192 pugnavit.
1382 1136 1501 1176 Inter

56 1197 327 1239 Masinissam
359 1202 397 1237 et
429 1196 798 1250 Karthaginienses
818 1197 867 1236 de
893 1211 995 1250 agro
1025 1194 1135 1250 {fuit
1166 1194 1325 1235 arbiter
1345 1195 1403 1234 ad
1422 1194 1500 1233 dis-

56 1256 295 1309 ceptandum
315 1268 342 1294 a
361 1260 501 1294 senatu
522 1254 656 1294 datus.
719 1254 872 1308 Legati
898 1253 1008 1294 missi
1028 1254 1084 1293 ad
1104 1252 1282 1293 civitates
1313 1251 1442 1292 socias
1462 1257 1500 1290 et

55 1327 164 1368 reges
183 1311 428 1366 ³rogandos,
449 1317 494 1351 ut
515 1312 560 1351 in
579 1312 669 1364 fide
681 1318 986 1364 permanerent,
1009 1309 1288 1351 dubitantibus
1307 1309 1498 1349 Rhodiis.

55 1371 249 1412 Lustrum
270 1384 297 1410 a
317 1368 545 1410 censoribus
564 1370 766 1410 conditum
788 1375 858 1410 est.
922 1370 1051 1410 Censa
1072 1374 1165 1409 sunt
1190 1368 1336 1408 civium
1357 1368 1497 1419 capita

54 1427 254 1469 'ducenta
287 1428 586 1481 quinquaginta
620 1433 766 1480 septem
788 1427 921 1467 millia
956 1427 1127 1466 ducenta
1163 1425 1341 1478 triginta
1363 1438 1496 1464 unum.

55 1486 141 1527 Res
156 1491 353 1539 praeterea
373 1485 564 1525 adversus
588 1484 729 1524 Corsos
745 1490 784 1523 et
808 1484 984 1537 Ligures
997 1496 1196 1536 prospere
1213 1487 1351 1535 gestas
1371 1482 1497 1521 conti-

55 1550 136 1585 net.

102 1659 116 1689 l
153 1658 210 1688 Cui
232 1659 262 1687 id
284 1658 455 1687 mandatum
476 1655 555 1696 erat]
583 1654 634 1685 Sic
656 1655 751 1686 habe-
797 1666 862 1686 esse
879 1654 1010 1685 videtur.
1057 1653 1130 1685 Non
1157 1654 1239 1684 enim
1256 1653 1326 1695 Jiu't
1348 1655 1407 1683 dies
1429 1664 1495 1683 cer-

56 1713 89 1734 re
112 1707 174 1733 tres
196 1701 391 1731 membranas
414 1704 545 1730 testatur
565 1698 751 1734 Gronovius,

56 1745 115 1777 nisi
130 1744 214 1786 quod
229 1743 350 1774 addidit
361 1742 427 1784 ipse
441 1741 585 1773 voculam
600 1743 640 1772 id.
686 1742 752 1771 Ad-

57 1788 142 1820 misit
177 1785 426 1819 emendationem
465 1784 614 1816 Gronovii
653 1785 752 1815 Cleri-

57 1842 123 1864 cus.
179 1830 300 1871 Vulgo:
345 1830 395 1859 cui
428 1828 602 1859 Macedonia
639 1829 752 1858 decretu

57 1882 134 1907 erat.

109 1919 130 1949 2
166 1916 238 1947 Fuit
266 1917 325 1947 dies
354 1917 394 1945 ad
418 1916 637 1954 disceptandum
666 1926 685 1944 a
711 1925 753 1944 se-

59 1967 135 1992 natu
161 1961 263 2001 datus]
305 1958 480 1989 Gronovius
517 1968 555 1988 ex
582 1967 644 1988 uno
682 1958 753 1988 MS.

60 2004 167 2035 affert:
183 2003 253 2045 fuit
268 2003 377 2032 arbiter
390 2023 399 2031 .
417 2023 426 2033 .
446 2003 544 2032 datus.
589 2000 650 2032 Sed
666 2000 754 2031 nulla

60 2047 145 2090 apud
168 2046 291 2077 Livium
313 2044 348 2075 fit
368 2046 474 2074 arbitri
494 2043 622 2075 mentio.
666 2043 754 2074 Infra

60 2101 90 2121 c.
103 2090 154 2120 24.
174 2089 301 2131 jubetur
315 2087 486 2118 Masinissa
500 2087 619 2128 legatos
642 2097 752 2127 quam-

59 2133 194 2176 primum
209 2131 249 2163 ad
268 2136 410 2162 senatum
432 2129 565 2166 mittere,
582 2135 613 2161 et
633 2129 753 2160 denun-

60 2176 143 2208 ciare
166 2172 489 2215 Carthaginiensibus,
511 2178 546 2203 ut
571 2172 611 2203 ad
631 2172 753 2214 discep-

61 2219 192 2251 tandum
220 2217 360 2249 veniant.
418 2217 487 2247 Hoc
517 2215 614 2246 voluit
647 2221 755 2246 auctor

61 2261 224 2305 epitomes,
250 2260 307 2292 etsi
336 2259 438 2291 minus
466 2264 611 2291 accurate
632 2257 755 2290 locutus

796 1704 846 1728 tus
873 1711 892 1728 α
920 1704 1023 1728 senatu
1052 1699 1150 1731 datus,
1186 1708 1248 1738 quo
1284 1696 1426 1727 sisterent
1463 1707 1496 1726 se

797 1741 892 1782 legati
919 1739 1225 1781 Carthaginiensium
1250 1745 1280 1770 et
1296 1739 1493 1770 Masiniss-222

797 1784 851 1815 sed
881 1783 1121 1826 quampfimum,
1150 1783 1236 1813 nulla
1268 1782 1396 1813 definita
1433 1783 1495 1818 die,

798 1828 969 1858 Masinissa
980 1826 1083 1868 jussus
1098 1832 1145 1857 est
1159 1826 1278 1867 legatos
1292 1825 1424 1856 mittere.

842 1871 860 1900 3
887 1870 1052 1912 Rogmzdos,
1076 1876 1109 1899 ut
1132 1871 1162 1899 in
1183 1870 1249 1909 fide
1275 1869 1494 1909 permanerent]

799 1913 914 1954 Vulg0,
942 1926 981 1944 ιιη
1000 1915 1032 1943 in
1048 1913 1131 1953 fide:
1167 1911 1250 1953 quod
1272 1912 1379 1953 procul
1402 1911 1496 1942 dubio

798 1956 942 1987 vitiosum
966 1962 1044 1987 erat.
1093 1955 1134 1985 Ut
1148 1955 1260 1996 reperit
1284 1955 1315 1985 in
1337 1966 1399 1985 uno
1422 1955 1495 1984 MS.

799 1999 986 2031 Gronovius.
1053 1998 1294 2040 Adstipulantur
1339 1997 1494 2031 Andreas,

800 2043 991 2085 Campanus,
1009 2041 1163 2083 Sigonius,
1180 2047 1211 2072 et
1233 2051 1314 2072 unus
1336 2051 1375 2072 ex
1398 2041 1495 2072 MSS.

798 2086 939 2117 Hearnii.

840 2130 859 2159 4
884 2127 1047 2160 CCLVII.
1071 2128 1177 2163 millia,
1190 2126 1392 2167 CCXXXI.]
1410 2125 1495 2157 Livi—

798 2183 834 2202 us
854 2172 943 2203 aliter
962 2171 1042 2201 infra
1058 2181 1084 2202 c.
1103 2171 1152 2202 10.
1178 2180 1289 2212 nempe
1316 2169 1497 2201 CCLXIX.

798 2215 902 2251 millia,
919 2221 945 2246 et
964 2214 1034 2245 XV.
