<?xml version="1.0" encoding="UTF-8"?>
<!DOCTYPE html PUBLIC "-//W3C//DTD XHTML 1.0 Transitional//EN"
    "http://www.w3.org/TR/xhtml1/DTD/xhtml1-transitional.dtd">
<html xmlns="http://www.w3.org/1999/xhtml" xml:lang="en" lang="en">
 <head>
  <title>
</title>
<meta http-equiv="Content-Type" content="text/html;charset=utf-8" />
  <meta name='ocr-system' content='tesseract 3.04.00' />
  <meta name='ocr-capabilities' content='ocr_page ocr_carea ocr_par ocr_line ocrx_word'/>
</head>
<body>
  <div class='ocr_page' id='page_1' title='image "./historiarumaburb04livyuoft/historiarumaburb04livyuoft_0188.png"; bbox 0 0 1826 3149; ppageno 0'>
   <div class='ocr_carea' id='block_1_1' title="bbox 108 204 311 416">
    <p class='ocr_par' dir='ltr' id='par_1_1' title="bbox 108 204 311 416">
     <span class='ocr_line' id='line_1_1' title="bbox 110 204 288 237; baseline -0.017 0"><span class='ocrx_word' id='word_1_1' title='bbox 110 205 149 237; x_wconf 86' lang='lat' dir='ltr'>U.</span> <span class='ocrx_word' id='word_1_2' title='bbox 161 204 199 235; x_wconf 83' lang='lat' dir='ltr'>C.</span> <span class='ocrx_word' id='word_1_3' title='bbox 214 204 288 234; x_wconf 83' lang='lat'>584.</span> 
     </span>
     <span class='ocr_line' id='line_1_2' title="bbox 108 247 289 278; baseline -0.006 0"><span class='ocrx_word' id='word_1_4' title='bbox 108 248 149 278; x_wconf 87' lang='lat' dir='ltr'>A.</span> <span class='ocrx_word' id='word_1_5' title='bbox 164 247 201 277; x_wconf 86' lang='lat' dir='ltr'>C.</span> <span class='ocrx_word' id='word_1_6' title='bbox 217 247 289 277; x_wconf 84' lang='lat'>168.</span> 
     </span>
     <span class='ocr_line' id='line_1_3' title="bbox 111 290 289 320; baseline -0.006 0"><span class='ocrx_word' id='word_1_7' title='bbox 111 290 289 320; x_wconf 83' lang='lat' dir='ltr'>Obcurrunt</span> 
     </span>
     <span class='ocr_line' id='line_1_4' title="bbox 111 332 264 363; baseline 0.007 -1"><span class='ocrx_word' id='word_1_8' title='bbox 111 332 264 363; x_wconf 84' lang='lat' dir='ltr'>Antiocho</span> 
     </span>
     <span class='ocr_line' id='line_1_5' title="bbox 111 375 311 416; baseline 0.01 -12"><span class='ocrx_word' id='word_1_9' title='bbox 111 375 207 416; x_wconf 85' lang='lat' dir='ltr'>legati</span> <span class='ocrx_word' id='word_1_10' title='bbox 220 375 311 406; x_wconf 84' lang='lat' dir='ltr'>Rom.</span> 
     </span>
    </p>
   </div>
   <div class='ocr_carea' id='block_1_2' title="bbox 113 483 291 653">
    <p class='ocr_par' dir='ltr' id='par_1_2' title="bbox 113 483 291 653">
     <span class='ocr_line' id='line_1_6' title="bbox 113 483 264 527; baseline 0 -13"><span class='ocrx_word' id='word_1_11' title='bbox 113 483 264 527; x_wconf 71' lang='lat' dir='ltr'>Popillius</span> 
     </span>
     <span class='ocr_line' id='line_1_7' title="bbox 113 537 270 567; baseline 0.006 -11"><span class='ocrx_word' id='word_1_12' title='bbox 113 537 200 567; x_wconf 79' lang='lat' dir='ltr'>virga</span> <span class='ocrx_word' id='word_1_13' title='bbox 212 537 270 557; x_wconf 83' lang='lat' dir='ltr'>cir-</span> 
     </span>
     <span class='ocr_line' id='line_1_8' title="bbox 113 570 291 600; baseline 0.006 -1"><span class='ocrx_word' id='word_1_14' title='bbox 113 570 291 600; x_wconf 87' lang='lat' dir='ltr'>cumseribit</span> 
     </span>
     <span class='ocr_line' id='line_1_9' title="bbox 113 623 226 653; baseline 0.018 -12"><span class='ocrx_word' id='word_1_15' title='bbox 113 623 226 653; x_wconf 84' lang='lat' dir='ltr'>regem.</span> 
     </span>
    </p>
   </div>
   <div class='ocr_carea' id='block_1_3' title="bbox 118 1226 316 1312">
    <p class='ocr_par' dir='ltr' id='par_1_3' title="bbox 118 1226 316 1312">
     <span class='ocr_line' id='line_1_10' title="bbox 119 1226 316 1258; baseline -0.01 0"><span class='ocrx_word' id='word_1_16' title='bbox 119 1226 229 1258; x_wconf 80' lang='lat' dir='ltr'>Licinii</span> <span class='ocrx_word' id='word_1_17' title='bbox 247 1227 316 1257; x_wconf 91' lang='lat' dir='ltr'>Cos.</span> 
     </span>
     <span class='ocr_line' id='line_1_11' title="bbox 118 1274 282 1312; baseline 0 -12"><span class='ocrx_word' id='word_1_18' title='bbox 118 1280 165 1301; x_wconf 82' lang='lat' dir='ltr'>res</span> <span class='ocrx_word' id='word_1_19' title='bbox 178 1274 282 1312; x_wconf 72' lang='lat' dir='ltr'>gestae.</span> 
     </span>
    </p>
   </div>
   <div class='ocr_carea' id='block_1_4' title="bbox 316 82 1748 2010">
    <p class='ocr_par' dir='ltr' id='par_1_4' title="bbox 316 82 1748 1952">
     <span class='ocr_line' id='line_1_12' title="bbox 316 82 1197 126; baseline -0.007 -1"><span class='ocrx_word' id='word_1_20' title='bbox 316 91 391 126; x_wconf 88' lang='lat'>180</span> <span class='ocrx_word' id='word_1_21' title='bbox 845 84 993 123; x_wconf 58' lang='lat' dir='ltr'>T1T1&gt;</span> <span class='ocrx_word' id='word_1_22' title='bbox 1028 82 1197 121; x_wconf 88' lang='lat' dir='ltr'>LIVII</span> 
     </span>
     <span class='ocr_line' id='line_1_13' title="bbox 320 189 1726 253; baseline -0.006 -15"><span class='ocrx_word' id='word_1_23' title='bbox 320 204 502 253; x_wconf 88' lang='lat' dir='ltr'>quatuor</span> <span class='ocrx_word' id='word_1_24' title='bbox 522 195 651 238; x_wconf 87' lang='lat' dir='ltr'>millia</span> <span class='ocrx_word' id='word_1_25' title='bbox 671 195 723 236; x_wconf 82' lang='lat' dir='ltr'>ab</span> <span class='ocrx_word' id='word_1_26' title='bbox 745 192 1011 234; x_wconf 81' lang='lat' dir='ltr'>Alexandrea</span> <span class='ocrx_word' id='word_1_27' title='bbox 1030 192 1160 242; x_wconf 88' lang='lat' dir='ltr'>abest,</span> <span class='ocrx_word' id='word_1_28' title='bbox 1183 190 1309 248; x_wconf 82' lang='lat' dir='ltr'>legati</span> <span class='ocrx_word' id='word_1_29' title='bbox 1331 189 1511 232; x_wconf 87' lang='lat' dir='ltr'>Romani</span> <span class='ocrx_word' id='word_1_30' title='bbox 1531 189 1726 231; x_wconf 83' lang='lat' dir='ltr'>obcurre-</span> 
     </span>
     <span class='ocr_line' id='line_1_14' title="bbox 321 245 1729 308; baseline -0.006 -14"><span class='ocrx_word' id='word_1_31' title='bbox 321 260 432 296; x_wconf 86' lang='lat' dir='ltr'><strong>runt.</strong></span> <span class='ocrx_word' id='word_1_32' title='bbox 465 268 568 308; x_wconf 89' lang='lat' dir='ltr'>quos</span> <span class='ocrx_word' id='word_1_33' title='bbox 588 267 719 307; x_wconf 91' lang='lat' dir='ltr'>quum</span> <span class='ocrx_word' id='word_1_34' title='bbox 747 249 1011 291; x_wconf 87' lang='lat' dir='ltr'>advenientes</span> <span class='ocrx_word' id='word_1_35' title='bbox 1039 248 1270 299; x_wconf 87' lang='lat' dir='ltr'>salutasset,</span> <span class='ocrx_word' id='word_1_36' title='bbox 1292 247 1566 302; x_wconf 81' lang='lat' dir='ltr'>dextramque</span> <span class='ocrx_word' id='word_1_37' title='bbox 1588 245 1729 301; x_wconf 91' lang='lat' dir='ltr'>Popil-</span> 
     </span>
     <span class='ocr_line' id='line_1_15' title="bbox 322 303 1729 366; baseline -0.006 -15"><span class='ocrx_word' id='word_1_38' title='bbox 322 310 378 350; x_wconf 92' lang='lat' dir='ltr'>lio</span> <span class='ocrx_word' id='word_1_39' title='bbox 398 309 653 366; x_wconf 54' lang='lat' dir='ltr'>porrigerem</span> <span class='ocrx_word' id='word_1_40' title='bbox 686 307 859 348; x_wconf 86' lang='lat' dir='ltr'>tabellas</span> <span class='ocrx_word' id='word_1_41' title='bbox 886 306 922 346; x_wconf 91' lang='lat' dir='ltr'>ei</span> <span class='ocrx_word' id='word_1_42' title='bbox 954 305 1159 360; x_wconf 80' lang='lat' dir='ltr'>Popillius</span> <span class='ocrx_word' id='word_1_43' title='bbox 1189 305 1388 360; x_wconf 88' lang='lat' dir='ltr'>scriptum</span> <span class='ocrx_word' id='word_1_44' title='bbox 1417 303 1616 344; x_wconf 83' lang='lat' dir='ltr'>habentes</span> <span class='ocrx_word' id='word_1_45' title='bbox 1646 310 1729 343; x_wconf 87' lang='lat' dir='ltr'>tra-</span> 
     </span>
     <span class='ocr_line' id='line_1_16' title="bbox 324 359 1731 422; baseline -0.006 -14"><span class='ocrx_word' id='word_1_46' title='bbox 324 367 402 415; x_wconf 89' lang='lat' dir='ltr'><strong>dit,</strong></span> <span class='ocrx_word' id='word_1_47' title='bbox 424 375 551 422; x_wconf 89' lang='lat' dir='ltr'>atque</span> <span class='ocrx_word' id='word_1_48' title='bbox 571 364 755 406; x_wconf 91' lang='lat' dir='ltr'>omnium</span> <span class='ocrx_word' id='word_1_49' title='bbox 776 362 957 418; x_wconf 89' lang='lat' dir='ltr'>primum</span> <span class='ocrx_word' id='word_1_50' title='bbox 987 362 1032 402; x_wconf 89' lang='lat' dir='ltr'>id</span> <span class='ocrx_word' id='word_1_51' title='bbox 1061 362 1196 417; x_wconf 85' lang='lat' dir='ltr'>legere</span> <span class='ocrx_word' id='word_1_52' title='bbox 1221 362 1367 417; x_wconf 81' lang='lat' dir='ltr'>jubet:</span> <span class='ocrx_word' id='word_1_53' title='bbox 1410 359 1443 384; x_wconf 56' lang='grc'>46</span> <span class='ocrx_word' id='word_1_54' title='bbox 1455 359 1609 416; x_wconf 85' lang='lat' dir='ltr'>quibus</span> <span class='ocrx_word' id='word_1_55' title='bbox 1638 374 1731 415; x_wconf 87' lang='lat' dir='ltr'>per-</span> 
     </span>
     <span class='ocr_line' id='line_1_17' title="bbox 324 415 1731 478; baseline -0.006 -14"><span class='ocrx_word' id='word_1_56' title='bbox 324 423 454 473; x_wconf 77' lang='lat' dir='ltr'>lectis,</span> <span class='ocrx_word' id='word_1_57' title='bbox 476 437 608 478; x_wconf 89' lang='lat' dir='ltr'>quum</span> <span class='ocrx_word' id='word_1_58' title='bbox 638 436 679 462; x_wconf 88' lang='lat' dir='ltr'>se</span> <span class='ocrx_word' id='word_1_59' title='bbox 704 419 1076 467; x_wconf 87' lang='lat' dir='ltr'>consideraturum,</span> <span class='ocrx_word' id='word_1_60' title='bbox 1098 418 1296 460; x_wconf 81' lang='lat' dir='ltr'>adhibitis</span> <span class='ocrx_word' id='word_1_61' title='bbox 1325 417 1478 467; x_wconf 87' lang='lat' dir='ltr'>amicis,</span> <span class='ocrx_word' id='word_1_62' title='bbox 1500 416 1604 472; x_wconf 89' lang='lat' dir='ltr'>quid</span> <span class='ocrx_word' id='word_1_63' title='bbox 1633 415 1731 456; x_wconf 87' lang='lat' dir='ltr'>faci-</span> 
     </span>
     <span class='ocr_line' id='line_1_18' title="bbox 325 472 1732 530; baseline -0.006 -9"><span class='ocrx_word' id='word_1_64' title='bbox 325 480 479 521; x_wconf 90' lang='lat' dir='ltr'>endum</span> <span class='ocrx_word' id='word_1_65' title='bbox 511 479 587 520; x_wconf 87' lang='lat' dir='ltr'>sibi</span> <span class='ocrx_word' id='word_1_66' title='bbox 618 484 738 527; x_wconf 90' lang='lat' dir='ltr'>esset,</span> <span class='ocrx_word' id='word_1_67' title='bbox 760 476 957 524; x_wconf 85' lang='lat' dir='ltr'>dixisset;</span> <span class='ocrx_word' id='word_1_68' title='bbox 992 474 1210 530; x_wconf 81' lang='lat' dir='ltr'>Popillius,</span> <span class='ocrx_word' id='word_1_69' title='bbox 1240 490 1317 530; x_wconf 87' lang='lat' dir='ltr'>pro</span> <span class='ocrx_word' id='word_1_70' title='bbox 1345 483 1481 516; x_wconf 85' lang='lat' dir='ltr'>cetera</span> <span class='ocrx_word' id='word_1_71' title='bbox 1510 472 1732 529; x_wconf 82' lang='lat' dir='ltr'>asperitate</span> 
     </span>
     <span class='ocr_line' id='line_1_19' title="bbox 326 530 1729 591; baseline -0.005 -14"><span class='ocrx_word' id='word_1_72' title='bbox 326 536 465 586; x_wconf 88' lang='lat' dir='ltr'>animi,</span> <span class='ocrx_word' id='word_1_73' title='bbox 488 536 620 591; x_wconf 82' lang='lat' dir='ltr'>virga,</span> <span class='ocrx_word' id='word_1_74' title='bbox 643 549 769 591; x_wconf 89' lang='lat' dir='ltr'>quam</span> <span class='ocrx_word' id='word_1_75' title='bbox 799 532 841 574; x_wconf 90' lang='lat' dir='ltr'>in</span> <span class='ocrx_word' id='word_1_76' title='bbox 871 548 997 573; x_wconf 90' lang='lat' dir='ltr'>manu</span> <span class='ocrx_word' id='word_1_77' title='bbox 1017 532 1203 588; x_wconf 77' lang='lat' dir='ltr'>gerebat,</span> <span class='ocrx_word' id='word_1_78' title='bbox 1225 530 1544 586; x_wconf 82' lang='lat' dir='ltr'>circumscripsit</span> <span class='ocrx_word' id='word_1_79' title='bbox 1565 544 1729 585; x_wconf 85' lang='lat' dir='ltr'>regem:</span> 
     </span>
     <span class='ocr_line' id='line_1_20' title="bbox 326 588 1732 646; baseline -0.006 -12"><span class='ocrx_word' id='word_1_80' title='bbox 326 608 387 643; x_wconf 84' lang='lat' dir='ltr'>ac,</span> <span class='ocrx_word' id='word_1_81' title='bbox 419 594 663 646; x_wconf 71' lang='lat' dir='ltr'>Priusquam</span> <span class='ocrx_word' id='word_1_82' title='bbox 694 592 765 631; x_wconf 74' lang='lat' dir='ltr'>hoc</span> <span class='ocrx_word' id='word_1_83' title='bbox 794 591 942 630; x_wconf 79' lang='lat' dir='ltr'>circulo</span> <span class='ocrx_word' id='word_1_84' title='bbox 972 590 1152 639; x_wconf 71' lang='lat' dir='ltr'>excedas,</span> <span class='ocrx_word' id='word_1_85' title='bbox 1173 588 1325 645; x_wconf 89' lang='lat' dir='ltr'>inquit,</span> <span class='ocrx_word' id='word_1_86' title='bbox 1345 589 1467 628; x_wconf 82' lang='lat' dir='ltr'>redde</span> <span class='ocrx_word' id='word_1_87' title='bbox 1492 600 1732 640; x_wconf 75' lang='lat' dir='ltr'>responsum,</span> 
     </span>
     <span class='ocr_line' id='line_1_21' title="bbox 325 642 1736 704; baseline -0.005 -14"><span class='ocrx_word' id='word_1_88' title='bbox 325 651 487 690; x_wconf 68' lang='lat' dir='ltr'>senaim</span> <span class='ocrx_word' id='word_1_89' title='bbox 507 651 613 704; x_wconf 80' lang='lat' dir='ltr'>quod</span> <span class='ocrx_word' id='word_1_90' title='bbox 633 649 816 703; x_wconf 51' lang='lat' dir='ltr'>referam.</span> <span class='ocrx_word' id='word_1_91' title='bbox 878 646 1207 702; x_wconf 85' lang='lat' dir='ltr'>Obstupefactus</span> <span class='ocrx_word' id='word_1_92' title='bbox 1237 654 1322 686; x_wconf 90' lang='lat' dir='ltr'>tam</span> <span class='ocrx_word' id='word_1_93' title='bbox 1352 644 1533 686; x_wconf 88' lang='lat' dir='ltr'>violento</span> <span class='ocrx_word' id='word_1_94' title='bbox 1563 642 1736 699; x_wconf 88' lang='lat' dir='ltr'>imperio</span> 
     </span>
     <span class='ocr_line' id='line_1_22' title="bbox 327 703 1736 762; baseline -0.006 -14"><span class='ocrx_word' id='word_1_95' title='bbox 327 722 552 762; x_wconf 79' lang='lat' dir='ltr'>parumper</span> <span class='ocrx_word' id='word_1_96' title='bbox 573 721 703 762; x_wconf 90' lang='lat' dir='ltr'>quum</span> <span class='ocrx_word' id='word_1_97' title='bbox 723 704 969 753; x_wconf 77' lang='lat' dir='ltr'>haesitasset,</span> <span class='ocrx_word' id='word_1_98' title='bbox 987 704 1170 753; x_wconf 81' lang='lat' dir='ltr'>Faciam,</span> <span class='ocrx_word' id='word_1_99' title='bbox 1187 703 1340 759; x_wconf 88' lang='lat' dir='ltr'>inquit,</span> <span class='ocrx_word' id='word_1_100' title='bbox 1357 703 1463 756; x_wconf 81' lang='lat' dir='ltr'>quod</span> <span class='ocrx_word' id='word_1_101' title='bbox 1476 708 1603 741; x_wconf 77' lang='lat' dir='ltr'>censet</span> <span class='ocrx_word' id='word_1_102' title='bbox 1619 714 1736 741; x_wconf 82' lang='lat' dir='ltr'>sena-</span> 
     </span>
     <span class='ocr_line' id='line_1_23' title="bbox 327 756 1738 816; baseline -0.004 -13"><span class='ocrx_word' id='word_1_103' title='bbox 327 770 400 804; x_wconf 78' lang='lat' dir='ltr'>tus.</span> <span class='ocrx_word' id='word_1_104' title='bbox 463 765 578 804; x_wconf 87' lang='lat' dir='ltr'>Tum</span> <span class='ocrx_word' id='word_1_105' title='bbox 609 764 777 805; x_wconf 88' lang='lat' dir='ltr'>demum</span> <span class='ocrx_word' id='word_1_106' title='bbox 809 760 1012 816; x_wconf 88' lang='lat' dir='ltr'>Popillius</span> <span class='ocrx_word' id='word_1_107' title='bbox 1042 760 1231 801; x_wconf 83' lang='lat' dir='ltr'>dextram</span> <span class='ocrx_word' id='word_1_108' title='bbox 1261 759 1363 816; x_wconf 88' lang='lat' dir='ltr'>regi,</span> <span class='ocrx_word' id='word_1_109' title='bbox 1386 767 1599 813; x_wconf 85' lang='lat' dir='ltr'>tamquam</span> <span class='ocrx_word' id='word_1_110' title='bbox 1629 756 1738 798; x_wconf 85' lang='lat' dir='ltr'>socio</span> 
     </span>
     <span class='ocr_line' id='line_1_24' title="bbox 329 814 1738 875; baseline -0.005 -13"><span class='ocrx_word' id='word_1_111' title='bbox 329 828 454 875; x_wconf 85' lang='lat' dir='ltr'>atque</span> <span class='ocrx_word' id='word_1_112' title='bbox 476 821 622 870; x_wconf 84' lang='lat' dir='ltr'>amico,</span> <span class='ocrx_word' id='word_1_113' title='bbox 643 818 842 875; x_wconf 78' lang='lat' dir='ltr'>porrexit.</span> <span class='ocrx_word' id='word_1_114' title='bbox 903 817 984 858; x_wconf 90' lang='lat' dir='ltr'>Die</span> <span class='ocrx_word' id='word_1_115' title='bbox 1013 816 1162 858; x_wconf 91' lang='lat' dir='ltr'>deinde</span> <span class='ocrx_word' id='word_1_116' title='bbox 1191 816 1310 858; x_wconf 87' lang='lat' dir='ltr'>finita</span> <span class='ocrx_word' id='word_1_117' title='bbox 1337 831 1469 872; x_wconf 90' lang='lat' dir='ltr'>quum</span> <span class='ocrx_word' id='word_1_118' title='bbox 1500 814 1738 856; x_wconf 84' lang='lat' dir='ltr'>excessisset</span> 
     </span>
     <span class='ocr_line' id='line_1_25' title="bbox 330 871 1740 933; baseline -0.006 -14"><span class='ocrx_word' id='word_1_119' title='bbox 330 877 525 933; x_wconf 75' lang='lat' dir='ltr'>AEgypto</span> <span class='ocrx_word' id='word_1_120' title='bbox 555 876 805 925; x_wconf 83' lang='lat' dir='ltr'>Antiochus,</span> <span class='ocrx_word' id='word_1_121' title='bbox 828 873 969 929; x_wconf 85' lang='lat' dir='ltr'>legati,</span> <span class='ocrx_word' id='word_1_122' title='bbox 991 874 1209 914; x_wconf 86' lang='lat' dir='ltr'>concordia</span> <span class='ocrx_word' id='word_1_123' title='bbox 1233 873 1355 914; x_wconf 88' lang='lat' dir='ltr'>etiam</span> <span class='ocrx_word' id='word_1_124' title='bbox 1387 871 1634 914; x_wconf 84' lang='lat' dir='ltr'>auctoritate</span> <span class='ocrx_word' id='word_1_125' title='bbox 1664 885 1740 911; x_wconf 87' lang='lat' dir='ltr'>sua</span> 
     </span>
     <span class='ocr_line' id='line_1_26' title="bbox 329 930 1738 985; baseline -0.005 -10"><span class='ocrx_word' id='word_1_126' title='bbox 329 932 437 975; x_wconf 79' lang='lat' dir='ltr'>inter</span> <span class='ocrx_word' id='word_1_127' title='bbox 458 935 606 976; x_wconf 85' lang='lat' dir='ltr'>fratres</span> <span class='ocrx_word' id='word_1_128' title='bbox 635 934 813 982; x_wconf 85' lang='lat' dir='ltr'>firmata,</span> <span class='ocrx_word' id='word_1_129' title='bbox 844 930 991 971; x_wconf 74' lang='lat' dir='ltr'>47inter</span> <span class='ocrx_word' id='word_1_130' title='bbox 1022 946 1125 985; x_wconf 86' lang='lat' dir='ltr'>quos</span> <span class='ocrx_word' id='word_1_131' title='bbox 1154 930 1329 970; x_wconf 86' lang='lat' dir='ltr'>vixdum</span> <span class='ocrx_word' id='word_1_132' title='bbox 1360 935 1620 977; x_wconf 87' lang='lat' dir='ltr'>convenerat,</span> <span class='ocrx_word' id='word_1_133' title='bbox 1642 942 1738 983; x_wconf 85' lang='lat' dir='ltr'>pars</span> 
     </span>
     <span class='ocr_line' id='line_1_27' title="bbox 331 985 1740 1047; baseline -0.005 -15"><span class='ocrx_word' id='word_1_134' title='bbox 331 993 521 1047; x_wconf 82' lang='lat' dir='ltr'>Cyprum</span> <span class='ocrx_word' id='word_1_135' title='bbox 543 991 740 1046; x_wconf 85' lang='lat' dir='ltr'>navigant</span> <span class='ocrx_word' id='word_1_136' title='bbox 759 1006 767 1030; x_wconf 89' lang='lat'>:</span> <span class='ocrx_word' id='word_1_137' title='bbox 801 996 842 1030; x_wconf 91' lang='lat' dir='ltr'>et</span> <span class='ocrx_word' id='word_1_138' title='bbox 863 988 973 1037; x_wconf 87' lang='lat' dir='ltr'>inde,</span> <span class='ocrx_word' id='word_1_139' title='bbox 996 1003 1092 1042; x_wconf 77' lang='lat' dir='ltr'>quae</span> <span class='ocrx_word' id='word_1_140' title='bbox 1118 988 1205 1043; x_wconf 83' lang='lat' dir='ltr'>jam</span> <span class='ocrx_word' id='word_1_141' title='bbox 1227 986 1381 1027; x_wconf 86' lang='lat' dir='ltr'>vicerat</span> <span class='ocrx_word' id='word_1_142' title='bbox 1405 985 1553 1042; x_wconf 85' lang='lat' dir='ltr'>proelio</span> <span class='ocrx_word' id='word_1_143' title='bbox 1575 985 1740 1040; x_wconf 88' lang='lat' dir='ltr'>AEgyp-</span> 
     </span>
     <span class='ocr_line' id='line_1_28' title="bbox 329 1043 1740 1098; baseline -0.006 -9"><span class='ocrx_word' id='word_1_144' title='bbox 329 1048 406 1088; x_wconf 86' lang='lat' dir='ltr'>tias</span> <span class='ocrx_word' id='word_1_145' title='bbox 428 1063 565 1098; x_wconf 84' lang='lat' dir='ltr'>naves,</span> <span class='ocrx_word' id='word_1_146' title='bbox 588 1048 756 1088; x_wconf 85' lang='lat' dir='ltr'>classem</span> <span class='ocrx_word' id='word_1_147' title='bbox 779 1044 979 1086; x_wconf 87' lang='lat' dir='ltr'>Antiochi</span> <span class='ocrx_word' id='word_1_148' title='bbox 1002 1044 1232 1085; x_wconf 85' lang='lat' dir='ltr'>dimittunt.</span> <span class='ocrx_word' id='word_1_149' title='bbox 1295 1043 1419 1084; x_wconf 87' lang='lat' dir='ltr'>Clara</span> <span class='ocrx_word' id='word_1_150' title='bbox 1434 1059 1482 1084; x_wconf 87' lang='lat' dir='ltr'>ea</span> <span class='ocrx_word' id='word_1_151' title='bbox 1500 1057 1574 1098; x_wconf 89' lang='lat' dir='ltr'>per</span> <span class='ocrx_word' id='word_1_152' title='bbox 1594 1049 1740 1097; x_wconf 84' lang='lat' dir='ltr'>gentes</span> 
     </span>
     <span class='ocr_line' id='line_1_29' title="bbox 329 1100 1742 1160; baseline -0.005 -15"><span class='ocrx_word' id='word_1_153' title='bbox 329 1104 483 1160; x_wconf 88' lang='lat' dir='ltr'>legatio</span> <span class='ocrx_word' id='word_1_154' title='bbox 512 1104 609 1154; x_wconf 86' lang='lat' dir='ltr'>fuit,</span> <span class='ocrx_word' id='word_1_155' title='bbox 641 1103 755 1160; x_wconf 90' lang='lat' dir='ltr'>quod</span> <span class='ocrx_word' id='word_1_156' title='bbox 784 1102 899 1142; x_wconf 87' lang='lat' dir='ltr'>haud</span> <span class='ocrx_word' id='word_1_157' title='bbox 929 1101 1056 1142; x_wconf 90' lang='lat' dir='ltr'>dubie</span> <span class='ocrx_word' id='word_1_158' title='bbox 1085 1101 1251 1141; x_wconf 87' lang='lat' dir='ltr'>ademta</span> <span class='ocrx_word' id='word_1_159' title='bbox 1281 1100 1492 1141; x_wconf 88' lang='lat' dir='ltr'>Antiocho</span> <span class='ocrx_word' id='word_1_160' title='bbox 1523 1100 1742 1154; x_wconf 83' lang='lat' dir='ltr'>AEgyptus</span> 
     </span>
     <span class='ocr_line' id='line_1_30' title="bbox 330 1155 1741 1217; baseline -0.004 -16"><span class='ocrx_word' id='word_1_161' title='bbox 330 1158 499 1203; x_wconf 88' lang='lat' dir='ltr'>habenti</span> <span class='ocrx_word' id='word_1_162' title='bbox 515 1162 618 1217; x_wconf 86' lang='lat' dir='ltr'>jam,</span> <span class='ocrx_word' id='word_1_163' title='bbox 640 1160 936 1214; x_wconf 87' lang='lat' dir='ltr'>redditumque</span> <span class='ocrx_word' id='word_1_164' title='bbox 957 1157 1140 1214; x_wconf 83' lang='lat' dir='ltr'>patrium</span> <span class='ocrx_word' id='word_1_165' title='bbox 1165 1172 1341 1212; x_wconf 88' lang='lat' dir='ltr'>regnum</span> <span class='ocrx_word' id='word_1_166' title='bbox 1373 1157 1492 1213; x_wconf 87' lang='lat' dir='ltr'>stirpi</span> <span class='ocrx_word' id='word_1_167' title='bbox 1524 1155 1741 1197; x_wconf 80' lang='lat' dir='ltr'>Ptolemaei</span> 
     </span>
     <span class='ocr_line' id='line_1_31' title="bbox 330 1212 1741 1271; baseline -0.004 -12"><span class='ocrx_word' id='word_1_168' title='bbox 330 1218 479 1259; x_wconf 83' lang='lat' dir='ltr'>fuerat.</span> <span class='ocrx_word' id='word_1_169' title='bbox 542 1217 771 1259; x_wconf 87' lang='lat' dir='ltr'>Consulum</span> <span class='ocrx_word' id='word_1_170' title='bbox 794 1217 883 1271; x_wconf 81' lang='lat' dir='ltr'>ejus</span> <span class='ocrx_word' id='word_1_171' title='bbox 905 1214 1015 1265; x_wconf 90' lang='lat' dir='ltr'>anni,</span> <span class='ocrx_word' id='word_1_172' title='bbox 1033 1214 1138 1255; x_wconf 83' lang='lat' dir='ltr'>sicut</span> <span class='ocrx_word' id='word_1_173' title='bbox 1160 1214 1330 1254; x_wconf 83' lang='lat' dir='ltr'>alterius</span> <span class='ocrx_word' id='word_1_174' title='bbox 1351 1213 1486 1254; x_wconf 87' lang='lat' dir='ltr'>clarus</span> <span class='ocrx_word' id='word_1_175' title='bbox 1502 1212 1741 1254; x_wconf 85' lang='lat' dir='ltr'>consulatus</span> 
     </span>
     <span class='ocr_line' id='line_1_32' title="bbox 330 1269 1742 1329; baseline -0.004 -14"><span class='ocrx_word' id='word_1_176' title='bbox 330 1275 479 1329; x_wconf 82' lang='lat' dir='ltr'>insigni</span> <span class='ocrx_word' id='word_1_177' title='bbox 512 1274 698 1323; x_wconf 81' lang='lat' dir='ltr'>victoria,</span> <span class='ocrx_word' id='word_1_178' title='bbox 730 1272 789 1314; x_wconf 87' lang='lat' dir='ltr'>ita</span> <span class='ocrx_word' id='word_1_179' title='bbox 818 1271 987 1313; x_wconf 88' lang='lat' dir='ltr'>alterius</span> <span class='ocrx_word' id='word_1_180' title='bbox 1016 1272 1193 1312; x_wconf 86' lang='lat' dir='ltr'>obscura</span> <span class='ocrx_word' id='word_1_181' title='bbox 1231 1271 1356 1320; x_wconf 88' lang='lat' dir='ltr'>fama,</span> <span class='ocrx_word' id='word_1_182' title='bbox 1387 1271 1488 1326; x_wconf 87' lang='lat' dir='ltr'>quia</span> <span class='ocrx_word' id='word_1_183' title='bbox 1526 1269 1742 1310; x_wconf 85' lang='lat' dir='ltr'>materiam</span> 
     </span>
     <span class='ocr_line' id='line_1_33' title="bbox 332 1325 1742 1386; baseline -0.004 -14"><span class='ocrx_word' id='word_1_184' title='bbox 332 1347 395 1372; x_wconf 87' lang='lat' dir='ltr'>res</span> <span class='ocrx_word' id='word_1_185' title='bbox 416 1328 587 1386; x_wconf 81' lang='lat' dir='ltr'>gerendi</span> <span class='ocrx_word' id='word_1_186' title='bbox 607 1346 689 1371; x_wconf 92' lang='grc'><strong>11011</strong></span> <span class='ocrx_word' id='word_1_187' title='bbox 710 1329 870 1370; x_wconf 86' lang='lat' dir='ltr'>habuit.</span> <span class='ocrx_word' id='word_1_188' title='bbox 931 1329 1029 1368; x_wconf 66' lang='lat' dir='ltr'>&lt;Iam</span> <span class='ocrx_word' id='word_1_189' title='bbox 1059 1327 1242 1384; x_wconf 87' lang='lat' dir='ltr'>primum</span> <span class='ocrx_word' id='word_1_190' title='bbox 1273 1342 1404 1383; x_wconf 84' lang='lat' dir='ltr'>quum</span> <span class='ocrx_word' id='word_1_191' title='bbox 1425 1326 1659 1383; x_wconf 87' lang='lat' dir='ltr'>legionibus</span> <span class='ocrx_word' id='word_1_192' title='bbox 1688 1325 1742 1366; x_wconf 86' lang='lat' dir='ltr'>ad</span> 
     </span>
     <span class='ocr_line' id='line_1_34' title="bbox 332 1382 1744 1440; baseline -0.004 -11"><span class='ocrx_word' id='word_1_193' title='bbox 332 1388 661 1428; x_wconf 86' lang='lat' dir='ltr'>conveniendum</span> <span class='ocrx_word' id='word_1_194' title='bbox 692 1386 801 1428; x_wconf 88' lang='lat' dir='ltr'>diem</span> <span class='ocrx_word' id='word_1_195' title='bbox 832 1385 954 1434; x_wconf 84' lang='lat' dir='ltr'>dixit,</span> <span class='ocrx_word' id='word_1_196' title='bbox 986 1399 1067 1425; x_wconf 92' lang='lat' dir='ltr'>non</span> <span class='ocrx_word' id='word_1_197' title='bbox 1097 1384 1309 1440; x_wconf 86' lang='lat' dir='ltr'>auspicato</span> <span class='ocrx_word' id='word_1_198' title='bbox 1339 1383 1371 1407; x_wconf 76' lang='lat'>‘¹⁸</span> <span class='ocrx_word' id='word_1_199' title='bbox 1385 1384 1588 1440; x_wconf 89' lang='lat' dir='ltr'>templum</span> <span class='ocrx_word' id='word_1_200' title='bbox 1617 1382 1744 1424; x_wconf 81' lang='lat' dir='ltr'>intra-</span> 
     </span>
     <span class='ocr_line' id='line_1_35' title="bbox 337 1439 1744 1497; baseline -0.004 -12"><span class='ocrx_word' id='word_1_201' title='bbox 337 1445 411 1485; x_wconf 89' lang='lat' dir='ltr'>vit.</span> <span class='ocrx_word' id='word_1_202' title='bbox 443 1445 545 1485; x_wconf 89' lang='lat' dir='ltr'>vitio</span> <span class='ocrx_word' id='word_1_203' title='bbox 576 1444 685 1485; x_wconf 85' lang='lat' dir='ltr'>diem</span> <span class='ocrx_word' id='word_1_204' title='bbox 716 1443 870 1484; x_wconf 87' lang='lat' dir='ltr'>dictam</span> <span class='ocrx_word' id='word_1_205' title='bbox 892 1457 977 1483; x_wconf 89' lang='lat' dir='ltr'>esse</span> <span class='ocrx_word' id='word_1_206' title='bbox 1006 1456 1199 1497; x_wconf 85' lang='lat' dir='ltr'>augures,</span> <span class='ocrx_word' id='word_1_207' title='bbox 1223 1455 1354 1496; x_wconf 87' lang='lat' dir='ltr'>quum</span> <span class='ocrx_word' id='word_1_208' title='bbox 1385 1441 1438 1482; x_wconf 89' lang='lat' dir='ltr'>ad</span> <span class='ocrx_word' id='word_1_209' title='bbox 1468 1456 1536 1481; x_wconf 89' lang='lat' dir='ltr'>eos</span> <span class='ocrx_word' id='word_1_210' title='bbox 1565 1439 1744 1480; x_wconf 89' lang='lat' dir='ltr'>relatum</span> 
     </span>
     <span class='ocr_line' id='line_1_36' title="bbox 337 1497 1746 1551; baseline -0.004 -9"><span class='ocrx_word' id='word_1_211' title='bbox 337 1509 413 1551; x_wconf 92' lang='lat' dir='ltr'>est,</span> <span class='ocrx_word' id='word_1_212' title='bbox 436 1502 719 1543; x_wconf 84' lang='lat' dir='ltr'>decreverunt.</span> <span class='ocrx_word' id='word_1_213' title='bbox 782 1498 1001 1540; x_wconf 87' lang='lat' dir='ltr'>Profectus</span> <span class='ocrx_word' id='word_1_214' title='bbox 1030 1498 1073 1538; x_wconf 91' lang='lat' dir='ltr'>in</span> <span class='ocrx_word' id='word_1_215' title='bbox 1104 1497 1284 1539; x_wconf 86' lang='lat' dir='ltr'>Galliam</span> <span class='ocrx_word' id='word_1_216' title='bbox 1314 1497 1420 1538; x_wconf 87' lang='lat' dir='ltr'>circa</span> <span class='ocrx_word' id='word_1_217' title='bbox 1451 1498 1619 1538; x_wconf 85' lang='lat' dir='ltr'>Macros</span> <span class='ocrx_word' id='word_1_218' title='bbox 1639 1511 1746 1537; x_wconf 86' lang='lat' dir='ltr'>cam-</span> 
     </span>
     <span class='ocr_line' id='line_1_37' title="bbox 337 1552 1745 1620; baseline -0.004 -21"><span class='ocrx_word' id='word_1_219' title='bbox 337 1573 412 1620; x_wconf 88' lang='lat' dir='ltr'>pos</span> <span class='ocrx_word' id='word_1_220' title='bbox 441 1558 495 1598; x_wconf 89' lang='lat' dir='ltr'>ad</span> <span class='ocrx_word' id='word_1_221' title='bbox 524 1565 684 1598; x_wconf 88' lang='lat' dir='ltr'>montes</span> <span class='ocrx_word' id='word_1_222' title='bbox 716 1556 950 1597; x_wconf 84' lang='lat' dir='ltr'>Siciminam</span> <span class='ocrx_word' id='word_1_223' title='bbox 981 1563 1021 1596; x_wconf 89' lang='lat' dir='ltr'>et</span> <span class='ocrx_word' id='word_1_224' title='bbox 1055 1555 1262 1610; x_wconf 88' lang='lat' dir='ltr'>Papinum</span> <span class='ocrx_word' id='word_1_225' title='bbox 1292 1554 1444 1596; x_wconf 87' lang='lat' dir='ltr'>stativa</span> <span class='ocrx_word' id='word_1_226' title='bbox 1466 1553 1643 1595; x_wconf 88' lang='lat' dir='ltr'>habuit:</span> <span class='ocrx_word' id='word_1_227' title='bbox 1676 1552 1745 1593; x_wconf 86' lang='lat' dir='ltr'>de-</span> 
     </span>
     <span class='ocr_line' id='line_1_38' title="bbox 337 1610 1744 1656; baseline -0.003 -2"><span class='ocrx_word' id='word_1_228' title='bbox 337 1615 434 1656; x_wconf 89' lang='lat' dir='ltr'>mde</span> <span class='ocrx_word' id='word_1_229' title='bbox 456 1615 563 1655; x_wconf 89' lang='lat' dir='ltr'>circa</span> <span class='ocrx_word' id='word_1_230' title='bbox 583 1615 727 1655; x_wconf 89' lang='lat' dir='ltr'>eadem</span> <span class='ocrx_word' id='word_1_231' title='bbox 748 1613 836 1654; x_wconf 87' lang='lat' dir='ltr'>loca</span> <span class='ocrx_word' id='word_1_232' title='bbox 857 1627 950 1653; x_wconf 88' lang='lat' dir='ltr'>cum</span> <span class='ocrx_word' id='word_1_233' title='bbox 974 1612 1092 1652; x_wconf 87' lang='lat' dir='ltr'>sociis</span> <span class='ocrx_word' id='word_1_234' title='bbox 1113 1611 1287 1653; x_wconf 90' lang='lat' dir='ltr'>nominis</span> <span class='ocrx_word' id='word_1_235' title='bbox 1310 1611 1451 1652; x_wconf 90' lang='lat' dir='ltr'>Latini</span> <span class='ocrx_word' id='word_1_236' title='bbox 1472 1610 1744 1652; x_wconf 85' lang='lat' dir='ltr'>hibernabat:</span> 
     </span>
     <span class='ocr_line' id='line_1_39' title="bbox 339 1665 1748 1726; baseline -0.003 -16"><span class='ocrx_word' id='word_1_237' title='bbox 339 1671 520 1726; x_wconf 89' lang='lat' dir='ltr'>legiones</span> <span class='ocrx_word' id='word_1_238' title='bbox 552 1673 768 1719; x_wconf 83' lang='lat' dir='ltr'>Romanae,</span> <span class='ocrx_word' id='word_1_239' title='bbox 800 1669 915 1725; x_wconf 87' lang='lat' dir='ltr'>quod</span> <span class='ocrx_word' id='word_1_240' title='bbox 945 1668 1047 1709; x_wconf 92' lang='lat' dir='ltr'>vitio</span> <span class='ocrx_word' id='word_1_241' title='bbox 1077 1668 1163 1708; x_wconf 90' lang='lat' dir='ltr'>dies</span> <span class='ocrx_word' id='word_1_242' title='bbox 1194 1667 1393 1709; x_wconf 88' lang='lat' dir='ltr'>exercitui</span> <span class='ocrx_word' id='word_1_243' title='bbox 1423 1668 1477 1709; x_wconf 89' lang='lat' dir='ltr'>ad</span> <span class='ocrx_word' id='word_1_244' title='bbox 1506 1665 1748 1709; x_wconf 85' lang='lat' dir='ltr'>convenien-</span> 
     </span>
     <span class='ocr_line' id='line_1_40' title="bbox 340 1724 1745 1782; baseline -0.004 -14"><span class='ocrx_word' id='word_1_245' title='bbox 340 1726 441 1769; x_wconf 89' lang='lat' dir='ltr'>dum</span> <span class='ocrx_word' id='word_1_246' title='bbox 473 1727 584 1769; x_wconf 87' lang='lat' dir='ltr'>dicta</span> <span class='ocrx_word' id='word_1_247' title='bbox 604 1735 706 1775; x_wconf 90' lang='lat' dir='ltr'>erat,</span> <span class='ocrx_word' id='word_1_248' title='bbox 731 1728 879 1767; x_wconf 86' lang='lat' dir='ltr'>Romae</span> <span class='ocrx_word' id='word_1_249' title='bbox 900 1733 1145 1766; x_wconf 86' lang='lat' dir='ltr'>manserant.</span> <span class='ocrx_word' id='word_1_250' title='bbox 1206 1726 1265 1766; x_wconf 88' lang='lat' dir='ltr'>Et</span> <span class='ocrx_word' id='word_1_251' title='bbox 1286 1732 1501 1780; x_wconf 62' lang='lat' dir='ltr'>praetores,</span> <span class='ocrx_word' id='word_1_252' title='bbox 1522 1731 1675 1782; x_wconf 80' lang='lat' dir='ltr'>praeter</span> <span class='ocrx_word' id='word_1_253' title='bbox 1698 1724 1745 1764; x_wconf 91' lang='lat' dir='ltr'>C.</span> 
     </span>
     <span class='ocr_line' id='line_1_41' title="bbox 343 1779 1748 1840; baseline -0.004 -15"><span class='ocrx_word' id='word_1_254' title='bbox 343 1784 552 1840; x_wconf 88' lang='lat' dir='ltr'>Papirium</span> <span class='ocrx_word' id='word_1_255' title='bbox 596 1784 842 1833; x_wconf 83' lang='lat' dir='ltr'>Carbonem,</span> <span class='ocrx_word' id='word_1_256' title='bbox 874 1782 941 1823; x_wconf 87' lang='grc'><strong>0111</strong></span> <span class='ocrx_word' id='word_1_257' title='bbox 974 1781 1163 1822; x_wconf 87' lang='lat' dir='ltr'>Sardinia</span> <span class='ocrx_word' id='word_1_258' title='bbox 1202 1790 1408 1831; x_wconf 83' lang='lat' dir='ltr'>evenerat,</span> <span class='ocrx_word' id='word_1_259' title='bbox 1438 1781 1481 1822; x_wconf 92' lang='lat' dir='ltr'>in</span> <span class='ocrx_word' id='word_1_260' title='bbox 1515 1779 1748 1837; x_wconf 84' lang='lat' dir='ltr'>provincias</span> 
     </span>
     <span class='ocr_line' id='line_1_42' title="bbox 340 1836 1748 1897; baseline -0.003 -16"><span class='ocrx_word' id='word_1_261' title='bbox 340 1841 434 1881; x_wconf 87' lang='lat' dir='ltr'>iere.</span> <span class='ocrx_word' id='word_1_262' title='bbox 475 1857 569 1881; x_wconf 89' lang='lat' dir='ltr'>eum</span> <span class='ocrx_word' id='word_1_263' title='bbox 595 1841 666 1897; x_wconf 82' lang='lat' dir='ltr'>jus</span> <span class='ocrx_word' id='word_1_264' title='bbox 687 1840 822 1881; x_wconf 88' lang='lat' dir='ltr'>dicere</span> <span class='ocrx_word' id='word_1_265' title='bbox 844 1841 991 1880; x_wconf 84' lang='lat' dir='ltr'>Romae</span> <span class='ocrx_word' id='word_1_266' title='bbox 1015 1838 1066 1890; x_wconf 74' lang='lat'>(49</span> <span class='ocrx_word' id='word_1_267' title='bbox 1079 1853 1173 1878; x_wconf 91' lang='lat' dir='ltr'>nam</span> <span class='ocrx_word' id='word_1_268' title='bbox 1195 1853 1284 1878; x_wconf 89' lang='lat' dir='ltr'>eam</span> <span class='ocrx_word' id='word_1_269' title='bbox 1305 1853 1474 1894; x_wconf 88' lang='lat' dir='ltr'>quoque</span> <span class='ocrx_word' id='word_1_270' title='bbox 1496 1845 1647 1878; x_wconf 88' lang='lat' dir='ltr'>sortem</span> <span class='ocrx_word' id='word_1_271' title='bbox 1677 1836 1748 1877; x_wconf 85' lang='lat' dir='ltr'>ha-</span> 
     </span>
     <span class='ocr_line' id='line_1_43' title="bbox 339 1895 1510 1952; baseline -0.003 -14"><span class='ocrx_word' id='word_1_272' title='bbox 339 1898 484 1949; x_wconf 86' lang='lat' dir='ltr'>bebat)</span> <span class='ocrx_word' id='word_1_273' title='bbox 516 1898 623 1938; x_wconf 88' lang='lat' dir='ltr'>inter</span> <span class='ocrx_word' id='word_1_274' title='bbox 643 1898 751 1938; x_wconf 84' lang='lat' dir='ltr'>cives</span> <span class='ocrx_word' id='word_1_275' title='bbox 767 1905 808 1938; x_wconf 91' lang='lat' dir='ltr'>et</span> <span class='ocrx_word' id='word_1_276' title='bbox 829 1895 1066 1952; x_wconf 83' lang='lat' dir='ltr'>peregrinos</span> <span class='ocrx_word' id='word_1_277' title='bbox 1090 1896 1235 1936; x_wconf 89' lang='lat' dir='ltr'>Patres</span> <span class='ocrx_word' id='word_1_278' title='bbox 1254 1902 1510 1935; x_wconf 87' lang='lat' dir='ltr'>censuerant.</span> 
     </span>
    </p>

    <p class='ocr_par' dir='ltr' id='par_1_5' title="bbox 398 1949 1747 2010">
     <span class='ocr_line' id='line_1_44' title="bbox 398 1949 1747 2010; baseline -0.002 -16"><span class='ocrx_word' id='word_1_279' title='bbox 398 1955 538 1995; x_wconf 82' lang='lat' dir='ltr'>XIII.</span> <span class='ocrx_word' id='word_1_280' title='bbox 571 1953 604 1977; x_wconf 86' lang='lat'>⁵⁰</span> <span class='ocrx_word' id='word_1_281' title='bbox 621 1953 704 1996; x_wconf 75' lang='lat' dir='ltr'>Et‘</span> <span class='ocrx_word' id='word_1_282' title='bbox 726 1953 928 2010; x_wconf 89' lang='lat' dir='ltr'>Popillius</span> <span class='ocrx_word' id='word_1_283' title='bbox 948 1960 989 1994; x_wconf 88' lang='lat' dir='ltr'>et</span> <span class='ocrx_word' id='word_1_284' title='bbox 1010 1967 1058 1993; x_wconf 89' lang='lat' dir='ltr'>ea</span> <span class='ocrx_word' id='word_1_285' title='bbox 1078 1951 1244 2008; x_wconf 86' lang='lat' dir='ltr'>legatiO,</span> <span class='ocrx_word' id='word_1_286' title='bbox 1267 1967 1362 2008; x_wconf 88' lang='lat' dir='ltr'>quae</span> <span class='ocrx_word' id='word_1_287' title='bbox 1383 1951 1507 1993; x_wconf 85' lang='lat' dir='ltr'>missa</span> <span class='ocrx_word' id='word_1_288' title='bbox 1526 1951 1580 1992; x_wconf 87' lang='lat' dir='ltr'>ad</span> <span class='ocrx_word' id='word_1_289' title='bbox 1596 1949 1747 1992; x_wconf 88' lang='lat' dir='ltr'>Antio-</span> 
     </span>
    </p>
   </div>
   <div class='ocr_carea' id='block_1_5' title="bbox 907 2030 1185 2067">
    <p class='ocr_par' dir='ltr' id='par_1_6' title="bbox 907 2030 1185 2067">
     <span class='ocr_line' id='line_1_45' title="bbox 907 2030 1185 2067; baseline 0 -2"><span class='ocrx_word' id='word_1_290' title='bbox 907 2030 920 2056; x_wconf 81' lang='lat' dir='ltr'>f</span> <span class='ocrx_word' id='word_1_291' title='bbox 936 2035 974 2065; x_wconf 79' lang='lat' dir='ltr'>Et</span> <span class='ocrx_word' id='word_1_292' title='bbox 990 2035 1012 2067; x_wconf 87' lang='lat' dir='ltr'>l.</span> <span class='ocrx_word' id='word_1_293' title='bbox 1032 2034 1072 2065; x_wconf 82' lang='lat' dir='ltr'>Ut</span> <span class='ocrx_word' id='word_1_294' title='bbox 1087 2034 1185 2065; x_wconf 87' lang='lat' dir='ltr'>Gron.</span> 
     </span>
    </p>
   </div>
   <div class='ocr_carea' id='block_1_6' title="bbox 335 2119 1027 2890">
    <p class='ocr_par' dir='ltr' id='par_1_7' title="bbox 339 2119 1025 2243">
     <span class='ocr_line' id='line_1_46' title="bbox 340 2119 1025 2162; baseline -0.004 -9"><span class='ocrx_word' id='word_1_295' title='bbox 340 2133 418 2157; x_wconf 84' lang='lat' dir='ltr'>cam,</span> <span class='ocrx_word' id='word_1_296' title='bbox 443 2122 531 2162; x_wconf 79' lang='lat' dir='ltr'>cujus</span> <span class='ocrx_word' id='word_1_297' title='bbox 558 2121 743 2152; x_wconf 85' lang='lat' dir='ltr'>mentionem</span> <span class='ocrx_word' id='word_1_298' title='bbox 769 2121 885 2153; x_wconf 86' lang='lat' dir='ltr'>faciunt</span> <span class='ocrx_word' id='word_1_299' title='bbox 913 2119 1025 2151; x_wconf 80' lang='lat' dir='ltr'>Suidas</span> 
     </span>
     <span class='ocr_line' id='line_1_47' title="bbox 339 2164 1024 2205; baseline -0.004 -9"><span class='ocrx_word' id='word_1_300' title='bbox 339 2166 370 2196; x_wconf 90' lang='lat' dir='ltr'>in</span> <span class='ocrx_word' id='word_1_301' title='bbox 387 2175 459 2196; x_wconf 87' lang='lat' dir='ltr'>voce</span> <span class='ocrx_word' id='word_1_302' title='bbox 475 2165 690 2205; x_wconf 67' lang='grc' dir='ltr'>Καλλίμαχος,</span> <span class='ocrx_word' id='word_1_303' title='bbox 707 2171 737 2196; x_wconf 84' lang='lat' dir='ltr'>et</span> <span class='ocrx_word' id='word_1_304' title='bbox 751 2165 870 2200; x_wconf 82' lang='lat' dir='ltr'>Strabo,</span> <span class='ocrx_word' id='word_1_305' title='bbox 882 2164 902 2194; x_wconf 93' lang='lat' dir='ltr'>l.</span> <span class='ocrx_word' id='word_1_306' title='bbox 914 2164 1024 2195; x_wconf 85' lang='lat' dir='ltr'>XVII.</span> 
     </span>
     <span class='ocr_line' id='line_1_48' title="bbox 340 2208 717 2243; baseline -0.003 -4"><span class='ocrx_word' id='word_1_307' title='bbox 340 2214 372 2239; x_wconf 90' lang='lat' dir='ltr'>et</span> <span class='ocrx_word' id='word_1_308' title='bbox 385 2208 566 2243; x_wconf 65' lang='lat' dir='ltr'>Athenaeus,</span> <span class='ocrx_word' id='word_1_309' title='bbox 582 2208 604 2238; x_wconf 92' lang='lat' dir='ltr'>l.</span> <span class='ocrx_word' id='word_1_310' title='bbox 620 2209 717 2238; x_wconf 85' lang='lat' dir='ltr'>XIII.</span> 
     </span>
    </p>

    <p class='ocr_par' dir='ltr' id='par_1_8' title="bbox 343 2249 1027 2335">
     <span class='ocr_line' id='line_1_49' title="bbox 383 2249 1027 2290; baseline -0.003 -9"><span class='ocrx_word' id='word_1_311' title='bbox 383 2251 424 2286; x_wconf 84' lang='lat'>46</span> <span class='ocrx_word' id='word_1_312' title='bbox 459 2252 568 2286; x_wconf 76' lang='lat' dir='ltr'>Quibus</span> <span class='ocrx_word' id='word_1_313' title='bbox 600 2250 746 2290; x_wconf 70' lang='lat' dir='ltr'>perlectis]</span> <span class='ocrx_word' id='word_1_314' title='bbox 793 2249 862 2280; x_wconf 88' lang='lat' dir='ltr'>Hoc</span> <span class='ocrx_word' id='word_1_315' title='bbox 898 2249 1027 2280; x_wconf 83' lang='lat' dir='ltr'>debetur</span> 
     </span>
     <span class='ocr_line' id='line_1_50' title="bbox 343 2292 780 2335; baseline -0.002 -11"><span class='ocrx_word' id='word_1_316' title='bbox 343 2293 478 2334; x_wconf 80' lang='lat' dir='ltr'>Sigonio.</span> <span class='ocrx_word' id='word_1_317' title='bbox 523 2294 626 2324; x_wconf 84' lang='lat' dir='ltr'>Antea</span> <span class='ocrx_word' id='word_1_318' title='bbox 634 2292 780 2335; x_wconf 43' lang='lat' dir='ltr'>per-fectis,</span> 
     </span>
    </p>

    <p class='ocr_par' dir='ltr' id='par_1_9' title="bbox 335 2336 1024 2890">
     <span class='ocr_line' id='line_1_51' title="bbox 391 2336 1023 2376; baseline -0.003 -11"><span class='ocrx_word' id='word_1_319' title='bbox 391 2337 430 2367; x_wconf 88' lang='grc'>47</span> <span class='ocrx_word' id='word_1_320' title='bbox 478 2336 560 2366; x_wconf 73' lang='lat' dir='ltr'>Inter</span> <span class='ocrx_word' id='word_1_321' title='bbox 592 2347 659 2376; x_wconf 80' lang='lat' dir='ltr'>quos</span> <span class='ocrx_word' id='word_1_322' title='bbox 693 2337 808 2366; x_wconf 68' lang='lat' dir='ltr'>vixdum</span> <span class='ocrx_word' id='word_1_323' title='bbox 844 2340 1023 2369; x_wconf 76' lang='lat' dir='ltr'>convenerat,</span> 
     </span>
     <span class='ocr_line' id='line_1_52' title="bbox 337 2376 1024 2420; baseline 0 -14"><span class='ocrx_word' id='word_1_324' title='bbox 337 2389 406 2416; x_wconf 78' lang='lat' dir='ltr'>pars</span> <span class='ocrx_word' id='word_1_325' title='bbox 439 2379 569 2419; x_wconf 70' lang='lat' dir='ltr'>Cyprzmz</span> <span class='ocrx_word' id='word_1_326' title='bbox 598 2378 753 2420; x_wconf 75' lang='lat' dir='ltr'>navigant]</span> <span class='ocrx_word' id='word_1_327' title='bbox 791 2376 931 2408; x_wconf 84' lang='lat' dir='ltr'>Feliciter</span> <span class='ocrx_word' id='word_1_328' title='bbox 959 2387 1024 2407; x_wconf 87' lang='lat' dir='ltr'>cor-</span> 
     </span>
     <span class='ocr_line' id='line_1_53' title="bbox 339 2419 1024 2461; baseline 0.001 -12"><span class='ocrx_word' id='word_1_329' title='bbox 339 2419 409 2461; x_wconf 87' lang='lat' dir='ltr'>rigit</span> <span class='ocrx_word' id='word_1_330' title='bbox 437 2421 518 2451; x_wconf 88' lang='lat' dir='ltr'>hune</span> <span class='ocrx_word' id='word_1_331' title='bbox 545 2421 645 2451; x_wconf 85' lang='lat' dir='ltr'>locum</span> <span class='ocrx_word' id='word_1_332' title='bbox 681 2420 857 2451; x_wconf 84' lang='lat' dir='ltr'>Perizonius</span> <span class='ocrx_word' id='word_1_333' title='bbox 885 2419 915 2449; x_wconf 91' lang='lat' dir='ltr'>in</span> <span class='ocrx_word' id='word_1_334' title='bbox 943 2420 1024 2450; x_wconf 88' lang='lat' dir='ltr'>hunc</span> 
     </span>
     <span class='ocr_line' id='line_1_54' title="bbox 339 2463 1021 2503; baseline 0 -11"><span class='ocrx_word' id='word_1_335' title='bbox 339 2463 486 2494; x_wconf 85' lang='lat' dir='ltr'>modum:</span> <span class='ocrx_word' id='word_1_336' title='bbox 521 2465 597 2494; x_wconf 74' lang='lat' dir='ltr'>inter</span> <span class='ocrx_word' id='word_1_337' title='bbox 621 2475 687 2503; x_wconf 75' lang='lat' dir='ltr'>quos</span> <span class='ocrx_word' id='word_1_338' title='bbox 712 2465 829 2493; x_wconf 57' lang='lat' dir='ltr'>fisclum</span> <span class='ocrx_word' id='word_1_339' title='bbox 854 2469 1021 2492; x_wconf 74' lang='lat' dir='ltr'>convenerat</span> 
     </span>
     <span class='ocr_line' id='line_1_55' title="bbox 335 2504 1021 2547; baseline -0.001 -12"><span class='ocrx_word' id='word_1_340' title='bbox 335 2517 403 2545; x_wconf 72' lang='lat' dir='ltr'>pam,</span> <span class='ocrx_word' id='word_1_341' title='bbox 430 2509 559 2546; x_wconf 71' lang='lat' dir='ltr'>Cyprum</span> <span class='ocrx_word' id='word_1_342' title='bbox 586 2509 738 2547; x_wconf 71' lang='lat' dir='ltr'>navigant.</span> <span class='ocrx_word' id='word_1_343' title='bbox 791 2504 894 2545; x_wconf 84' lang='lat' dir='ltr'>Hujus</span> <span class='ocrx_word' id='word_1_344' title='bbox 917 2515 1021 2535; x_wconf 88' lang='lat' dir='ltr'>emen—</span> 
     </span>
     <span class='ocr_line' id='line_1_56' title="bbox 339 2548 1022 2589; baseline 0 -11"><span class='ocrx_word' id='word_1_345' title='bbox 339 2548 470 2579; x_wconf 87' lang='lat' dir='ltr'>dationis</span> <span class='ocrx_word' id='word_1_346' title='bbox 491 2548 655 2579; x_wconf 83' lang='lat' dir='ltr'>necessitas</span> <span class='ocrx_word' id='word_1_347' title='bbox 678 2548 823 2589; x_wconf 83' lang='lat' dir='ltr'>probatur</span> <span class='ocrx_word' id='word_1_348' title='bbox 845 2553 910 2577; x_wconf 85' lang='lat' dir='ltr'>tum</span> <span class='ocrx_word' id='word_1_349' title='bbox 932 2558 969 2578; x_wconf 83' lang='lat' dir='ltr'>ex</span> <span class='ocrx_word' id='word_1_350' title='bbox 985 2558 1022 2578; x_wconf 93' lang='lat' dir='ltr'>eo</span> 
     </span>
     <span class='ocr_line' id='line_1_57' title="bbox 337 2589 1020 2632; baseline -0.001 -10"><span class='ocrx_word' id='word_1_351' title='bbox 337 2591 419 2632; x_wconf 88' lang='lat' dir='ltr'>quod</span> <span class='ocrx_word' id='word_1_352' title='bbox 435 2602 496 2622; x_wconf 90' lang='lat' dir='ltr'>non</span> <span class='ocrx_word' id='word_1_353' title='bbox 517 2596 662 2621; x_wconf 84' lang='lat' dir='ltr'>memoret</span> <span class='ocrx_word' id='word_1_354' title='bbox 685 2589 800 2625; x_wconf 85' lang='lat' dir='ltr'>Livius,</span> <span class='ocrx_word' id='word_1_355' title='bbox 816 2590 889 2629; x_wconf 90' lang='lat' dir='ltr'>quid</span> <span class='ocrx_word' id='word_1_356' title='bbox 912 2590 1020 2621; x_wconf 69' lang='lat' dir='ltr'>effece=</span> 
     </span>
     <span class='ocr_line' id='line_1_58' title="bbox 338 2632 1021 2676; baseline -0.001 -12"><span class='ocrx_word' id='word_1_357' title='bbox 338 2634 377 2664; x_wconf 87' lang='lat' dir='ltr'>rit</span> <span class='ocrx_word' id='word_1_358' title='bbox 403 2645 472 2676; x_wconf 85' lang='lat' dir='ltr'>pars</span> <span class='ocrx_word' id='word_1_359' title='bbox 499 2634 596 2665; x_wconf 86' lang='lat' dir='ltr'>altera</span> <span class='ocrx_word' id='word_1_360' title='bbox 620 2632 791 2673; x_wconf 79' lang='lat' dir='ltr'>legationis,</span> <span class='ocrx_word' id='word_1_361' title='bbox 818 2642 887 2672; x_wconf 81' lang='lat' dir='ltr'>quae</span> <span class='ocrx_word' id='word_1_362' title='bbox 918 2638 1021 2663; x_wconf 88' lang='lat' dir='ltr'>tamen</span> 
     </span>
     <span class='ocr_line' id='line_1_59' title="bbox 338 2675 1020 2709; baseline -0.004 -1"><span class='ocrx_word' id='word_1_363' title='bbox 338 2677 480 2708; x_wconf 83' lang='lat' dir='ltr'>universa</span> <span class='ocrx_word' id='word_1_364' title='bbox 500 2676 592 2707; x_wconf 88' lang='lat' dir='ltr'>trium</span> <span class='ocrx_word' id='word_1_365' title='bbox 613 2675 770 2706; x_wconf 87' lang='lat' dir='ltr'>hominum</span> <span class='ocrx_word' id='word_1_366' title='bbox 792 2680 868 2709; x_wconf 85' lang='lat' dir='ltr'>erat,</span> <span class='ocrx_word' id='word_1_367' title='bbox 892 2680 956 2705; x_wconf 86' lang='lat' dir='ltr'>tum</span> <span class='ocrx_word' id='word_1_368' title='bbox 983 2686 1020 2706; x_wconf 89' lang='lat' dir='ltr'>ex</span> 
     </span>
     <span class='ocr_line' id='line_1_60' title="bbox 337 2717 1019 2761; baseline -0.001 -12"><span class='ocrx_word' id='word_1_369' title='bbox 337 2729 373 2749; x_wconf 90' lang='lat' dir='ltr'>eo</span> <span class='ocrx_word' id='word_1_370' title='bbox 387 2720 469 2760; x_wconf 86' lang='lat' dir='ltr'>quod</span> <span class='ocrx_word' id='word_1_371' title='bbox 484 2719 643 2761; x_wconf 84' lang='lat' dir='ltr'>Polybius,</span> <span class='ocrx_word' id='word_1_372' title='bbox 658 2719 751 2758; x_wconf 80' lang='lat' dir='ltr'>legat.</span> <span class='ocrx_word' id='word_1_373' title='bbox 768 2718 820 2747; x_wconf 82' lang='lat'>92.</span> <span class='ocrx_word' id='word_1_374' title='bbox 843 2717 951 2747; x_wconf 80' lang='lat' dir='ltr'>iisdem</span> <span class='ocrx_word' id='word_1_375' title='bbox 967 2717 1019 2748; x_wconf 88' lang='lat' dir='ltr'>ho-</span> 
     </span>
     <span class='ocr_line' id='line_1_61' title="bbox 336 2759 1017 2803; baseline -0.003 -12"><span class='ocrx_word' id='word_1_376' title='bbox 336 2761 481 2797; x_wconf 86' lang='lat' dir='ltr'>minibus,</span> <span class='ocrx_word' id='word_1_377' title='bbox 496 2772 604 2802; x_wconf 83' lang='lat' dir='ltr'>nempe</span> <span class='ocrx_word' id='word_1_378' title='bbox 618 2763 678 2795; x_wconf 69' lang='grc' dir='ltr'>ταῖς</span> <span class='ocrx_word' id='word_1_379' title='bbox 694 2761 757 2803; x_wconf 63' lang='grc' dir='ltr'>περὶ</span> <span class='ocrx_word' id='word_1_380' title='bbox 774 2759 948 2795; x_wconf 67' lang='grc' dir='ltr'>Ποπίλλιον,</span> <span class='ocrx_word' id='word_1_381' title='bbox 963 2760 1017 2790; x_wconf 81' lang='lat' dir='ltr'>ad-</span> 
     </span>
     <span class='ocr_line' id='line_1_62' title="bbox 337 2802 1016 2845; baseline -0.001 -12"><span class='ocrx_word' id='word_1_382' title='bbox 337 2805 449 2835; x_wconf 82' lang='lat' dir='ltr'>scribat</span> <span class='ocrx_word' id='word_1_383' title='bbox 462 2815 498 2835; x_wconf 84' lang='lat' dir='ltr'>ea</span> <span class='ocrx_word' id='word_1_384' title='bbox 516 2804 618 2836; x_wconf 87' lang='lat' dir='ltr'>omnia</span> <span class='ocrx_word' id='word_1_385' title='bbox 639 2814 707 2845; x_wconf 83' lang='lat' dir='ltr'>quae</span> <span class='ocrx_word' id='word_1_386' title='bbox 729 2804 792 2834; x_wconf 85' lang='lat' dir='ltr'>sive</span> <span class='ocrx_word' id='word_1_387' title='bbox 813 2802 844 2832; x_wconf 86' lang='lat' dir='ltr'>in</span> <span class='ocrx_word' id='word_1_388' title='bbox 868 2803 1016 2844; x_wconf 84' lang='lat' dir='ltr'>AEgypto‚</span> 
     </span>
     <span class='ocr_line' id='line_1_63' title="bbox 336 2846 1017 2890; baseline 0 -14"><span class='ocrx_word' id='word_1_389' title='bbox 336 2846 399 2879; x_wconf 76' lang='lat' dir='ltr'>sive</span> <span class='ocrx_word' id='word_1_390' title='bbox 414 2847 444 2879; x_wconf 90' lang='lat' dir='ltr'>in</span> <span class='ocrx_word' id='word_1_391' title='bbox 460 2848 562 2890; x_wconf 82' lang='lat' dir='ltr'>Cypro</span> <span class='ocrx_word' id='word_1_392' title='bbox 582 2851 667 2889; x_wconf 75' lang='lat' dir='ltr'>gesta</span> <span class='ocrx_word' id='word_1_393' title='bbox 681 2851 761 2877; x_wconf 85' lang='lat' dir='ltr'>sunt.</span> <span class='ocrx_word' id='word_1_394' title='bbox 805 2846 823 2877; x_wconf 88' lang='lat' dir='ltr'>J</span> <span class='ocrx_word' id='word_1_395' title='bbox 828 2856 879 2876; x_wconf 82' lang='lat' dir='ltr'>am</span> <span class='ocrx_word' id='word_1_396' title='bbox 892 2856 962 2877; x_wconf 84' lang='lat' dir='ltr'>vero</span> <span class='ocrx_word' id='word_1_397' title='bbox 983 2851 1017 2876; x_wconf 86' lang='lat' dir='ltr'>ut</span> 
     </span>
    </p>
   </div>
   <div class='ocr_carea' id='block_1_7' title="bbox 1062 2117 1752 2887">
    <p class='ocr_par' dir='ltr' id='par_1_10' title="bbox 1067 2117 1751 2288">
     <span class='ocr_line' id='line_1_64' title="bbox 1067 2117 1750 2161; baseline -0.001 -11"><span class='ocrx_word' id='word_1_398' title='bbox 1067 2119 1209 2151; x_wconf 82' lang='lat' dir='ltr'>ostendat</span> <span class='ocrx_word' id='word_1_399' title='bbox 1233 2130 1327 2161; x_wconf 87' lang='lat' dir='ltr'>quam</span> <span class='ocrx_word' id='word_1_400' title='bbox 1353 2119 1451 2150; x_wconf 84' lang='lat' dir='ltr'>facilis</span> <span class='ocrx_word' id='word_1_401' title='bbox 1476 2120 1581 2161; x_wconf 86' lang='lat' dir='ltr'>lapsus</span> <span class='ocrx_word' id='word_1_402' title='bbox 1600 2118 1690 2150; x_wconf 86' lang='lat' dir='ltr'>fuerit</span> <span class='ocrx_word' id='word_1_403' title='bbox 1713 2117 1750 2149; x_wconf 91' lang='lat' dir='ltr'>li-</span> 
     </span>
     <span class='ocr_line' id='line_1_65' title="bbox 1067 2161 1751 2202; baseline -0.003 -9"><span class='ocrx_word' id='word_1_404' title='bbox 1067 2163 1185 2198; x_wconf 84' lang='lat' dir='ltr'>brariis,</span> <span class='ocrx_word' id='word_1_405' title='bbox 1210 2162 1292 2193; x_wconf 89' lang='lat' dir='ltr'>idem</span> <span class='ocrx_word' id='word_1_406' title='bbox 1313 2161 1488 2193; x_wconf 83' lang='lat' dir='ltr'>Perizonius</span> <span class='ocrx_word' id='word_1_407' title='bbox 1509 2163 1650 2193; x_wconf 83' lang='lat' dir='ltr'>observat</span> <span class='ocrx_word' id='word_1_408' title='bbox 1670 2171 1751 2202; x_wconf 85' lang='lat' dir='ltr'>saepe</span> 
     </span>
     <span class='ocr_line' id='line_1_66' title="bbox 1068 2204 1749 2253; baseline -0.001 -17"><span class='ocrx_word' id='word_1_409' title='bbox 1068 2206 1100 2236; x_wconf 87' lang='lat' dir='ltr'>in</span> <span class='ocrx_word' id='word_1_410' title='bbox 1111 2205 1252 2253; x_wconf 69' lang='lat' dir='ltr'>⁸antiquis</span> <span class='ocrx_word' id='word_1_411' title='bbox 1271 2204 1475 2236; x_wconf 84' lang='lat' dir='ltr'>monumentis</span> <span class='ocrx_word' id='word_1_412' title='bbox 1497 2205 1642 2247; x_wconf 91' lang='lat' dir='ltr'>scriptum</span> <span class='ocrx_word' id='word_1_413' title='bbox 1663 2214 1749 2247; x_wconf 85' lang='lat' dir='ltr'>repe-</span> 
     </span>
     <span class='ocr_line' id='line_1_67' title="bbox 1070 2259 1212 2288; baseline 0.007 -9"><span class='ocrx_word' id='word_1_414' title='bbox 1070 2260 1118 2279; x_wconf 81' lang='lat' dir='ltr'>riri</span> <span class='ocrx_word' id='word_1_415' title='bbox 1132 2259 1212 2288; x_wconf 58' lang='lat' dir='ltr'>pins,</span> 
     </span>
    </p>

    <p class='ocr_par' dir='ltr' id='par_1_11' title="bbox 1062 2288 1751 2535">
     <span class='ocr_line' id='line_1_68' title="bbox 1110 2288 1750 2331; baseline -0.005 -9"><span class='ocrx_word' id='word_1_416' title='bbox 1110 2292 1149 2322; x_wconf 81' lang='lat'>48</span> <span class='ocrx_word' id='word_1_417' title='bbox 1176 2291 1323 2330; x_wconf 76' lang='lat' dir='ltr'>Templum</span> <span class='ocrx_word' id='word_1_418' title='bbox 1346 2291 1484 2331; x_wconf 77' lang='lat' dir='ltr'>intravit]</span> <span class='ocrx_word' id='word_1_419' title='bbox 1512 2289 1675 2331; x_wconf 85' lang='lat' dir='ltr'>Templum</span> <span class='ocrx_word' id='word_1_420' title='bbox 1700 2288 1750 2321; x_wconf 86' lang='lat' dir='ltr'>hic</span> 
     </span>
     <span class='ocr_line' id='line_1_69' title="bbox 1067 2332 1749 2375; baseline -0.006 -10"><span class='ocrx_word' id='word_1_421' title='bbox 1067 2334 1266 2375; x_wconf 83' lang='lat' dir='ltr'>intelligimus</span> <span class='ocrx_word' id='word_1_422' title='bbox 1293 2333 1395 2364; x_wconf 88' lang='lat' dir='ltr'>locum</span> <span class='ocrx_word' id='word_1_423' title='bbox 1423 2332 1557 2374; x_wconf 78' lang='lat' dir='ltr'>auguriis</span> <span class='ocrx_word' id='word_1_424' title='bbox 1592 2342 1749 2363; x_wconf 85' lang='lat' dir='ltr'>consecra-</span> 
     </span>
     <span class='ocr_line' id='line_1_70' title="bbox 1067 2374 1750 2412; baseline -0.004 -5"><span class='ocrx_word' id='word_1_425' title='bbox 1067 2382 1142 2412; x_wconf 84' lang='lat' dir='ltr'>tum,</span> <span class='ocrx_word' id='word_1_426' title='bbox 1161 2376 1241 2407; x_wconf 89' lang='lat' dir='ltr'>unde</span> <span class='ocrx_word' id='word_1_427' title='bbox 1262 2375 1342 2406; x_wconf 87' lang='lat' dir='ltr'>diem</span> <span class='ocrx_word' id='word_1_428' title='bbox 1362 2375 1422 2406; x_wconf 91' lang='lat' dir='ltr'>dici</span> <span class='ocrx_word' id='word_1_429' title='bbox 1445 2376 1485 2406; x_wconf 87' lang='lat' dir='ltr'>ad</span> <span class='ocrx_word' id='word_1_430' title='bbox 1507 2374 1750 2407; x_wconf 85' lang='lat' dir='ltr'>conveniendum</span> 
     </span>
     <span class='ocr_line' id='line_1_71' title="bbox 1062 2417 1751 2454; baseline -0.004 -4"><span class='ocrx_word' id='word_1_431' title='bbox 1062 2419 1212 2450; x_wconf 81' lang='lat' dir='ltr'>exercitui</span> <span class='ocrx_word' id='word_1_432' title='bbox 1238 2428 1304 2449; x_wconf 86' lang='lat' dir='ltr'>mos</span> <span class='ocrx_word' id='word_1_433' title='bbox 1340 2424 1429 2454; x_wconf 85' lang='lat' dir='ltr'>esset,</span> <span class='ocrx_word' id='word_1_434' title='bbox 1458 2423 1493 2448; x_wconf 89' lang='lat' dir='ltr'>ut</span> <span class='ocrx_word' id='word_1_435' title='bbox 1518 2417 1635 2449; x_wconf 89' lang='lat' dir='ltr'>scilicet</span> <span class='ocrx_word' id='word_1_436' title='bbox 1662 2417 1751 2448; x_wconf 87' lang='lat' dir='ltr'>initia</span> 
     </span>
     <span class='ocr_line' id='line_1_72' title="bbox 1066 2460 1751 2503; baseline -0.004 -10"><span class='ocrx_word' id='word_1_437' title='bbox 1066 2463 1107 2493; x_wconf 90' lang='lat' dir='ltr'>rei</span> <span class='ocrx_word' id='word_1_438' title='bbox 1129 2461 1269 2503; x_wconf 82' lang='lat' dir='ltr'>gerendae</span> <span class='ocrx_word' id='word_1_439' title='bbox 1291 2462 1347 2492; x_wconf 90' lang='lat' dir='ltr'>sub</span> <span class='ocrx_word' id='word_1_440' title='bbox 1371 2460 1497 2491; x_wconf 88' lang='lat' dir='ltr'>deorum</span> <span class='ocrx_word' id='word_1_441' title='bbox 1511 2460 1636 2491; x_wconf 88' lang='lat' dir='ltr'>numine</span> <span class='ocrx_word' id='word_1_442' title='bbox 1651 2470 1751 2491; x_wconf 85' lang='lat' dir='ltr'>sume-</span> 
     </span>
     <span class='ocr_line' id='line_1_73' title="bbox 1065 2510 1178 2535; baseline 0 0"><span class='ocrx_word' id='word_1_443' title='bbox 1065 2510 1178 2535; x_wconf 89' lang='lat' dir='ltr'>rentur.</span> 
     </span>
    </p>

    <p class='ocr_par' dir='ltr' id='par_1_12' title="bbox 1064 2545 1752 2748">
     <span class='ocr_line' id='line_1_74' title="bbox 1108 2545 1749 2586; baseline -0.003 -10"><span class='ocrx_word' id='word_1_444' title='bbox 1108 2548 1148 2578; x_wconf 86' lang='lat'>49</span> <span class='ocrx_word' id='word_1_445' title='bbox 1182 2547 1257 2577; x_wconf 80' lang='lat' dir='ltr'>Nam</span> <span class='ocrx_word' id='word_1_446' title='bbox 1292 2558 1353 2577; x_wconf 85' lang='lat' dir='ltr'>eam</span> <span class='ocrx_word' id='word_1_447' title='bbox 1387 2557 1495 2586; x_wconf 71' lang='lat' dir='ltr'>qnoque</span> <span class='ocrx_word' id='word_1_448' title='bbox 1529 2552 1630 2576; x_wconf 77' lang='lat' dir='ltr'>sortem</span> <span class='ocrx_word' id='word_1_449' title='bbox 1665 2545 1749 2574; x_wconf 82' lang='lat' dir='ltr'>habe-</span> 
     </span>
     <span class='ocr_line' id='line_1_75' title="bbox 1065 2587 1750 2630; baseline -0.004 -10"><span class='ocrx_word' id='word_1_450' title='bbox 1065 2591 1129 2630; x_wconf 81' lang='lat' dir='ltr'>bat]</span> <span class='ocrx_word' id='word_1_451' title='bbox 1164 2589 1318 2621; x_wconf 85' lang='lat' dir='ltr'>Nimirum</span> <span class='ocrx_word' id='word_1_452' title='bbox 1342 2589 1575 2629; x_wconf 82' lang='lat' dir='ltr'>intelligendum</span> <span class='ocrx_word' id='word_1_453' title='bbox 1599 2592 1655 2622; x_wconf 89' lang='lat' dir='ltr'>est,</span> <span class='ocrx_word' id='word_1_454' title='bbox 1678 2587 1750 2617; x_wconf 89' lang='lat' dir='ltr'>mis-</span> 
     </span>
     <span class='ocr_line' id='line_1_76' title="bbox 1065 2630 1750 2671; baseline -0.004 -8"><span class='ocrx_word' id='word_1_455' title='bbox 1065 2643 1098 2663; x_wconf 90' lang='lat' dir='ltr'>so</span> <span class='ocrx_word' id='word_1_456' title='bbox 1121 2633 1266 2663; x_wconf 82' lang='lat' dir='ltr'>adversus</span> <span class='ocrx_word' id='word_1_457' title='bbox 1288 2631 1436 2663; x_wconf 83' lang='lat' dir='ltr'>Gentium</span> <span class='ocrx_word' id='word_1_458' title='bbox 1459 2631 1581 2667; x_wconf 86' lang='lat' dir='ltr'>Anicio,</span> <span class='ocrx_word' id='word_1_459' title='bbox 1603 2630 1690 2671; x_wconf 86' lang='lat' dir='ltr'>cujus</span> <span class='ocrx_word' id='word_1_460' title='bbox 1711 2640 1750 2660; x_wconf 88' lang='lat' dir='ltr'>ea</span> 
     </span>
     <span class='ocr_line' id='line_1_77' title="bbox 1064 2672 1752 2714; baseline -0.003 -9"><span class='ocrx_word' id='word_1_461' title='bbox 1064 2685 1127 2705; x_wconf 87' lang='lat' dir='ltr'>sors</span> <span class='ocrx_word' id='word_1_462' title='bbox 1156 2675 1264 2709; x_wconf 82' lang='lat' dir='ltr'>fuerat,</span> <span class='ocrx_word' id='word_1_463' title='bbox 1281 2675 1320 2705; x_wconf 84' lang='lat' dir='ltr'>ad</span> <span class='ocrx_word' id='word_1_464' title='bbox 1348 2675 1523 2706; x_wconf 83' lang='lat' dir='ltr'>Carbonem</span> <span class='ocrx_word' id='word_1_465' title='bbox 1548 2678 1660 2705; x_wconf 89' lang='lat' dir='ltr'>sortem</span> <span class='ocrx_word' id='word_1_466' title='bbox 1685 2672 1752 2714; x_wconf 90' lang='lat' dir='ltr'>ejus</span> 
     </span>
     <span class='ocr_line' id='line_1_78' title="bbox 1064 2717 1362 2748; baseline 0 -1"><span class='ocrx_word' id='word_1_467' title='bbox 1064 2718 1244 2748; x_wconf 82' lang='lat' dir='ltr'>translatam</span> <span class='ocrx_word' id='word_1_468' title='bbox 1258 2717 1362 2748; x_wconf 84' lang='lat' dir='ltr'>fuisse.</span> 
     </span>
    </p>

    <p class='ocr_par' dir='ltr' id='par_1_13' title="bbox 1062 2759 1751 2887">
     <span class='ocr_line' id='line_1_79' title="bbox 1105 2759 1750 2800; baseline -0.003 -10"><span class='ocrx_word' id='word_1_469' title='bbox 1105 2761 1145 2791; x_wconf 87' lang='lat'>50</span> <span class='ocrx_word' id='word_1_470' title='bbox 1170 2760 1209 2790; x_wconf 75' lang='lat' dir='ltr'>Et</span> <span class='ocrx_word' id='word_1_471' title='bbox 1240 2761 1392 2799; x_wconf 74' lang='lat' dir='ltr'>Popillius,</span> <span class='ocrx_word' id='word_1_472' title='bbox 1421 2766 1447 2790; x_wconf 80' lang='lat' dir='ltr'>et</span> <span class='ocrx_word' id='word_1_473' title='bbox 1476 2771 1509 2790; x_wconf 88' lang='lat' dir='ltr'>ea</span> <span class='ocrx_word' id='word_1_474' title='bbox 1533 2759 1654 2800; x_wconf 78' lang='lat' dir='ltr'>legatio]</span> <span class='ocrx_word' id='word_1_475' title='bbox 1690 2759 1750 2788; x_wconf 87' lang='lat' dir='ltr'>Le-</span> 
     </span>
     <span class='ocr_line' id='line_1_80' title="bbox 1062 2799 1751 2843; baseline -0.001 -11"><span class='ocrx_word' id='word_1_476' title='bbox 1062 2802 1106 2843; x_wconf 73' lang='lat' dir='ltr'>git</span> <span class='ocrx_word' id='word_1_477' title='bbox 1143 2803 1326 2839; x_wconf 87' lang='lat' dir='ltr'>Gronovius,</span> <span class='ocrx_word' id='word_1_478' title='bbox 1360 2809 1395 2833; x_wconf 80' lang='lat' dir='ltr'>ut</span> <span class='ocrx_word' id='word_1_479' title='bbox 1433 2803 1586 2842; x_wconf 78' lang='lat' dir='ltr'>Popillius.</span> <span class='ocrx_word' id='word_1_480' title='bbox 1651 2799 1751 2831; x_wconf 81' lang='lat' dir='ltr'>Nobis</span> 
     </span>
     <span class='ocr_line' id='line_1_81' title="bbox 1062 2843 1750 2887; baseline -0.001 -13"><span class='ocrx_word' id='word_1_481' title='bbox 1062 2845 1160 2886; x_wconf 76' lang='lat' dir='ltr'>magis</span> <span class='ocrx_word' id='word_1_482' title='bbox 1184 2847 1318 2887; x_wconf 82' lang='lat' dir='ltr'>placeret</span> <span class='ocrx_word' id='word_1_483' title='bbox 1347 2845 1448 2877; x_wconf 85' lang='lat' dir='ltr'>delere</span> <span class='ocrx_word' id='word_1_484' title='bbox 1475 2845 1506 2876; x_wconf 88' lang='lat' dir='ltr'>in</span> <span class='ocrx_word' id='word_1_485' title='bbox 1535 2843 1570 2875; x_wconf 89' lang='lat' dir='ltr'>iis</span> <span class='ocrx_word' id='word_1_486' title='bbox 1597 2853 1666 2884; x_wconf 79' lang='lat' dir='ltr'>quae</span> <span class='ocrx_word' id='word_1_487' title='bbox 1702 2853 1750 2874; x_wconf 83' lang='lat' dir='ltr'>se-</span> 
     </span>
    </p>
   </div>
   <div class='ocr_carea' id='block_1_8' title="bbox 1822 149 1825 243">
    <p class='ocr_par' dir='ltr' id='par_1_14' title="bbox 1818 137 1825 243">
     <span class='ocr_line' id='line_1_82' title="bbox 1822 149 1825 243; baseline 0.429 -1.286"><span class='ocrx_word' id='word_1_488' title='bbox 1822 149 1825 243; x_wconf 76' lang='grc' dir='ltr'>Ξ</span> 
     </span>
    </p>
   </div>
   <div class='ocr_carea' id='block_1_9' title="bbox 1820 3 1826 847">
    <p class='ocr_par' dir='ltr' id='par_1_15' title="bbox 1820 3 1826 847">
     <span class='ocr_line' id='line_1_83' title="bbox 1820 3 1826 847; baseline 0 0"><span class='ocrx_word' id='word_1_489' title='bbox 1820 3 1826 847; x_wconf 95' lang='lat' dir='ltr'> </span> 
     </span>
    </p>
   </div>
   <div class='ocr_carea' id='block_1_10' title="bbox 1817 3 1826 910">
    <p class='ocr_par' dir='ltr' id='par_1_16' title="bbox 1817 3 1826 910">
     <span class='ocr_line' id='line_1_84' title="bbox 1817 3 1826 910; baseline 0 0"><span class='ocrx_word' id='word_1_490' title='bbox 1817 3 1826 910; x_wconf 95' lang='lat' dir='ltr'> </span> 
     </span>
    </p>
   </div>
   <div class='ocr_carea' id='block_1_11' title="bbox 1817 257 1825 910">
    <p class='ocr_par' dir='ltr' id='par_1_17' title="bbox 1817 257 1825 910">
     <span class='ocr_line' id='line_1_85' title="bbox 1817 257 1825 910; baseline 0 0"><span class='ocrx_word' id='word_1_491' title='bbox 1817 257 1825 910; x_wconf 95' lang='lat' dir='ltr'> </span> 
     </span>
    </p>
   </div>
   <div class='ocr_carea' id='block_1_12' title="bbox 1820 1487 1826 2247">
    <p class='ocr_par' dir='ltr' id='par_1_18' title="bbox 1820 1487 1826 2247">
     <span class='ocr_line' id='line_1_86' title="bbox 1820 1487 1826 2247; baseline 0 0"><span class='ocrx_word' id='word_1_492' title='bbox 1820 1487 1826 2247; x_wconf 95' lang='lat' dir='ltr'> </span> 
     </span>
    </p>
   </div>
  </div>
 </body>
</html>
