<?xml version="1.0" encoding="UTF-8"?>
<!DOCTYPE html PUBLIC "-//W3C//DTD XHTML 1.0 Transitional//EN"
    "http://www.w3.org/TR/xhtml1/DTD/xhtml1-transitional.dtd">
<html xmlns="http://www.w3.org/1999/xhtml" xml:lang="en" lang="en">
 <head>
  <title>
</title>
<meta http-equiv="Content-Type" content="text/html;charset=utf-8" />
  <meta name='ocr-system' content='tesseract 3.04.00' />
  <meta name='ocr-capabilities' content='ocr_page ocr_carea ocr_par ocr_line ocrx_word'/>
</head>
<body>
  <div class='ocr_page' id='page_1' title='image "./historiarumaburb04livyuoft/historiarumaburb04livyuoft_0497.png"; bbox 0 0 1805 3174; ppageno 0'>
   <div class='ocr_carea' id='block_1_1' title="bbox 554 96 1512 147">
    <p class='ocr_par' dir='ltr' id='par_1_1' title="bbox 554 96 1512 147">
     <span class='ocr_line' id='line_1_1' title="bbox 554 96 1512 147; baseline 0 -1"><span class='ocrx_word' id='word_1_1' title='bbox 554 96 1027 146; x_wconf 61' lang='lat' dir='ltr'><strong>PRAEFATIO.</strong></span> <span class='ocrx_word' id='word_1_2' title='bbox 1414 100 1512 147; x_wconf 80' lang='lat' dir='ltr'>xlix</span> 
     </span>
    </p>
   </div>
   <div class='ocr_carea' id='block_1_2' title="bbox 28 237 1512 2786">
    <p class='ocr_par' dir='ltr' id='par_1_2' title="bbox 54 237 1512 520">
     <span class='ocr_line' id='line_1_2' title="bbox 65 237 1512 300; baseline 0.002 -16"><span class='ocrx_word' id='word_1_3' title='bbox 65 238 297 300; x_wconf 88' lang='lat' dir='ltr'>exempla</span> <span class='ocrx_word' id='word_1_4' title='bbox 333 238 686 300; x_wconf 82' lang='lat' dir='ltr'><strong>producemus,</strong></span> <span class='ocrx_word' id='word_1_5' title='bbox 709 255 813 287; x_wconf 89' lang='lat' dir='ltr'>non</span> <span class='ocrx_word' id='word_1_6' title='bbox 851 237 1165 285; x_wconf 83' lang='lat' dir='ltr'>accusatorio</span> <span class='ocrx_word' id='word_1_7' title='bbox 1202 237 1383 293; x_wconf 79' lang='lat' dir='ltr'>anime,</span> <span class='ocrx_word' id='word_1_8' title='bbox 1409 256 1512 287; x_wconf 90' lang='lat' dir='ltr'>non</span> 
     </span>
     <span class='ocr_line' id='line_1_3' title="bbox 63 314 1512 379; baseline 0 -16"><span class='ocrx_word' id='word_1_9' title='bbox 63 315 379 363; x_wconf 89' lang='lat' dir='ltr'>obtrectandi</span> <span class='ocrx_word' id='word_1_10' title='bbox 416 315 667 379; x_wconf 89' lang='lat' dir='ltr'>cupidine,</span> <span class='ocrx_word' id='word_1_11' title='bbox 695 317 784 364; x_wconf 88' lang='lat' dir='ltr'>sed</span> <span class='ocrx_word' id='word_1_12' title='bbox 822 316 938 378; x_wconf 84' lang='lat' dir='ltr'>quia</span> <span class='ocrx_word' id='word_1_13' title='bbox 974 314 1236 377; x_wconf 82' lang='lat' dir='ltr'>ingenuam</span> <span class='ocrx_word' id='word_1_14' title='bbox 1274 316 1425 363; x_wconf 88' lang='lat' dir='ltr'>semel</span> <span class='ocrx_word' id='word_1_15' title='bbox 1462 316 1512 364; x_wconf 93' lang='lat' dir='ltr'>in</span> 
     </span>
     <span class='ocr_line' id='line_1_4' title="bbox 54 391 1510 458; baseline -0.001 -17"><span class='ocrx_word' id='word_1_16' title='bbox 54 393 334 458; x_wconf 90' lang='lat' dir='ltr'>judicando</span> <span class='ocrx_word' id='word_1_17' title='bbox 371 393 647 441; x_wconf 87' lang='lat' dir='ltr'>libertatem</span> <span class='ocrx_word' id='word_1_18' title='bbox 684 393 919 456; x_wconf 82' lang='lat' dir='ltr'>professis</span> <span class='ocrx_word' id='word_1_19' title='bbox 952 393 1094 440; x_wconf 87' lang='lat' dir='ltr'>silere</span> <span class='ocrx_word' id='word_1_20' title='bbox 1122 393 1229 454; x_wconf 85' lang='lat' dir='ltr'>jam</span> <span class='ocrx_word' id='word_1_21' title='bbox 1265 391 1510 455; x_wconf 82' lang='lat' dir='ltr'>integrum</span> 
     </span>
     <span class='ocr_line' id='line_1_5' title="bbox 60 478 278 520; baseline 0.005 -1"><span class='ocrx_word' id='word_1_22' title='bbox 60 487 162 519; x_wconf 86' lang='lat' dir='ltr'>non</span> <span class='ocrx_word' id='word_1_23' title='bbox 187 478 278 520; x_wconf 91' lang='lat' dir='ltr'>est.</span> 
     </span>
    </p>

    <p class='ocr_par' dir='ltr' id='par_1_3' title="bbox 47 546 1511 1855">
     <span class='ocr_line' id='line_1_6' title="bbox 127 546 1511 611; baseline -0.002 -15"><span class='ocrx_word' id='word_1_24' title='bbox 127 549 277 597; x_wconf 90' lang='lat' dir='ltr'>Libro</span> <span class='ocrx_word' id='word_1_25' title='bbox 317 546 415 595; x_wconf 91' lang='lat' dir='ltr'><strong>III.</strong></span> <span class='ocrx_word' id='word_1_26' title='bbox 442 564 552 611; x_wconf 86' lang='lat' dir='ltr'>cap.</span> <span class='ocrx_word' id='word_1_27' title='bbox 578 556 657 595; x_wconf 81' lang='lat'>41.</span> <span class='ocrx_word' id='word_1_28' title='bbox 685 553 794 595; x_wconf 90' lang='lat' dir='ltr'>orto</span> <span class='ocrx_word' id='word_1_29' title='bbox 832 547 958 594; x_wconf 88' lang='lat' dir='ltr'>inter</span> <span class='ocrx_word' id='word_1_30' title='bbox 986 548 1208 610; x_wconf 82' lang='lat' dir='ltr'>Appium</span> <span class='ocrx_word' id='word_1_31' title='bbox 1245 546 1511 595; x_wconf 88' lang='lat' dir='ltr'>Decemvi-</span> 
     </span>
     <span class='ocr_line' id='line_1_7' title="bbox 57 625 1509 690; baseline -0.002 -17"><span class='ocrx_word' id='word_1_32' title='bbox 57 642 163 675; x_wconf 77' lang='lat' dir='ltr'>run]</span> <span class='ocrx_word' id='word_1_33' title='bbox 189 625 546 690; x_wconf 89' lang='lat' dir='ltr'>Valeriumque</span> <span class='ocrx_word' id='word_1_34' title='bbox 583 626 868 682; x_wconf 79' lang='lat' dir='ltr'>certamine,</span> <span class='ocrx_word' id='word_1_35' title='bbox 896 633 1063 673; x_wconf 89' lang='lat' dir='ltr'>narrat</span> <span class='ocrx_word' id='word_1_36' title='bbox 1099 625 1269 673; x_wconf 87' lang='lat' dir='ltr'>Livius</span> <span class='ocrx_word' id='word_1_37' title='bbox 1307 626 1368 673; x_wconf 86' lang='lat' dir='ltr'>ab</span> <span class='ocrx_word' id='word_1_38' title='bbox 1405 625 1509 672; x_wconf 84' lang='lat' dir='ltr'>De-</span> 
     </span>
     <span class='ocr_line' id='line_1_8' title="bbox 57 703 1506 760; baseline -0.001 -8"><span class='ocrx_word' id='word_1_39' title='bbox 57 704 270 752; x_wconf 90' lang='lat' dir='ltr'>cemviro</span> <span class='ocrx_word' id='word_1_40' title='bbox 296 703 542 752; x_wconf 87' lang='lat' dir='ltr'>indictum</span> <span class='ocrx_word' id='word_1_41' title='bbox 562 721 672 752; x_wconf 80' lang='lat' dir='ltr'>esse</span> <span class='ocrx_word' id='word_1_42' title='bbox 693 704 891 752; x_wconf 85' lang='lat' dir='ltr'>Valerio</span> <span class='ocrx_word' id='word_1_43' title='bbox 917 704 1184 760; x_wconf 88' lang='lat' dir='ltr'>silentium,</span> <span class='ocrx_word' id='word_1_44' title='bbox 1203 713 1248 751; x_wconf 73' lang='lat' dir='ltr'>ec</span> <span class='ocrx_word' id='word_1_45' title='bbox 1273 706 1339 752; x_wconf 80' lang='lat' dir='ltr'>ad</span> <span class='ocrx_word' id='word_1_46' title='bbox 1365 703 1506 752; x_wconf 86' lang='lat' dir='ltr'>Vale-</span> 
     </span>
     <span class='ocr_line' id='line_1_9' title="bbox 54 782 1506 848; baseline -0.001 -18"><span class='ocrx_word' id='word_1_47' title='bbox 54 784 196 838; x_wconf 73' lang='lat' dir='ltr'>rium,</span> <span class='ocrx_word' id='word_1_48' title='bbox 217 782 393 846; x_wconf 87' lang='lat' dir='ltr'>inquit,</span> <span class='ocrx_word' id='word_1_49' title='bbox 408 792 664 848; x_wconf 76' lang='lat' dir='ltr'><em>negantem</em></span> <span class='ocrx_word' id='word_1_50' title='bbox 681 800 728 830; x_wconf 78' lang='lat' dir='ltr'>se</span> <span class='ocrx_word' id='word_1_51' title='bbox 740 785 942 846; x_wconf 77' lang='lat' dir='ltr'>privato</span> <span class='ocrx_word' id='word_1_52' title='bbox 958 784 1172 837; x_wconf 72' lang='lat' dir='ltr'>reticere,</span> <span class='ocrx_word' id='word_1_53' title='bbox 1193 784 1410 830; x_wconf 74' lang='lat' dir='ltr'>lictorem</span> <span class='ocrx_word' id='word_1_54' title='bbox 1427 798 1506 829; x_wconf 83' lang='lat' dir='ltr'>ae-</span> 
     </span>
     <span class='ocr_line' id='line_1_10' title="bbox 53 859 1508 924; baseline 0 -17"><span class='ocrx_word' id='word_1_55' title='bbox 53 861 216 907; x_wconf 82' lang='lat' dir='ltr'>cedere</span> <span class='ocrx_word' id='word_1_56' title='bbox 223 861 395 924; x_wconf 77' lang='lat' dir='ltr'>jussit.</span> <span class='ocrx_word' id='word_1_57' title='bbox 443 860 631 907; x_wconf 80' lang='lat' dir='ltr'>Sensus</span> <span class='ocrx_word' id='word_1_58' title='bbox 657 866 857 923; x_wconf 85' lang='lat' dir='ltr'>apertus</span> <span class='ocrx_word' id='word_1_59' title='bbox 884 866 976 908; x_wconf 85' lang='lat' dir='ltr'>est.</span> <span class='ocrx_word' id='word_1_60' title='bbox 1032 859 1392 907; x_wconf 79' lang='lat' dir='ltr'>Contendebat</span> <span class='ocrx_word' id='word_1_61' title='bbox 1412 860 1508 907; x_wconf 87' lang='lat' dir='ltr'>Va-</span> 
     </span>
     <span class='ocr_line' id='line_1_11' title="bbox 53 936 1505 1001; baseline 0 -17"><span class='ocrx_word' id='word_1_62' title='bbox 53 936 202 984; x_wconf 86' lang='lat' dir='ltr'>lerius</span> <span class='ocrx_word' id='word_1_63' title='bbox 228 938 455 1001; x_wconf 89' lang='lat' dir='ltr'>Appium</span> <span class='ocrx_word' id='word_1_64' title='bbox 482 955 612 986; x_wconf 85' lang='lat' dir='ltr'>anno</span> <span class='ocrx_word' id='word_1_65' title='bbox 633 938 741 999; x_wconf 89' lang='lat' dir='ltr'>jam</span> <span class='ocrx_word' id='word_1_66' title='bbox 766 944 882 986; x_wconf 90' lang='lat' dir='ltr'>ante</span> <span class='ocrx_word' id='word_1_67' title='bbox 908 938 1090 986; x_wconf 85' lang='lat' dir='ltr'>abiisse</span> <span class='ocrx_word' id='word_1_68' title='bbox 1114 937 1420 999; x_wconf 78' lang='lat' dir='ltr'>magistratu,</span> <span class='ocrx_word' id='word_1_69' title='bbox 1448 954 1505 984; x_wconf 87' lang='lat' dir='ltr'>ac</span> 
     </span>
     <span class='ocr_line' id='line_1_12' title="bbox 53 1014 1505 1079; baseline 0.001 -18"><span class='ocrx_word' id='word_1_70' title='bbox 53 1014 264 1077; x_wconf 81' lang='lat' dir='ltr'>proinde</span> <span class='ocrx_word' id='word_1_71' title='bbox 299 1032 410 1062; x_wconf 91' lang='lat' dir='ltr'>eum</span> <span class='ocrx_word' id='word_1_72' title='bbox 438 1032 527 1079; x_wconf 90' lang='lat' dir='ltr'>pro</span> <span class='ocrx_word' id='word_1_73' title='bbox 556 1015 746 1079; x_wconf 88' lang='lat' dir='ltr'>privato</span> <span class='ocrx_word' id='word_1_74' title='bbox 782 1016 1016 1064; x_wconf 79' lang='lat' dir='ltr'>habebat,</span> <span class='ocrx_word' id='word_1_75' title='bbox 1090 1015 1258 1078; x_wconf 80' lang='lat' dir='ltr'>Negat</span> <span class='ocrx_word' id='word_1_76' title='bbox 1282 1015 1428 1077; x_wconf 81' lang='lat' dir='ltr'>igitur</span> <span class='ocrx_word' id='word_1_77' title='bbox 1452 1032 1505 1062; x_wconf 86' lang='lat' dir='ltr'>se</span> 
     </span>
     <span class='ocr_line' id='line_1_13' title="bbox 51 1092 1503 1155; baseline -0.001 -16"><span class='ocrx_word' id='word_1_78' title='bbox 51 1092 262 1140; x_wconf 86' lang='lat' dir='ltr'>reticere</span> <span class='ocrx_word' id='word_1_79' title='bbox 287 1093 468 1140; x_wconf 83' lang='lat' dir='ltr'>debere</span> <span class='ocrx_word' id='word_1_80' title='bbox 492 1110 553 1140; x_wconf 86' lang='lat' dir='ltr'>ex</span> <span class='ocrx_word' id='word_1_81' title='bbox 572 1093 716 1154; x_wconf 82' lang='lat' dir='ltr'>jussu</span> <span class='ocrx_word' id='word_1_82' title='bbox 743 1093 958 1140; x_wconf 88' lang='lat' dir='ltr'>hominis</span> <span class='ocrx_word' id='word_1_83' title='bbox 985 1092 1177 1155; x_wconf 86' lang='lat' dir='ltr'>privati.</span> <span class='ocrx_word' id='word_1_84' title='bbox 1247 1092 1311 1139; x_wconf 83' lang='lat' dir='ltr'>Se</span> <span class='ocrx_word' id='word_1_85' title='bbox 1337 1092 1503 1138; x_wconf 85' lang='lat' dir='ltr'>referri</span> 
     </span>
     <span class='ocr_line' id='line_1_14' title="bbox 52 1169 1501 1232; baseline 0 -16"><span class='ocrx_word' id='word_1_86' title='bbox 52 1169 203 1217; x_wconf 85' lang='lat' dir='ltr'>debet</span> <span class='ocrx_word' id='word_1_87' title='bbox 226 1170 289 1217; x_wconf 88' lang='lat' dir='ltr'>ad</span> <span class='ocrx_word' id='word_1_88' title='bbox 315 1169 563 1217; x_wconf 86' lang='lat' dir='ltr'>Valerium</span> <span class='ocrx_word' id='word_1_89' title='bbox 585 1187 596 1216; x_wconf 90' lang='lat'>:</span> <span class='ocrx_word' id='word_1_90' title='bbox 626 1171 829 1232; x_wconf 73' lang='lat' dir='ltr'>privato</span> <span class='ocrx_word' id='word_1_91' title='bbox 850 1177 922 1217; x_wconf 87' lang='lat' dir='ltr'>est</span> <span class='ocrx_word' id='word_1_92' title='bbox 947 1170 996 1217; x_wconf 90' lang='lat' dir='ltr'>in</span> <span class='ocrx_word' id='word_1_93' title='bbox 1015 1170 1171 1217; x_wconf 88' lang='lat' dir='ltr'>dandi</span> <span class='ocrx_word' id='word_1_94' title='bbox 1193 1187 1314 1217; x_wconf 88' lang='lat' dir='ltr'>casu</span> <span class='ocrx_word' id='word_1_95' title='bbox 1334 1189 1343 1216; x_wconf 89' lang='lat'>:</span> <span class='ocrx_word' id='word_1_96' title='bbox 1381 1170 1501 1217; x_wconf 84' lang='lat' dir='ltr'>nihil</span> 
     </span>
     <span class='ocr_line' id='line_1_15' title="bbox 52 1245 1500 1310; baseline 0.001 -17"><span class='ocrx_word' id='word_1_97' title='bbox 52 1245 249 1293; x_wconf 86' lang='lat' dir='ltr'>clarius.</span> <span class='ocrx_word' id='word_1_98' title='bbox 321 1246 574 1300; x_wconf 86' lang='lat' dir='ltr'>Quidnam</span> <span class='ocrx_word' id='word_1_99' title='bbox 591 1246 1088 1310; x_wconf 83' lang='lat' dir='ltr'>igiturjudicabimus</span> <span class='ocrx_word' id='word_1_100' title='bbox 1107 1247 1169 1294; x_wconf 87' lang='lat' dir='ltr'>de</span> <span class='ocrx_word' id='word_1_101' title='bbox 1191 1247 1284 1294; x_wconf 87' lang='lat' dir='ltr'>hac</span> <span class='ocrx_word' id='word_1_102' title='bbox 1304 1246 1500 1309; x_wconf 87' lang='lat' dir='ltr'>Dujatii</span> 
     </span>
     <span class='ocr_line' id='line_1_16' title="bbox 47 1324 1505 1389; baseline 0 -17"><span class='ocrx_word' id='word_1_103' title='bbox 47 1331 192 1372; x_wconf 86' lang='lat' dir='ltr'>nota:</span> <span class='ocrx_word' id='word_1_104' title='bbox 237 1324 303 1372; x_wconf 89' lang='lat' dir='ltr'>Se</span> <span class='ocrx_word' id='word_1_105' title='bbox 322 1327 389 1373; x_wconf 79' lang='lat' dir='ltr'>ad</span> <span class='ocrx_word' id='word_1_106' title='bbox 410 1325 630 1389; x_wconf 80' lang='lat' dir='ltr'>Appium</span> <span class='ocrx_word' id='word_1_107' title='bbox 661 1326 803 1387; x_wconf 77' lang='lat' dir='ltr'>refer,</span> <span class='ocrx_word' id='word_1_108' title='bbox 829 1343 924 1372; x_wconf 80' lang='lat' dir='ltr'>non</span> <span class='ocrx_word' id='word_1_109' title='bbox 944 1327 1010 1372; x_wconf 87' lang='lat' dir='ltr'>ad</span> <span class='ocrx_word' id='word_1_110' title='bbox 1038 1324 1288 1373; x_wconf 75' lang='lat' dir='ltr'>Valerium</span> <span class='ocrx_word' id='word_1_111' title='bbox 1304 1344 1319 1372; x_wconf 94' lang='grc'>.·</span> <span class='ocrx_word' id='word_1_112' title='bbox 1364 1327 1505 1388; x_wconf 78' lang='lat' dir='ltr'>quasi</span> 
     </span>
     <span class='ocr_line' id='line_1_17' title="bbox 49 1402 1504 1468; baseline -0.001 -18"><span class='ocrx_word' id='word_1_113' title='bbox 49 1405 183 1450; x_wconf 79' lang='lat' dir='ltr'>dicat</span> <span class='ocrx_word' id='word_1_114' title='bbox 216 1402 461 1458; x_wconf 62' lang='lat' dir='ltr'>Valeriae,</span> <span class='ocrx_word' id='word_1_115' title='bbox 486 1405 592 1467; x_wconf 77' lang='lat' dir='ltr'>ipso</span> <span class='ocrx_word' id='word_1_116' title='bbox 618 1403 788 1468; x_wconf 75' lang='lat' dir='ltr'>Appio</span> <span class='ocrx_word' id='word_1_117' title='bbox 803 1406 1025 1467; x_wconf 77' lang='lat' dir='ltr'>privato,</span> <span class='ocrx_word' id='word_1_118' title='bbox 1051 1420 1147 1450; x_wconf 76' lang='lat' dir='ltr'>non</span> <span class='ocrx_word' id='word_1_119' title='bbox 1171 1404 1337 1450; x_wconf 82' lang='lat' dir='ltr'>debere</span> <span class='ocrx_word' id='word_1_120' title='bbox 1362 1404 1504 1450; x_wconf 76' lang='lat' dir='ltr'>Silen-</span> 
     </span>
     <span class='ocr_line' id='line_1_18' title="bbox 50 1479 1502 1544; baseline -0.001 -17"><span class='ocrx_word' id='word_1_121' title='bbox 50 1481 171 1527; x_wconf 66' lang='lat' dir='ltr'>tium</span> <span class='ocrx_word' id='word_1_122' title='bbox 187 1481 289 1544; x_wconf 74' lang='lat' dir='ltr'>ejus</span> <span class='ocrx_word' id='word_1_123' title='bbox 304 1488 424 1528; x_wconf 75' lang='lat' dir='ltr'>nucu</span> <span class='ocrx_word' id='word_1_124' title='bbox 444 1482 644 1528; x_wconf 76' lang='lat' dir='ltr'>servari.</span> <span class='ocrx_word' id='word_1_125' title='bbox 716 1479 928 1528; x_wconf 84' lang='lat' dir='ltr'>Sensum</span> <span class='ocrx_word' id='word_1_126' title='bbox 948 1480 1150 1544; x_wconf 89' lang='lat' dir='ltr'>quidem</span> <span class='ocrx_word' id='word_1_127' title='bbox 1171 1479 1333 1543; x_wconf 78' lang='lat' dir='ltr'>attigit</span> <span class='ocrx_word' id='word_1_128' title='bbox 1352 1497 1362 1526; x_wconf 92' lang='lat'>:</span> <span class='ocrx_word' id='word_1_129' title='bbox 1402 1480 1502 1527; x_wconf 90' lang='lat' dir='ltr'>vim</span> 
     </span>
     <span class='ocr_line' id='line_1_19' title="bbox 50 1556 1500 1620; baseline 0.002 -17"><span class='ocrx_word' id='word_1_130' title='bbox 50 1557 309 1604; x_wconf 90' lang='lat' dir='ltr'>verborum</span> <span class='ocrx_word' id='word_1_131' title='bbox 344 1565 394 1604; x_wconf 91' lang='lat' dir='ltr'>et</span> <span class='ocrx_word' id='word_1_132' title='bbox 429 1556 593 1605; x_wconf 88' lang='lat' dir='ltr'>Latini</span> <span class='ocrx_word' id='word_1_133' title='bbox 630 1557 868 1606; x_wconf 86' lang='lat' dir='ltr'>sermonis</span> <span class='ocrx_word' id='word_1_134' title='bbox 908 1557 1260 1620; x_wconf 79' lang='lat' dir='ltr'>proprietatem</span> <span class='ocrx_word' id='word_1_135' title='bbox 1298 1573 1500 1620; x_wconf 88' lang='lat' dir='ltr'>prorsus</span> 
     </span>
     <span class='ocr_line' id='line_1_20' title="bbox 48 1634 1502 1696; baseline 0.002 -16"><span class='ocrx_word' id='word_1_136' title='bbox 48 1634 295 1696; x_wconf 84' lang='lat' dir='ltr'>pervertit.</span> <span class='ocrx_word' id='word_1_137' title='bbox 368 1634 493 1689; x_wconf 79' lang='lat' dir='ltr'>Quis</span> <span class='ocrx_word' id='word_1_138' title='bbox 526 1635 657 1682; x_wconf 87' lang='lat' dir='ltr'>enim</span> <span class='ocrx_word' id='word_1_139' title='bbox 692 1651 793 1682; x_wconf 86' lang='lat' dir='ltr'>non</span> <span class='ocrx_word' id='word_1_140' title='bbox 830 1634 969 1682; x_wconf 90' lang='lat' dir='ltr'>videt</span> <span class='ocrx_word' id='word_1_141' title='bbox 990 1645 1031 1684; x_wconf 76' lang='grc' dir='ltr'>τὸ</span> <span class='ocrx_word' id='word_1_142' title='bbox 1057 1652 1105 1682; x_wconf 76' lang='lat' dir='ltr'>se</span> <span class='ocrx_word' id='word_1_143' title='bbox 1141 1635 1307 1682; x_wconf 88' lang='lat' dir='ltr'>referri</span> <span class='ocrx_word' id='word_1_144' title='bbox 1343 1636 1502 1683; x_wconf 86' lang='lat' dir='ltr'>nullo-</span> 
     </span>
     <span class='ocr_line' id='line_1_21' title="bbox 49 1712 1499 1779; baseline 0.001 -20"><span class='ocrx_word' id='word_1_145' title='bbox 49 1713 204 1759; x_wconf 90' lang='lat' dir='ltr'>modo</span> <span class='ocrx_word' id='word_1_146' title='bbox 241 1728 391 1776; x_wconf 84' lang='lat' dir='ltr'>posse</span> <span class='ocrx_word' id='word_1_147' title='bbox 427 1712 491 1759; x_wconf 86' lang='lat' dir='ltr'>ad</span> <span class='ocrx_word' id='word_1_148' title='bbox 518 1712 772 1776; x_wconf 53' lang='lat' dir='ltr'>Appium}</span> <span class='ocrx_word' id='word_1_149' title='bbox 831 1712 955 1766; x_wconf 83' lang='lat' dir='ltr'>Quis</span> <span class='ocrx_word' id='word_1_150' title='bbox 982 1719 1149 1760; x_wconf 88' lang='lat' dir='ltr'>autem</span> <span class='ocrx_word' id='word_1_151' title='bbox 1174 1729 1393 1779; x_wconf 86' lang='lat' dir='ltr'>unquam</span> <span class='ocrx_word' id='word_1_152' title='bbox 1427 1712 1499 1761; x_wconf 87' lang='lat' dir='ltr'>sic</span> 
     </span>
     <span class='ocr_line' id='line_1_22' title="bbox 47 1789 1095 1855; baseline 0 -18"><span class='ocrx_word' id='word_1_153' title='bbox 47 1789 250 1838; x_wconf 88' lang='lat' dir='ltr'>locutus</span> <span class='ocrx_word' id='word_1_154' title='bbox 276 1792 387 1838; x_wconf 69' lang='lat' dir='ltr'>est?</span> <span class='ocrx_word' id='word_1_155' title='bbox 424 1790 573 1855; x_wconf 81' lang='lat' dir='ltr'>Nego</span> <span class='ocrx_word' id='word_1_156' title='bbox 597 1793 799 1839; x_wconf 79' lang='lat' dir='ltr'>reticere</span> <span class='ocrx_word' id='word_1_157' title='bbox 819 1800 863 1838; x_wconf 85' lang='lat' dir='ltr'>te</span> <span class='ocrx_word' id='word_1_158' title='bbox 876 1793 1095 1854; x_wconf 81' lang='lat' dir='ltr'>privato.</span> 
     </span>
    </p>

    <p class='ocr_par' dir='ltr' id='par_1_4' title="bbox 28 1866 1498 2786">
     <span class='ocr_line' id='line_1_23' title="bbox 111 1866 1494 1931; baseline 0.001 -16"><span class='ocrx_word' id='word_1_159' title='bbox 111 1867 262 1915; x_wconf 91' lang='lat' dir='ltr'>Libro</span> <span class='ocrx_word' id='word_1_160' title='bbox 288 1866 436 1915; x_wconf 88' lang='lat' dir='ltr'><strong>VIII.</strong></span> <span class='ocrx_word' id='word_1_161' title='bbox 463 1884 576 1931; x_wconf 89' lang='lat' dir='ltr'>cap.</span> <span class='ocrx_word' id='word_1_162' title='bbox 605 1873 684 1916; x_wconf 84' lang='lat'>23.</span> <span class='ocrx_word' id='word_1_163' title='bbox 729 1868 976 1916; x_wconf 86' lang='lat' dir='ltr'>Samnites</span> <span class='ocrx_word' id='word_1_164' title='bbox 1023 1876 1287 1931; x_wconf 85' lang='lat' dir='ltr'>postquam</span> <span class='ocrx_word' id='word_1_165' title='bbox 1330 1868 1494 1931; x_wconf 88' lang='lat' dir='ltr'>questi</span> 
     </span>
     <span class='ocr_line' id='line_1_24' title="bbox 47 1944 1498 2009; baseline 0.001 -18"><span class='ocrx_word' id='word_1_166' title='bbox 47 1952 162 1993; x_wconf 88' lang='lat' dir='ltr'>sunt</span> <span class='ocrx_word' id='word_1_167' title='bbox 186 1944 458 2007; x_wconf 85' lang='lat' dir='ltr'>Fregellas,</span> <span class='ocrx_word' id='word_1_168' title='bbox 485 1961 597 2009; x_wconf 87' lang='lat' dir='ltr'>quae</span> <span class='ocrx_word' id='word_1_169' title='bbox 623 1945 685 1993; x_wconf 91' lang='lat' dir='ltr'>ab</span> <span class='ocrx_word' id='word_1_170' title='bbox 710 1962 763 1993; x_wconf 89' lang='lat' dir='ltr'>se</span> <span class='ocrx_word' id='word_1_171' title='bbox 788 1953 950 2008; x_wconf 85' lang='lat' dir='ltr'>captae</span> <span class='ocrx_word' id='word_1_172' title='bbox 975 1962 1036 1992; x_wconf 85' lang='lat' dir='ltr'>ex</span> <span class='ocrx_word' id='word_1_173' title='bbox 1054 1944 1274 2001; x_wconf 81' lang='lat' dir='ltr'>Volscis,</span> <span class='ocrx_word' id='word_1_174' title='bbox 1293 1951 1343 1992; x_wconf 91' lang='lat' dir='ltr'>et</span> <span class='ocrx_word' id='word_1_175' title='bbox 1368 1946 1498 1993; x_wconf 91' lang='lat' dir='ltr'>diru-</span> 
     </span>
     <span class='ocr_line' id='line_1_25' title="bbox 47 2021 1497 2087; baseline 0.002 -19"><span class='ocrx_word' id='word_1_176' title='bbox 47 2027 110 2069; x_wconf 86' lang='lat' dir='ltr'>tae</span> <span class='ocrx_word' id='word_1_177' title='bbox 151 2022 360 2078; x_wconf 82' lang='lat' dir='ltr'>fuerant,</span> <span class='ocrx_word' id='word_1_178' title='bbox 398 2039 428 2069; x_wconf 88' lang='lat' dir='ltr'>a</span> <span class='ocrx_word' id='word_1_179' title='bbox 464 2021 706 2070; x_wconf 87' lang='lat' dir='ltr'>Romanis</span> <span class='ocrx_word' id='word_1_180' title='bbox 742 2022 1007 2081; x_wconf 85' lang='lat' dir='ltr'>restitutas,</span> <span class='ocrx_word' id='word_1_181' title='bbox 1048 2022 1402 2087; x_wconf 87' lang='lat' dir='ltr'>coloniamque</span> <span class='ocrx_word' id='word_1_182' title='bbox 1437 2041 1497 2071; x_wconf 91' lang='lat' dir='ltr'>eo</span> 
     </span>
     <span class='ocr_line' id='line_1_26' title="bbox 45 2097 1497 2160; baseline 0.002 -15"><span class='ocrx_word' id='word_1_183' title='bbox 45 2097 246 2146; x_wconf 85' lang='lat' dir='ltr'>missam</span> <span class='ocrx_word' id='word_1_184' title='bbox 259 2115 385 2155; x_wconf 89' lang='lat' dir='ltr'>esse,</span> <span class='ocrx_word' id='word_1_185' title='bbox 406 2099 513 2147; x_wconf 86' lang='lat' dir='ltr'>haec</span> <span class='ocrx_word' id='word_1_186' title='bbox 535 2099 803 2160; x_wconf 87' lang='lat' dir='ltr'>adjiciunt:</span> <span class='ocrx_word' id='word_1_187' title='bbox 844 2099 976 2147; x_wconf 85' lang='lat' dir='ltr'>Eam</span> <span class='ocrx_word' id='word_1_188' title='bbox 998 2117 1046 2147; x_wconf 79' lang='lat' dir='ltr'>se</span> <span class='ocrx_word' id='word_1_189' title='bbox 1065 2101 1402 2148; x_wconf 75' lang='lat' dir='ltr'>contumeliam</span> <span class='ocrx_word' id='word_1_190' title='bbox 1425 2103 1497 2148; x_wconf 76' lang='lat' dir='ltr'>in-</span> 
     </span>
     <span class='ocr_line' id='line_1_27' title="bbox 28 2177 1496 2242; baseline 0.001 -19"><span class='ocrx_word' id='word_1_191' title='bbox 28 2177 327 2240; x_wconf 80' lang='lat' dir='ltr'>juriamque,</span> <span class='ocrx_word' id='word_1_192' title='bbox 355 2179 410 2225; x_wconf 82' lang='lat' dir='ltr'>m&#39;</span> <span class='ocrx_word' id='word_1_193' title='bbox 442 2178 537 2226; x_wconf 71' lang='lat' dir='ltr'>sibi</span> <span class='ocrx_word' id='word_1_194' title='bbox 559 2178 621 2225; x_wconf 83' lang='lat' dir='ltr'>ab</span> <span class='ocrx_word' id='word_1_195' title='bbox 656 2179 719 2226; x_wconf 78' lang='lat' dir='ltr'>iis</span> <span class='ocrx_word' id='word_1_196' title='bbox 750 2179 834 2242; x_wconf 80' lang='lat' dir='ltr'>qui</span> <span class='ocrx_word' id='word_1_197' title='bbox 852 2179 1070 2240; x_wconf 76' lang='lat' dir='ltr'>fecerint</span> <span class='ocrx_word' id='word_1_198' title='bbox 1105 2180 1338 2235; x_wconf 81' lang='lat' dir='ltr'>dematur,</span> <span class='ocrx_word' id='word_1_199' title='bbox 1365 2180 1496 2242; x_wconf 75' lang='lat' dir='ltr'>ipsos</span> 
     </span>
     <span class='ocr_line' id='line_1_28' title="bbox 43 2254 1493 2319; baseline 0 -18"><span class='ocrx_word' id='word_1_200' title='bbox 43 2256 174 2302; x_wconf 76' lang='lat' dir='ltr'>omni</span> <span class='ocrx_word' id='word_1_201' title='bbox 196 2257 247 2302; x_wconf 74' lang='lat' dir='ltr'>vi</span> <span class='ocrx_word' id='word_1_202' title='bbox 269 2256 550 2319; x_wconf 71' lang='lat' dir='ltr'>depulsuros</span> <span class='ocrx_word' id='word_1_203' title='bbox 573 2271 686 2303; x_wconf 78' lang='lat' dir='ltr'>esse.</span> <span class='ocrx_word' id='word_1_204' title='bbox 759 2254 886 2309; x_wconf 84' lang='lat' dir='ltr'>Quis</span> <span class='ocrx_word' id='word_1_205' title='bbox 904 2254 953 2302; x_wconf 92' lang='lat' dir='ltr'>in</span> <span class='ocrx_word' id='word_1_206' title='bbox 970 2265 1071 2302; x_wconf 89' lang='lat' dir='ltr'>tam</span> <span class='ocrx_word' id='word_1_207' title='bbox 1091 2255 1242 2317; x_wconf 87' lang='lat' dir='ltr'>plano</span> <span class='ocrx_word' id='word_1_208' title='bbox 1263 2254 1377 2302; x_wconf 92' lang='lat' dir='ltr'>loco</span> <span class='ocrx_word' id='word_1_209' title='bbox 1405 2272 1493 2317; x_wconf 88' lang='lat' dir='ltr'>pu-</span> 
     </span>
     <span class='ocr_line' id='line_1_29' title="bbox 43 2332 1493 2397; baseline 0 -19"><span class='ocrx_word' id='word_1_210' title='bbox 43 2337 173 2379; x_wconf 86' lang='lat' dir='ltr'>taret</span> <span class='ocrx_word' id='word_1_211' title='bbox 198 2349 348 2395; x_wconf 85' lang='lat' dir='ltr'>posse</span> <span class='ocrx_word' id='word_1_212' title='bbox 372 2349 674 2397; x_wconf 87' lang='lat' dir='ltr'>quemquam</span> <span class='ocrx_word' id='word_1_213' title='bbox 700 2333 985 2380; x_wconf 73' lang='lat' dir='ltr'>offendere?</span> <span class='ocrx_word' id='word_1_214' title='bbox 1036 2332 1277 2393; x_wconf 89' lang='lat' dir='ltr'>Dujatius</span> <span class='ocrx_word' id='word_1_215' title='bbox 1302 2333 1493 2379; x_wconf 87' lang='lat' dir='ltr'>nodum</span> 
     </span>
     <span class='ocr_line' id='line_1_30' title="bbox 40 2407 1493 2474; baseline 0.002 -18"><span class='ocrx_word' id='word_1_216' title='bbox 40 2407 93 2456; x_wconf 88' lang='lat' dir='ltr'>in</span> <span class='ocrx_word' id='word_1_217' title='bbox 119 2409 280 2473; x_wconf 89' lang='lat' dir='ltr'>scirpo</span> <span class='ocrx_word' id='word_1_218' title='bbox 298 2409 488 2474; x_wconf 85' lang='lat' dir='ltr'>quaerit,</span> <span class='ocrx_word' id='word_1_219' title='bbox 511 2417 562 2457; x_wconf 89' lang='lat' dir='ltr'>et</span> <span class='ocrx_word' id='word_1_220' title='bbox 585 2409 687 2457; x_wconf 88' lang='lat' dir='ltr'>suis</span> <span class='ocrx_word' id='word_1_221' title='bbox 711 2426 762 2458; x_wconf 85' lang='lat' dir='ltr'>se</span> <span class='ocrx_word' id='word_1_222' title='bbox 787 2409 892 2473; x_wconf 90' lang='lat' dir='ltr'>ipse</span> <span class='ocrx_word' id='word_1_223' title='bbox 911 2409 1065 2457; x_wconf 89' lang='lat' dir='ltr'>irretit</span> <span class='ocrx_word' id='word_1_224' title='bbox 1084 2410 1291 2474; x_wconf 80' lang='lat' dir='ltr'>laqueis,</span> <span class='ocrx_word' id='word_1_225' title='bbox 1362 2412 1493 2459; x_wconf 82' lang='lat' dir='ltr'>Red-</span> 
     </span>
     <span class='ocr_line' id='line_1_31' title="bbox 39 2488 1493 2552; baseline -0.001 -17"><span class='ocrx_word' id='word_1_226' title='bbox 39 2489 223 2535; x_wconf 81' lang='lat' dir='ltr'>undare</span> <span class='ocrx_word' id='word_1_227' title='bbox 257 2490 463 2547; x_wconf 77' lang='lat' dir='ltr'>videtur,</span> <span class='ocrx_word' id='word_1_228' title='bbox 489 2488 664 2552; x_wconf 89' lang='lat' dir='ltr'>inquit,</span> <span class='ocrx_word' id='word_1_229' title='bbox 699 2489 776 2536; x_wconf 84' lang='lat' dir='ltr'>vel</span> <span class='ocrx_word' id='word_1_230' title='bbox 806 2488 959 2551; x_wconf 86' lang='lat' dir='ltr'>ipsos,</span> <span class='ocrx_word' id='word_1_231' title='bbox 995 2490 1071 2536; x_wconf 81' lang='lat' dir='ltr'>vel</span> <span class='ocrx_word' id='word_1_232' title='bbox 1103 2505 1172 2544; x_wconf 82' lang='lat' dir='ltr'>se,</span> <span class='ocrx_word' id='word_1_233' title='bbox 1208 2490 1308 2535; x_wconf 78' lang='lat' dir='ltr'>nisi</span> <span class='ocrx_word' id='word_1_234' title='bbox 1348 2490 1493 2535; x_wconf 76' lang='lat' dir='ltr'>unica</span> 
     </span>
     <span class='ocr_line' id='line_1_32' title="bbox 40 2566 1492 2632; baseline -0.001 -21"><span class='ocrx_word' id='word_1_235' title='bbox 40 2581 136 2612; x_wconf 77' lang='lat' dir='ltr'>vox</span> <span class='ocrx_word' id='word_1_236' title='bbox 160 2567 227 2613; x_wconf 78' lang='lat' dir='ltr'>sit</span> <span class='ocrx_word' id='word_1_237' title='bbox 251 2566 461 2630; x_wconf 83' lang='lat' dir='ltr'>seipsos,</span> <span class='ocrx_word' id='word_1_238' title='bbox 481 2568 533 2614; x_wconf 75' lang='lat' dir='ltr'>in</span> <span class='ocrx_word' id='word_1_239' title='bbox 552 2569 671 2615; x_wconf 81' lang='lat' dir='ltr'>duas</span> <span class='ocrx_word' id='word_1_240' title='bbox 695 2567 918 2632; x_wconf 76' lang='lat' dir='ltr'>longiore</span> <span class='ocrx_word' id='word_1_241' title='bbox 934 2567 1086 2631; x_wconf 82' lang='lat' dir='ltr'>paulo</span> <span class='ocrx_word' id='word_1_242' title='bbox 1112 2566 1369 2614; x_wconf 78' lang='lat' dir='ltr'>intervallo</span> <span class='ocrx_word' id='word_1_243' title='bbox 1395 2566 1492 2610; x_wconf 76' lang='lat' dir='ltr'>dis-</span> 
     </span>
     <span class='ocr_line' id='line_1_33' title="bbox 41 2643 1489 2708; baseline -0.001 -21"><span class='ocrx_word' id='word_1_244' title='bbox 41 2648 220 2693; x_wconf 70' lang='lat' dir='ltr'>tracta.</span> <span class='ocrx_word' id='word_1_245' title='bbox 293 2643 461 2692; x_wconf 84' lang='lat' dir='ltr'>Unica</span> <span class='ocrx_word' id='word_1_246' title='bbox 500 2661 617 2699; x_wconf 87' lang='lat' dir='ltr'>vox,</span> <span class='ocrx_word' id='word_1_247' title='bbox 659 2646 873 2708; x_wconf 77' lang='lat' dir='ltr'>seipsos!</span> <span class='ocrx_word' id='word_1_248' title='bbox 923 2643 1175 2691; x_wconf 88' lang='lat' dir='ltr'>Nolumus</span> <span class='ocrx_word' id='word_1_249' title='bbox 1214 2643 1489 2706; x_wconf 87' lang='lat' dir='ltr'>quidquam</span> 
     </span>
     <span class='ocr_line' id='line_1_34' title="bbox 40 2716 1488 2786; baseline -0.003 -19"><span class='ocrx_word' id='word_1_250' title='bbox 40 2720 240 2782; x_wconf 83' lang='lat' dir='ltr'>gravius</span> <span class='ocrx_word' id='word_1_251' title='bbox 265 2720 445 2770; x_wconf 88' lang='lat' dir='ltr'>dicere.</span> <span class='ocrx_word' id='word_1_252' title='bbox 516 2721 620 2770; x_wconf 87' lang='lat' dir='ltr'>Sed</span> <span class='ocrx_word' id='word_1_253' title='bbox 647 2721 731 2786; x_wconf 90' lang='lat' dir='ltr'>qui</span> <span class='ocrx_word' id='word_1_254' title='bbox 756 2720 808 2768; x_wconf 90' lang='lat' dir='ltr'>id</span> <span class='ocrx_word' id='word_1_255' title='bbox 836 2720 885 2767; x_wconf 91' lang='lat' dir='ltr'>in</span> <span class='ocrx_word' id='word_1_256' title='bbox 910 2728 1126 2768; x_wconf 87' lang='lat' dir='ltr'>mentem</span> <span class='ocrx_word' id='word_1_257' title='bbox 1151 2718 1335 2766; x_wconf 89' lang='lat' dir='ltr'>venerit</span> <span class='ocrx_word' id='word_1_258' title='bbox 1364 2716 1488 2779; x_wconf 89' lang='lat' dir='ltr'>opti-</span> 
     </span>
    </p>
   </div>
   <div class='ocr_carea' id='block_1_3' title="bbox 41 2792 1489 2919">
    <p class='ocr_par' dir='ltr' id='par_1_5' title="bbox 41 2792 1489 2919">
     <span class='ocr_line' id='line_1_35' title="bbox 41 2792 1489 2862; baseline -0.005 -16"><span class='ocrx_word' id='word_1_259' title='bbox 41 2814 123 2846; x_wconf 91' lang='lat' dir='ltr'>mo</span> <span class='ocrx_word' id='word_1_260' title='bbox 149 2798 267 2855; x_wconf 83' lang='lat' dir='ltr'>viro,</span> <span class='ocrx_word' id='word_1_261' title='bbox 293 2815 414 2847; x_wconf 87' lang='lat' dir='ltr'>sane</span> <span class='ocrx_word' id='word_1_262' title='bbox 440 2798 686 2850; x_wconf 86' lang='lat' dir='ltr'>miramur.</span> <span class='ocrx_word' id='word_1_263' title='bbox 758 2797 811 2845; x_wconf 86' lang='lat' dir='ltr'>Si</span> <span class='ocrx_word' id='word_1_264' title='bbox 836 2797 949 2862; x_wconf 81' lang='lat' dir='ltr'>quis</span> <span class='ocrx_word' id='word_1_265' title='bbox 974 2812 1062 2860; x_wconf 88' lang='lat' dir='ltr'>pro</span> <span class='ocrx_word' id='word_1_266' title='bbox 1089 2793 1366 2844; x_wconf 83' lang='lat' dir='ltr'>Horatiano</span> <span class='ocrx_word' id='word_1_267' title='bbox 1386 2792 1489 2848; x_wconf 83' lang='lat' dir='ltr'>illo,</span> 
     </span>
     <span class='ocr_line' id='line_1_36' title="bbox 98 2877 791 2919; baseline -0.003 -1"><span class='ocrx_word' id='word_1_268' title='bbox 98 2889 191 2918; x_wconf 65' lang='lat' dir='ltr'>vox„</span> <span class='ocrx_word' id='word_1_269' title='bbox 214 2891 271 2919; x_wconf 82' lang='lat' dir='ltr'>lv.</span> <span class='ocrx_word' id='word_1_270' title='bbox 725 2877 791 2916; x_wconf 62' lang='lat' dir='ltr'>*n</span> 
     </span>
    </p>
   </div>
  </div>
 </body>
</html>
