1831 3194
530 114 647 151 LIB.
677 112 798 149 XLV.
837 113 904 149 CA
918 113 955 148 Ρ.
988 113 1071 150 XV.
1414 118 1482 151 183

70 236 142 263 sua
158 228 299 275 postea
324 222 445 263 trium
476 236 609 276 regum
641 221 754 262 hellis
774 222 958 273 deinceps
987 220 1163 260 omnibus
1181 220 1373 273 sunctum
1394 222 1479 275 qffi-
1494 231 1534 262 U.
1548 230 1584 261 C.
1598 231 1671 261 584.

70 281 157 320 ciis.
224 281 404 321 Victoria
425 294 517 320 vero
541 280 687 331 populi
707 280 886 318 Romani
906 279 1044 318 loelari
1067 291 1150 318 eum
1181 291 1308 331 regem
1339 278 1478 317 mirum
1493 274 1530 304 Α·
1547 276 1582 306 C.
1600 274 1668 304 168.

72 350 151 376 non
172 352 264 385 esse,
288 339 357 391 qui
384 342 523 377 sortem
554 350 702 376 omnem
715 336 906 389 sorlmzce
936 335 1127 389 regnique
1152 335 1215 375 sui
1240 348 1323 374 cum
1354 334 1480 374 rebus⁴¹

73 393 269 434 Romanis
291 394 562 434 z‘nmz'scm‘sset.
609 392 762 433 Grates
786 393 882 433 Diis
897 407 976 444 pro
993 393 1138 445 populi
1158 392 1337 431 Romani
1358 392 1480 431 victo-

72 452 138 490 ria
167 453 277 503 apud
304 465 392 491 suos
415 457 583 503 penates
610 456 748 503 ageret
756 472 770 496 ‚·
805 449 1097 502 Romaefflimn
1121 463 1202 501 pro
1222 463 1266 488 co
1286 454 1480 488 acturum.

76 507 338 548 Gratulatum
360 522 510 561 quoque
538 508 639 548 satis
668 521 738 547 suo
768 522 816 546 ac
837 509 977 558 patris
1006 507 1163 546 nomine
1192 519 1283 546 esse.
1344 506 1480 558 Ipsum

71 566 296 618 relinquere
325 579 501 619 regnum,
524 571 562 605 et
582 564 729 618 Afi·t'ca
757 565 956 611 excedere,
978 570 1250 616 prseterquam
1281 564 1387 615 quod
1415 563 1483 603 illi

73 622 216 662 inutile
236 628 346 670 esset,
364 635 442 661 non
465 636 544 662 esse
564 637 585 661 e
604 621 808 674 republica
825 622 970 673 populi
984 621 1176 668 Romani,
1193 626 1371 660 senatum
1392 634 1481 659 cen-

71 693 169 719 sere.
232 678 395 720 Petenti
428 678 660 734 RIzrsgabae,
688 686 735 718 ut
765 677 960 717 60Ι-Ιωιιὶο
992 677 1241 717 Hamilcaris
1272 676 1381 716 filius
1411 677 1483 717 ob-

73 738 155 777 ses¹¹
194 735 235 775 in
282 735 417 776 locum
450 737 493 761 *¹
526 735 721 790 exigeret.
798 735 979 775 Munera
1025 750 1075 774 ex
1126 733 1482 774 senatusconsulto

72 806 205 833 emere
241 792 386 848 regulo
419 800 601 846 quaestor
630 792 773 847 jussus
805 807 855 831 cx
886 790 1097 831 ⁶¹centum
1131 790 1270 845 pondo
1304 790 1479 845 argenti,

74 856 115 889 et
155 849 349 904 prosequi
385 864 479 889 eum
515 848 726 897 Puteolos,
757 863 1003 903 omnemque
1038 855 1238 895 sumtum,
1268 846 1409 901 quoad
1439 846 1479 887 in

76 905 200 946 Italia
219 914 338 955 esset,
360 906 562 961 praebere,
585 913 625 945 et
647 905 751 945 duas
773 920 895 945 naves
916 903 1159 953 conducere,
1181 903 1334 958 quibus
1355 902 1480 958 ⁶²'ipse

74 961 326 1017 comitesque
366 962 473 1018 regis
509 961 549 1001 in
586 961 773 1002 Africam
809 961 1134 1002 deveherentur:
1179 968 1220 1001 et
1260 959 1482 1001 comitibus

74 1018 280 1069 omnibus,
303 1019 440 1059 liberis
461 1018 684 1073 servisque,
707 1018 952 1059 vestimenta
973 1018 1081 1058 data.
1118 1016 1249 1057 Haud
1270 1016 1329 1058 ita
1348 1016 1482 1057 multo

74 1083 166 1130 post
187 1075 238 1116 de
259 1076 389 1116 altero
411 1075 643 1115 Masinissae
670 1074 755 1115 filio
778 1075 994 1129 Misagene
1027 1073 1156 1114 literae
1187 1073 1338 1114 adlatae
1369 1081 1480 1124 sunt,
1495 1083 1674 1124 Misagenes

71 1133 227 1172 missum
259 1146 341 1171 enm
376 1132 428 1171 ab
452 1132 505 1171 L.
527 1133 680 1171 Paullo
704 1138 801 1183 post
830 1132 1021 1171 devictum
1047 1131 1197 1170 Persea
1229 1130 1271 1169 in
1295 1129 1482 1183 Africam
1495 1126 1666 1183 ³¹¹⁰ssiffli¹¹⁵

70 1203 153 1229 cum
174 1190 371 1242 equitibus
389 1190 494 1235 suis;
527 1190 798 1243 navigantem,
816 1189 998 1240 dispersa
1018 1188 1142 1227 classe
1163 1188 1206 1226 in
1227 1186 1484 1227 Hadriatico
1495 1170 1681 1200 M²²⁵¹¹¹¹S⁵ae'

72 1247 190 1294 mari,
213 1247 478 1287 Brundisium
508 1246 636 1286 tribus
665 1246 833 1285 navibus
862 1259 1010 1298 a’grum
1035 1245 1224 1288 delatum.
1284 1243 1357 1284 Ad
1387 1259 1482 1284 eum

73 1318 167 1344 eum
199 1303 342 1344 iisdem
373 1302 629 1353 muneribus,
651 1318 748 1358 quae
779 1303 878 1343 data
900 1303 1048 1342 Romae
1079 1300 1199 1341 fratri
1230 1301 1319 1356 ejus
1349 1308 1482 1350 erant,

76 1360 126 1400 L.
148 1360 369 1401 Stertinius
382 1367 565 1415 quaestor
583 1359 854 1401 Brundisium
875 1358 1046 1399 missus:
1074 1359 1302 1414 jussusque
1322 1372 1481 1407 curare,

76 1425 124 1458 ut
145 1416 255 1458 aedes
275 1416 412 1473 hospi-

572 1475 597 1500 *
769 1474 793 1499 ει
966 1474 989 1498 a·

134 1530 232 1570 XV.
266 1531 355 1556 *Μ’
376 1530 417 1570 in
445 1538 627 1585 quatuor
647 1529 826 1570 urbanas
848 1528 982 1570 tribus
1007 1527 1203 1583 descripti
1224 1535 1341 1568 erant
1362 1527 1483 1568 liber-

76 1586 167 1637 tini,
189 1595 342 1642 proeter
371 1603 453 1636 eos,
475 1586 668 1641 6³quibus
698 1586 807 1627 filius
836 1584 1095 1641 quinquenni
1127 1585 1258 1639 major
1288 1599 1339 1624 ex
1371 1599 1483 1625 sena-

76 1643 334 1684 tusconsulto
373 1652 489 1684 esset.
550 1644 651 1692 Eos,
685 1642 756 1683 ubi
799 1642 989 1697 proximo
1024 1641 1157 1682 lustro
1191 1640 1300 1681 censi
1333 1649 1482 1690 essent,

73 1699 265 1740 ‘⁵⁴censeri
291 1700 531 1755 jusserunt:
564 1707 605 1740 et
635 1715 718 1748 eos,
744 1699 816 1755 qui
848 1698 1054 1754 praedium
1089 1696 1297 1753 praediave
1330 1697 1485 1738 rustica

137 1794 148 1819 i
163 1800 244 1829 rebus
259 1798 320 1830 del.
338 1799 434 1830 Gron.
451 1798 541 1829 Crev.
627 1797 645 1821 k
659 1799 752 1838 hospes
767 1799 856 1829 Crev.
943 1796 952 1820 1
967 1796 1088 1838 signum
1103 1795 1223 1833 lacunae
1239 1795 1327 1826 deest
1342 1795 1422 1826 Ead.

77 1906 147 1926 cum
161 1894 337 1927 Masinissae
359 1896 564 1938 gratulatione
586 1902 617 1928 et
635 1897 756 1928 modes-
799 1895 879 1926 enim
905 1895 1070 1935 Masgaba,
1096 1899 1131 1924 ut
1151 1893 1326 1924 Masinissae
1347 1892 1425 1932 regis
1450 1892 1484 1922 fi-

77 1938 120 1969 tia
134 1944 229 1969 certet
242 1939 385 1970 comitate
398 1944 429 1970 et
442 1939 597 1971 laudibus.

121 1982 161 2011 60
185 1982 293 2012 Hamw
320 1983 476 2012 Amilcaris
491 1983 581 2023 filius
610 1983 703 2021 hospes
726 1984 758 2011 in

79 2025 172 2054 locum
196 2025 335 2066 erigeret]
371 2025 473 2056 Nemo
497 2036 558 2056 non
585 2025 671 2056 videt
691 2035 759 2055 mu-

79 2066 166 2096 tilum
192 2077 258 2098 esse
279 2067 360 2098 hunc
382 2067 494 2099 locum.
538 2068 679 2109 Sigonius
705 2077 760 2109 pro

79 2110 173 2148 hospes
208 2109 283 2151 legit
313 2111 395 2141 obses.
441 2110 553 2142 Cetera
584 2111 642 2142 hoc
669 2109 761 2140 modo

79 2152 218 2193 supplet:
259 2153 374 2183 Petenti
405 2152 560 2194 Masgabae,
588 2161 624 2184 ut
653 2153 761 2183 Hanno

79 2195 235 2225 Amilcar-is
255 2195 344 2236 filius
379 2197 451 2226 obses
485 2195 626 2236 [alterius
658 2194 761 2236 cujus-

78 2237 167 2278 dam]
184 2240 214 2268 in
237 2239 328 2268 locum
345 2237 512 2278 [Romanis
526 2249 544 2269 a
559 2238 666 2269 Poenis
689 2237 759 2268 mit-

77 2285 200 2316 teretur,
215 2280 371 2323 respondit
385 2287 509 2313 senatus
530 2281 614 2312 haud
637 2291 760 2321 aequum

80 2322 186 2358 videri,
211 2330 245 2354 ut
269 2322 391 2355 obsides
413 2335 431 2355 a
454 2323 761 2365 Carthaginiensibus

79 2365 202 2396 arbitrio
257 2365 449 2408 Masinissae]
502 2370 638 2408 eligeret.
698 2367 759 2397 Sed

79 2418 176 2449 quum
209 2408 284 2439 nihil
316 2408 439 2440 omnino
473 2409 579 2440 afferat
607 2409 759 2450 Sigonius,

80 2461 140 2490 quo
165 2451 231 2482 haec
259 2450 435 2491 conjectura
462 2452 587 2487 nitatur,
614 2463 670 2482 nec
697 2452 761 2482 ullo

80 2493 171 2524 modo
196 2494 384 2535 probabilius
406 2495 444 2525 sit
465 2495 531 2525 haec
559 2494 689 2526 voluisse
710 2494 760 2524 Li-

81 2534 174 2582 vium,
190 2547 282 2577 quam
305 2537 455 2578 quidlibet
478 2538 573 2573 aliud,
591 2537 675 2578 quod
697 2537 761 2567 cui-

82 2587 127 2606 vis
148 2578 180 2608 in
206 2585 340 2610 mentem
362 2580 463 2611 venire
491 2586 603 2621 posset,
623 2580 761 2620 religioni

81 2619 224 2651 duximus
249 2622 397 2653 incertum
422 2633 544 2663 prorsus
569 2623 761 2653 additamen—

82 2667 148 2691 tum
176 2664 207 2693 in
234 2670 410 2696 contextum
436 2665 610 2696 admittere:
645 2665 761 2696 locum-

81 2714 141 2744 que
156 2715 299 2736 mancum
311 2708 483 2748 relinquere
497 2708 674 2739 maluimus.

123 2747 161 2777 61
190 2748 312 2778 Centum
342 2752 435 2789 pondo
465 2751 597 2792 argenti]
644 2749 764 2782 Marcis

81 2790 268 2821 nostratibus
286 2792 355 2822 156.
370 2793 468 2823 unciis
482 2795 513 2824 2.

124 2833 165 2862 62
190 2833 252 2872 Ipse
274 2836 439 2874 comitesque
460 2836 553 2877 regis]
588 2837 671 2877 Lege
693 2847 763 2866 curn

82 2874 238 2907 Gronovio
283 2878 448 2917 comitesque
497 2880 568 2917 ejus.
635 2878 764 2910 Etiamsi

801 1939 871 1973 lius,
888 1948 939 1968 rex
962 1943 992 1967 et
1014 1937 1078 1978 ipse
1100 1936 1161 1967 dici
1187 1935 1346 1978 potuisset,
1371 1941 1402 1965 at
1427 1945 1484 1965 vox

803 1984 859 2021 ipse
874 1980 1009 2021 postulat
1023 1983 1093 2020 ejus.

846 2025 886 2054 63
913 2022 1023 2057 Quibus
1057 2024 1146 2064 filius
1180 2023 1358 2062 quinquenni
1393 2022 1486 2060 ‘major

800 2078 833 2097 ez
860 2067 891 2097 S.
916 2066 949 2097 C.
977 2066 1060 2106 esset]
1096 2065 1205 2106 Inepte
1231 2064 1281 2095 hic
1310 2064 1486 2094 inseruntur

801 2109 849 2140 hae
875 2120 966 2140 voces
992 2120 1024 2138 es·
1051 2109 1304 2138 senatus-consulto.
1351 2106 1411 2137 Vel
1437 2117 1485 2137 re-

798 2152 860 2193 jice
883 2162 936 2182 eas
958 2151 989 2181 in
1014 2151 1175 2186 anteriora,
1191 2162 1223 2180 er
1243 2150 1487 2180 senatusconsulto

804 2196 940 2234 descripti
968 2200 1051 2224 erant
1083 2195 1234 2229 libertini‚·
1270 2192 1320 2223 vel
1349 2191 1386 2221 iis
1416 2202 1485 2233 quae

803 2242 972 2278 sequuntur
995 2236 1139 2277 adjunge,
1168 2236 1276 2266 censeri
1299 2246 1332 2265 ex
1356 2241 1486 2265 senatus-

802 2281 1098 2319 consultojztsserunt.

846 2323 886 2352 64
912 2320 1202 2361 Censerijusserunt]
1229 2319 1306 2350 Haee
1321 2324 1351 2348 et
1365 2329 1403 2349 ea
1417 2329 1486 2359 quae

803 2373 973 2406 sequuntur
1006 2364 1206 2405 intelligimus
1240 2361 1278 2392 de
1312 2361 1489 2392 censoribus

805 2408 844 2439 C.
873 2407 1033 2443 Flaminio,
1062 2413 1093 2438 et
1124 2408 1159 2436 L.
1184 2404 1323 2439 AEmilio,
1355 2414 1415 2434 non
1447 2404 1486 2435 de

804 2451 991 2486 censoribus,
1009 2450 1062 2491 qui
1084 2450 1141 2480 hoc
1157 2459 1237 2479 anno
1257 2447 1289 2477 in
1304 2447 1486 2487 magistratu

804 2499 909 2524 erant:
941 2494 1062 2524 duabus
1089 2492 1222 2523 maxime
1246 2489 1372 2521 adducti
1394 2490 1485 2519 ratio-

805 2536 913 2566 nibus:
936 2547 1010 2571 una,
1026 2535 1108 2576 quod
1130 2544 1234 2565 omnes
1249 2532 1372 2563 omnino
1394 2532 1485 2562 liber-

806 2578 861 2609 tini
885 2578 917 2608 in
944 2579 1057 2609 tribum
1079 2577 1273 2619 Esquilinam
1300 2585 1320 2605 a
1346 2574 1487 2605 Graccho

805 2621 935 2661 conjecti
956 2621 1107 2652 videntur.
1152 2617 1313 2661 Perpende
1329 2617 1421 2647 verba
1435 2615 1486 2645 Li-

805 2663 907 2699 viana,
937 2666 967 2694 in
1000 2675 1085 2704 quam
1115 2673 1208 2693 omnes
1242 2662 1292 2700 qui
1321 2660 1489 2706 servitutem

804 2709 962 2742 servissent,
999 2709 1189 2746 conjicerent:
1232 2709 1263 2734 et
1300 2710 1417 2732 rursus:
1458 2711 1490 2730 ιη

807 2762 840 2781 ea
878 2749 924 2779 Ti.
954 2749 1104 2780 Gracchus
1137 2745 1342 2787 pronunciarit
1377 2743 1488 2772 liberti·
1541 2749 1543 2752 ⁴

807 2803 855 2823 nos
879 2803 973 2822 omues
997 2793 1104 2822 censeri
1128 2791 1250 2828 placere.
1297 2784 1419 2815 Deinde
1441 2784 1488 2815 hae

808 2834 977 2865 locutiones
995 2836 1050 2873 jus
1064 2833 1186 2874 jectum
1208 2836 1258 2862 est,
1274 2834 1305 2858 et
1328 2828 1377 2857 hoc
1401 2838 1490 2866 quum

808 2879 850 2908 ita
873 2882 1018 2906 servatum
1040 2882 1118 2910 esset,
1142 2883 1202 2904 non
1228 2870 1369 2903 videntur
1392 2869 1489 2912 accipi

878 2924 956 2958 N4
