1826 3149
312 100 387 140 262
859 98 892 137 E
908 99 937 138 P
948 99 965 138 1
978 99 1011 138 T
1021 99 1058 138 Ο
1069 98 1112 137 Μ
1122 99 1170 138 AE

317 210 452 251 Caesar
470 210 668 251 veteranis
691 223 775 249 cum
795 208 986 250 seditione
1015 211 1234 251 missionem
1262 209 1554 262 postulantibus
1583 208 1714 249 dedit:

315 273 368 316 et,
390 281 504 321 quum
523 267 565 307 in
585 265 770 319 Africam
791 264 1021 318 trajecisset,
1042 272 1184 307 contra
1213 267 1351 320 copias
1368 266 1486 308 Jubae
1504 269 1616 320 regis
1636 279 1717 305 cum

315 324 542 365 discrimine
561 337 709 377 magno
720 322 936 377 pugnavit.

929 536 1136 590 CXIV.

376 682 537 723 Bellum
558 682 602 722 in
621 682 745 737 Syria
761 683 947 724 Caecilius
967 684 1130 733 Bassus,
1144 696 1258 738 eques
1273 682 1484 723 Romanus
1506 683 1723 736 Pompeia-

318 754 458 781 narum
470 740 654 793 partium
674 741 879 789 excitavit,
900 741 1040 781 relicto
1055 755 1081 781 a
1099 740 1248 795 legione
1266 740 1358 782 Sex.
1382 741 1553 790 Caesare,
1566 754 1656 794 quce
1670 741 1725 780 ad

320 799 490 839 Bassum
518 797 756 846 transierat,
776 796 811 821 9³
821 798 1022 852 occisoque
1052 812 1110 839 eo.
1172 798 1308 839 Caesar
1326 796 1360 821 ⁹⁴
1371 797 1596 850 Scipionem
1620 811 1726 852 prcc-

317 861 457 906 torem,
486 851 717 906 Afranium,
737 854 960 909 Jubamque
983 855 1081 896 vicit
1099 855 1157 895 ad
1181 855 1397 907 Thapsum,
1419 855 1564 895 castris
1593 868 1728 894 eorum

320 912 575 968 expugnatis.
636 912 752 964 Cato,
773 913 916 953 audita
946 926 1001 961 re,
1023 926 1139 966 quum
1159 925 1200 952 se
1221 912 1477 965 percussisset
1512 912 1655 961 Uticae,
1678 917 1729 962 et,

319 969 606 1010 interveniente
616 970 733 1022 filib,
764 976 984 1019 curaretur,
1007 970 1109 1010 inter
1138 970 1266 1022 ipsam
1295 969 1535 1009 curationem
1565 969 1728 1009 rescisso

319 1027 481 1067 vulnere
502 1027 736 1079 exspiravit,
758 1040 868 1067 anno
888 1027 1024 1067 aetatis
1042 1026 1355 1081 quadragesimo
1375 1039 1492 1066 none.
1546 1025 1729 1066 Petreius

320 1084 471 1126 Jubam
490 1097 606 1137 seque
625 1083 837 1138 interfecit.
897 1085 951 1125 P.
969 1084 1106 1136 Scipio
1123 1085 1165 1124 in
1180 1097 1282 1124 nave
1295 1083 1573 1124 circumventus
1586 1083 1728 1123 leones-

321 1146 376 1181 tce
394 1141 518 1181 morti
543 1139 576 1164 ⁹⁵
586 1154 712 1181 vocem
741 1154 894 1194 quoque
922 1140 1098 1195 adjecit.-
1128 1140 1393 1194 quaerentibus
1420 1140 1525 1180 enim
1555 1140 1729 1192 impera-

322 1204 446 1238 torem
474 1197 649 1238 hostibus
677 1198 798 1246 dimit,
824 1198 1057 1252 Imperator
1087 1196 1192 1239 bene
1221 1212 1263 1238 se
1295 1197 1433 1238 habet.
1490 1198 1664 1237 Faustus
1692 1203 1730 1237 et

323 1253 522 1306 Afranius
550 1255 684 1295 occisi.
745 1255 914 1296 Catonis
930 1256 1027 1308 filio
1056 1256 1175 1296 venia
1205 1255 1319 1295 elata.
1379 1255 1547 1302 Brutus,
1576 1256 1731 1309 legatus

327 1311 516 1362 Caesaris,
536 1312 581 1351 in
604 1310 752 1352 Gallia
773 1312 1005 1353 Bellovacos
1024 1312 1256 1353 rebellantes
1268 1312 1419 1364 proelio
1438 1312 1547 1352 vicit.

943 1530 1120 1583 CXV.

385 1674 525 1716 Caesar
543 1680 714 1728 quatuor
732 1674 952 1728 triumphos
970 1675 1086 1715 duxit
1098 1690 1114 1723 ,·
1144 1689 1196 1715 ex
1218 1673 1379 1723 Gallia,
1403 1688 1452 1714 ea:
1472 1674 1669 1729 AEgypto,
1686 1689 1736 1715 ex

327 1732 475 1781 Ponto,
497 1745 547 1771 ex
577 1729 741 1783 Africa.
802 1732 979 1785 Epulum
1000 1738 1038 1772 et
1067 1733 1196 1772 omnis
1219 1732 1381 1785 generis
1410 1733 1636 1784 spectacula
1666 1733 1735 1771 de-

326 1789 404 1829 dit.
463 1788 529 1829 M.
552 1788 754 1828 Marcello
769 1789 987 1838 consulari,
1005 1795 1143 1830 senatu
1154 1794 1333 1842 rogante,
1350 1790 1518 1828 reditum
1534 1789 1737 1829 concessit.

326 1845 361 1870 ⁹⁶
371 1845 454 1894 Qui
474 1845 696 1886 Marcellus
716 1845 901 1898 beneficio
921 1845 1003 1900 ejus
1014 1847 1116 1900 frui
1134 1860 1212 1886 non
1224 1846 1373 1899 potuit,
1396 1859 1422 1885 a
1441 1844 1475 1871 ⁹⁷
1490 1846 1564 1886 Cn.
1588 1845 1738 1900 Magio

329 1903 473 1944 Cilone
493 1903 638 1943 cliente
655 1917 725 1943 suo
744 1902 916 1944 Athenis
945 1905 1103 1944 occisus.
1165 1903 1381 1943 Recensum
1409 1903 1506 1957 egit,
1529 1917 1604 1956 quo
1622 1917 1738 1944 censa

325 1966 418 2000 sunt
435 1959 576 2000 civium
596 1960 730 2013 capita
750 1966 897 2001 centum
928 1960 1222 2014 quinquaginta
1246 1960 1393 2000 millia.
1454 1961 1738 2014 Profectusque

325 2016 369 2057 in
388 2017 641 2069 Hispaniam
665 2018 858 2058 adversus
881 2018 956 2059 Cn.
979 2017 1225 2071 Pompeium,
1247 2017 1380 2058 multis
1408 2017 1603 2071 utrimque
1620 2031 1738 2070 expe-

326 2074 548 2115 ditionibus
555 2072 698 2126 factis,
720 2080 758 2114 et
777 2075 936 2129 aliquot
954 2076 1111 2116 urbibus
1129 2074 1387 2129 expugnatiS,
1407 2087 1597 2115 summam
1618 2074 1737 2115 victo-

325 2130 428 2171 riam
447 2145 532 2171 cum
552 2145 696 2185 magno
716 2132 947 2173 discrimine
966 2133 1023 2173 ad
1040 2133 1248 2174 splundam
1273 2131 1406 2172 urbem
1425 2137 1646 2173 consecutus
1666 2137 1738 2171 est.

329 2188 543 2241 Pompeius
565 2187 706 2229 Sextus
725 2187 884 2244 effugit.

370 2391 412 2421 93
437 2391 587 2431 Occisoque
601 2391 646 2431 eo]
664 2391 725 2421 Hic
751 2390 864 2422 τελείαν
878 2391 1009 2432 στιγμῆν

329 2433 537 2474 apposuimus,
563 2434 701 2464 obsecuti
724 2434 850 2474 Sigonio
878 2440 910 2464 et
936 2436 1008 2466 JaC.

330 2475 500 2508 Perizonio.
551 2475 613 2506 Hic
641 2476 767 2516 quidem
792 2476 886 2507 etiam
916 2477 1012 2507 deleri

325 2518 416 2559 jubet
429 2528 537 2549 vocem
552 2529 593 2555 eo,
610 2528 666 2548 nec
682 2518 747 2549 sine
762 2529 868 2549 causa.
901 2519 1013 2560 Agitur

331 2561 414 2592 enim
436 2561 475 2592 de
497 2562 590 2591 Sexto
613 2561 747 2598 Caesare,
769 2561 822 2602 qui
843 2561 968 2592 relictus
994 2572 1013 2593 a

331 2603 452 2645 legione
467 2603 586 2634 occisus
601 2608 656 2634 est.

373 2648 416 2677 94
439 2648 597 2686 Scipionem
622 2646 788 2686 praetorem]
828 2646 911 2687 Lege
942 2657 1012 2677 cum

332 2689 490 2721 Gronovio
525 2689 573 2719 vel
611 2689 770 2728 Scipionem
805 2690 1011 2728 proconsulem,

331 2734 381 2763 vel
397 2733 566 2772 Scipionem,
584 2732 742 2762 Petreium.

373 2775 416 2806 95
442 2775 542 2805 Vocem
563 2775 685 2815 quoque]
719 2773 780 2804 Hic
804 2773 909 2804 inserit
933 2774 1012 2804 Gro-

332 2816 439 2848 novius
453 2829 561 2857 ραν-ειη,
578 2817 627 2848 vel
642 2818 857 2847 nzetrzorabilcm.

373 2860 415 2890 96
454 2861 513 2895 Qui
559 2860 717 2890 Marcellus
768 2859 900 2898 beneficio
935 2859 1012 2898 ejus]

1055 2391 1230 2422 Gronovius
1252 2401 1347 2431 quum
1368 2389 1514 2431 repererit
1535 2388 1567 2419 in
1582 2399 1643 2419 uno
1666 2389 1737 2420 MS.

1055 2434 1115 2468 Qui
1142 2434 1275 2474 beneficio
1302 2435 1363 2472 ejus
1386 2433 1557 2468 Marcellus,
1586 2431 1738 2471 rescribit,

1057 2477 1121 2511 Quo
1136 2477 1268 2517 beneficio
1282 2477 1342 2515 ejus
1359 2475 1536 2505 Marcellus:
1559 2479 1652 2505 recte.

1099 2519 1139 2549 97
1165 2519 1204 2549 Ρ.
1234 2518 1351 2559 Magio]
1389 2517 1532 2557 Sigonius
1554 2516 1646 2559 jussit
1675 2517 1736 2558 legi

1058 2561 1115 2592 Cn.
1147 2561 1258 2602 Magio,
1288 2570 1477 2601 causamque
1500 2560 1630 2596 addidit,
1654 2559 1737 2600 quod

1056 2614 1166 2645 nempe
1182 2604 1225 2634 sic
1247 2603 1300 2633 ille
1322 2602 1499 2633 interfector
1522 2602 1667 2634 Marcelli
1682 2613 1735 2633 no-

1057 2646 1224 2676 minaretur
1239 2645 1271 2676 in
1287 2645 1418 2687 epistola
1440 2645 1538 2676 Servii
1554 2645 1593 2676 ad
1611 2644 1735 2676 Cicero-

1055 2698 1138 2719 nem.
1182 2689 1245 2719 Sed
1260 2699 1306 2719 eae
1323 2688 1481 2719 Ciceronis
1493 2688 1645 2719 editiones
1660 2698 1737 2728 quas

1055 2730 1199 2767 vidimus,
1216 2736 1309 2772 atque
1326 2731 1356 2761 in
1373 2731 1410 2761 iis
1427 2731 1606 2767 Graeviana,
1621 2730 1739 2761 habent

1058 2774 1096 2804 P.
1125 2774 1235 2815 Magio,
1263 2774 1418 2815 quomodo
1440 2773 1491 2804 hic
1521 2779 1593 2805 ante
1621 2772 1737 2814 Sigonii

1058 2817 1305 2848 emendationem
1320 2818 1490 2860 legebatur.
