1831 3194
495 103 617 142 LIB.
649 102 769 140 XLV.
812 102 943 139 CAP.
975 101 1129 139 XLIII.
1441 105 1514 140 215

104 215 165 256 los
186 214 218 238 ¹³
230 214 375 256 binfim
397 213 571 255 millium
585 212 691 253 aeris.
737 211 856 261 Bitis,
871 225 966 252 cum
979 210 1126 251 ceteris
1146 209 1361 251 obsidibus
1377 225 1401 251 a
1415 213 1704 254 Car-11.(:.585.

105 271 224 313 seclis
244 271 476 320 arcessitus,
497 270 553 311 ad
581 278 742 326 patrem
773 283 868 309 cuni
899 267 1045 323 legatis
1073 267 1234 308 missus.
1295 267 1433 307 Navcs
1455 267 1617 309 το-Λ·(-Ῑ·
1636 267 1702 296 107.

104 329 200 383 giae,
222 337 357 385 captae
378 328 431 369 de
462 326 766 368 Macedonibus
786 324 818 349 ¹¹¹
831 325 1040 366 inusitatae
1071 332 1167 366 ante
1199 323 1513 379 magnitudinis,

104 385 145 425 in
167 400 314 441 campo
336 384 494 426 Martio
514 383 734 425 subduetae
755 390 865 423 sunt.

164 442 346 483 XLIII.
380 442 580 482 Haerente
611 439 764 490 adhue,
786 454 867 480 non
903 438 944 479 in
970 439 1116 479 animis
1139 438 1278 488 modo,
1307 438 1379 479 sed
1411 453 1516 494 pene

104 498 146 539 in
176 498 321 550 oculis,
342 497 540 539 memoria
561 496 822 538 Macedonici
854 495 1072 552 triumphi,
1096 495 1147 535 L.
1171 494 1348 536 Anicius
1369 494 1401 518 ¹⁵
1416 495 1516 545 Qui·
1530 506 1564 535 L.
1583 505 1680 535 Anicii

104 555 305 596 riualibus
336 554 612 611 triumphavit
645 553 697 595 de
727 568 823 610 rege
855 552 1010 594 Gentio
1040 552 1294 609 Illyriisque.
1357 548 1708 593 Similia‘slu¹¹¹}>¹¹¹¹²³·

103 613 242 653 omnia
265 612 398 668 magis
418 612 507 653 visa
535 610 787 661 hominibus,
808 624 936 666 quam
966 609 1094 665 paria.
1126 609 1260 650 minor
1278 609 1367 665 ipse
1387 609 1517 665 impc-

104 677 233 719 rator,
268 677 310 710 et
344 668 562 711 nobilitate
598 667 775 709 Anicius
809 681 906 709 cum
936 665 1121 715 AEmilio,
1152 674 1194 707 et
1224 666 1321 721 jure
1351 666 1516 721 imperii

104 733 260 781 praetor
293 740 390 767 cum
429 724 597 767 consule
637 724 850 766 conlatus:
897 738 980 764 non
1015 722 1195 764 Gentius
1232 723 1398 772 Perseo,
1435 737 1517 764 non

106 782 241 839 Illyrii
273 782 593 832 Macedonibus,
623 797 707 822 non
737 780 869 837 spolia
898 780 1055 837 spoliis,
1086 778 1213 820 16non
1243 780 1421 834 pecunia
1449 794 1519 835 pe-

101 840 254 891 cuniae,
284 855 367 881 non
399 840 510 881 dona
541 839 661 880 donis
695 838 926 894 comparari
957 844 1164 894 poterant.
1227 836 1380 891 Itaque
1412 835 1519 878 sicut

102 896 383 953 praefulgebat
412 897 512 938 huic
542 895 785 952 triumphus
820 909 988 942 recens;
1029 894 1090 935 ita
1121 892 1351 949 adparebat
1381 892 1519 949 ipsum

102 968 178 1010 per
211 969 254 995 se
284 954 549 996 intuentibus
580 966 846 1009 nequaquam
877 966 966 993 esse
997 948 1358 992 contemnendum.
1420 951 1520 990 Per-

103 1009 324 1052 domuerat
342 1011 456 1053 intra
474 1025 629 1067 paucos
649 1010 753 1059 dies,
775 1017 885 1050 terra
912 1007 1099 1062 marique
1119 1007 1314 1056 ferocem,
1336 1006 1520 1062 locisque

102 1067 277 1111 munitis
296 1067 462 1119 fretam,
483 1075 651 1123 gentem
675 1065 943 1121 Illyriorum:
976 1078 1116 1119 regem
1146 1064 1358 1118 regiaeque
1378 1078 1521 1104 omnes

104 1124 246 1181 stirpis
274 1133 468 1181 ceperat:
501 1123 534 1150 ¹⁷
546 1122 761 1165 transtulit
793 1122 836 1163 in
867 1121 1130 1177 triumphum
1160 1119 1296 1161 multa
1324 1119 1522 1161 militaria

104 1181 238 1238 signa,
252 1180 466 1238 spoliaque
487 1180 583 1231 alia,
604 1188 645 1222 et
667 1177 966 1236 supellectilem
987 1177 1169 1233 regiam:
1202 1174 1333 1218 ¹⁸auri
1353 1176 1495 1231 pondo
1507 1179 1521 1200 ²·

103 1238 254 1309 viginti
283 1246 326 1280 et
356 1253 397 1279 se
430 1245 530 1289 tem,
552 1237 715 1292 argenti
736 1236 879 1277 decem
903 1243 946 1277 et
975 1249 1124 1276 novem
1155 1233 1318 1290 pondo:
1352 1233 1386 1258 ¹9
1398 1233 1523 1275 dena-

104 1295 217 1337 rium
238 1294 320 1337 tria
347 1295 404 1336 mi
423 1295 492 1345 lia,
514 1303 556 1336 et
584 1293 802 1336 ⁰2⁰centum
828 1292 977 1349 viginti
1009 1291 1140 1333 millia
1172 1290 1309 1347 Illyrii
1344 1291 1519 1345 argenti.

104 1353 221 1394 Ante
252 1367 424 1394 currum
458 1352 577 1394 ducti
612 1351 793 1394 Gentius
828 1365 902 1392 rex
937 1363 1034 1390 cum
1069 1348 1248 1404 conjuge
1283 1355 1325 1389 et
1365 1347 1521 1397 liberis,

102 1417 146 1452 et
172 1409 450 1451 Caravantius
477 1408 609 1450 frater
638 1407 763 1464 regis,
790 1415 833 1449 et
863 1406 1025 1462 aliquot
1054 1405 1213 1446 nobiles
1244 1403 1394 1461 Illyrii.
1455 1404 1522 1445 Dc

104 1465 249 1523 praeda
274 1465 480 1508 militibus
508 1466 552 1506 in
583 1464 769 1520 singulos
788 1463 1120 1519 ”quadragenos
1144 1460 1296 1517 quinos
1316 1460 1521 1510 denarios,

105 1522 266 1581 duplex
287 1522 535 1572 centurioni,
549 1520 704 1578 triplex
725 1536 747 1562 e
779 1521 874 1570 uiti,
892 1520 1012 1560 sociis
1032 1517 1210 1560 nominis
1226 1517 1371 1559 Latini
1392 1532 1523 1573 quan-

107 1588 200 1622 tum
229 1579 406 1630 civibus,
436 1587 478 1620 et
509 1578 628 1620 sociis
659 1592 766 1619 nava
785 1578 878 1618 'bus
910 1575 1027 1617 dedit
1062 1582 1268 1629 quantum
1304 1573 1520 1615 militibus.

106 1636 268 1679 Laetior
297 1636 409 1677 hunc
437 1634 567 1693 trima
597 1635 700 1676 hum
730 1642 792 1676 est
823 1640 991 1675 secutus
1021 1632 1153 1682 miles,
1177 1630 1405 1687 multisque
1433 1631 1523 1672 dux

105 1694 196 1750 ipse
230 1692 485 1735 carminibus
519 1707 564 1733 ce
605 1691 764 1733 bratus.
809 1689 1095 1732 2²sestertis1m
1130 1687 1345 1729 ducenties
1385 1703 1436 1729 ex
1477 1703 1526 1728 ea

106 1750 253 1808 praeda
280 1749 496 1792 redactum
521 1764 624 1799 esse,
645 1756 791 1790 auctor
821 1755 884 1789 est
905 1746 1072 1797 Antias,
1093 1753 1248 1802 praeter
1280 1758 1432 1785 aurum
1463 1759 1526 1786 ar-

602 1821 619 1846 h
632 1821 726 1861 pondo
739 1819 802 1852 del.
818 1819 916 1852 Gron.
934 1818 1025 1850 Crev.

153 1886 194 1917 13
223 1885 339 1918 Binam
373 1888 501 1918 millium
540 1886 624 1928 oeris]
669 1886 795 1917 Marca-
1387 1902 1396 1910 ·
1416 1881 1528 1921 pondo]

110 1939 178 1960 rum
193 1930 313 1971 argenti
328 1929 510 1962 nostratium
525 1930 557 1961 3.
572 1928 672 1961 uneiae
689 1929 718 1959 1.

884 1884 923 1915 18
947 1884 1025 1914 Auri
1051 1884 1158 1925 viginti
1180 1889 1207 1914 et
1229 1889 1333 1922 septem
1356 1902 1364 1911 .

840 1927 968 1959 Marcas
987 1931 1139 1957 nostrates
1153 1927 1205 1956 42.
1229 1924 1403 1956 semuncias
1417 1925 1448 1954 3.
1468 1925 1527 1954 Ar-

153 1973 194 2003 14
216 1973 373 2004 Inusitata?
396 1979 465 2004 ante
485 1971 715 2014 magnitudinis]
748 1970 797 2002 Si-

109 2024 148 2046 ve
174 2015 334 2057 vulgatam
366 2015 532 2048 lectionem
560 2025 704 2057 sequare,
732 2014 798 2046 sive

110 2067 181 2088 cum
204 2057 361 2090 Gronovio
382 2058 530 2090 emendes
550 2060 721 2094 invisitatae,
735 2058 796 2088 uti-

111 2110 172 2142 que
185 2100 423 2143 intelligendum
437 2107 495 2138 est,
512 2101 675 2133 Romanis.
711 2100 797 2131 Nam

111 2149 192 2174 notae
214 2149 296 2180 sunt,
311 2155 370 2176 nec
390 2144 532 2186 ignorare
554 2154 608 2176 eas
628 2142 730 2187 potuit
744 2142 796 2174 Li—

110 2186 191 2222 vius,
219 2187 363 2219 Hieronis
386 2187 502 2218 *navis
527 2197 597 2228 quae
619 2185 728 2228 viginti
749 2196 797 2217 or-

111 2229 237 2261 dinibus
261 2240 415 2262 remorum
444 2235 608 2272 ageretur;
636 2228 796 2261 Ptolemaei

112 2272 313 2315 Philadelphi
340 2273 423 2310 duae,
448 2283 518 2314 quae
545 2272 674 2314 triginta
698 2281 797 2303 remo-

111 2325 179 2347 rum
199 2315 379 2355 ordinibus;
403 2315 494 2348 Philo
518 2316 621 2352 atoris,
636 2324 705 2357 quae
720 2324 798 2355 qua-

111 2358 274 2400 draginta:
299 2359 339 2391 de
355 2359 469 2400 quibus
515 2358 655 2390 thenaeus
669 2358 692 2389 l.
708 2358 753 2389 V.

158 2402 198 2432 15
222 2401 441 2444 Quirinalibus]
466 2401 642 2439 Quirinalia
657 2400 795 2432 celebra-

111 2444 226 2476 bantur
252 2444 418 2476 Februario
445 2455 564 2481 mense,
589 2455 619 2476 a.
642 2443 675 2475 d.
697 2443 796 2474 XIII.

114 2486 192 2519 Kal.
227 2487 373 2523 Martias,
409 2487 442 2519 in
476 2488 627 2520 honorem
663 2485 798 2523 Quirini,

112 2539 168 2560 seu
183 2529 322 2562 Romuli.
344 2529 420 2562 Vid.
436 2530 562 2562 Festum
584 2530 617 2562 in
634 2539 708 2560 voce
725 2529 799 2563 Qui-

112 2573 236 2609 τῖηαὶῐα,
252 2578 284 2604 et
298 2572 392 2605 Ovid.
408 2573 431 2604 l.
447 2574 493 2604 ΙΙ.
510 2574 596 2605 Fast-

160 2615 200 2645 16
224 2615 291 2646 Non
311 2618 438 2656 pecunia
457 2616 606 2657 pecunioe]
643 2613 799 2646 Emenda-

116 2655 160 2687 tio
171 2657 298 2699 Sigonii.
341 2659 443 2691 Vetus
464 2658 557 2691 lectio
572 2658 648 2691 fuit:
672 2669 729 2688 non
749 2667 800 2697 pe—

115 2701 205 2730 cunia
222 2700 430 2733 Macedoniam.

162 2742 200 2772 17
226 2742 390 2775 Transtulit
417 2746 450 2775 in
479 2744 675 2785 triumphum]
717 2744 802 2784 Lege

117 2793 191 2815 cum
217 2784 372 2818 Gronovio
398 2788 431 2818 in
457 2788 620 2827 triumpho:
649 2787 694 2817 sic
719 2785 803 2817 enim

118 2837 239 2869 semper
269 2828 385 2864 Livius,
414 2834 445 2861 et
474 2830 694 2861 Grammaticae
725 2828 804 2860 ratio

117 2870 264 2912 postulat.

837 1972 922 2012 genti
941 1972 1036 2000 decem
1054 1976 1082 2000 et
1104 1980 1215 2000 novem.
1258 1968 1386 1998 Marcas
1399 1967 1454 1998 29.
1469 1977 1528 1998 un—

841 2013 907 2044 cias
924 2014 956 2044 5.
977 2012 1169 2043 semunciam
1189 2012 1218 2043 1.
1241 2010 1358 2041 Merito
1383 2009 1528 2040 observat

841 2055 1016 2088 Gronovius
1040 2054 1121 2086 hane
1147 2063 1301 2085 summam
1326 2052 1527 2095 perexiguam

839 2108 917 2134 esse,
934 2103 965 2130 et
978 2097 1098 2140 aliquid
1118 2096 1245 2129 fortasse
1259 2095 1326 2127 vitii
1340 2105 1407 2127 esse
1421 2095 1453 2126 in
1469 2105 1526 2126 nu-

874 2152 944 2174 el'ls.

841 2153 871 2183 m
886 2185 925 2216 19
955 2184 1121 2215 Denarizim
1157 2184 1216 2213 tria
1251 2181 1363 2224 millia]
1401 2181 1528 2212 Marcas

841 2227 959 2269 argenti
975 2226 1027 2258 46.
1040 2225 1150 2268 uncias
1164 2226 1197 2261 7.

882 2271 926 2301 20
951 2270 1076 2300 Centum
1103 2269 1212 2310 viginti
1234 2268 1330 2297 millia
1353 2266 1456 2307 Illyrii
1477 2278 1527 2296 ar-

839 2313 940 2355 genti]
965 2313 1038 2344 Non
1061 2312 1118 2344 abs
1138 2321 1171 2342 re
1193 2310 1366 2353 suspicatur
1381 2309 1530 2351 Dujatius

843 2356 893 2388 hic
910 2355 1065 2397 designari
1080 2353 1279 2390 Victoriatos,
1295 2363 1372 2394 quos
1394 2361 1433 2382 ex
1451 2351 1528 2393 Illy-

838 2399 901 2430 rico
930 2398 1064 2441 primum
1101 2397 1246 2428 advectos
1277 2405 1345 2427 esse
1378 2399 1530 2426 memorat

841 2441 974 2478 Plinius,
999 2440 1021 2471 l.
1045 2439 1210 2472 XXXIII.
1232 2448 1260 2470 c.
1283 2439 1313 2470 3.
1336 2436 1529 2469 Victoriatus

842 2490 946 2516 autem
962 2488 1028 2516 erat
1043 2481 1213 2525 quinarius,
1229 2480 1293 2512 sive
1309 2479 1438 2511 dimidia
1457 2490 1529 2521 pars

842 2527 971 2559 denarii.
1014 2527 1126 2568 Itaque
1147 2530 1273 2557 centum
1295 2522 1404 2565 viginti
1431 2522 1529 2552 millia

844 2570 1084 2602 Victoriatorum
1107 2568 1246 2601 efficiunt
1267 2576 1387 2598 marcas
1410 2564 1531 2606 argenti

843 2614 918 2644 937.
933 2612 1043 2645 uncias
1057 2613 1088 2644 4.

886 2656 924 2686 21
966 2655 1176 2697 Quadragenos
1228 2654 1328 2694 quinos
1381 2647 1529 2689 denarios]

846 2698 964 2731 Uncias
979 2698 1098 2739 argenti
1111 2699 1144 2729 5.
1156 2706 1276 2739 grossos,
1289 2700 1324 2725 ut
1338 2696 1459 2739 vocant,
1475 2692 1509 2721 5.

886 2742 929 2772 22
952 2741 1122 2775 Sestertiiim
1139 2737 1311 2777 ducenties]
1344 2734 1453 2765 Libras
1481 2743 1529 2780 ar-

846 2784 931 2825 genti
954 2784 1115 2814 Romanas
1135 2781 1251 2813 50000.
1274 2787 1394 2809 marcas
1417 2777 1530 2807 Pami-

847 2837 937 2858 enses
948 2827 1066 2857 78125.

927 2915 998 2951 124
