1831 3194
501 112 619 150 LIB.
648 110 774 148 XLV.
814 111 945 148 CAP.
976 109 1083 147 XVI.

1422 116 1493 151 185

80 229 221 264 monte
262 222 428 264 Albano
467 220 676 262 dedicavit
716 219 1002 276 quinquennio
1044 226 1155 275 post,
1196 232 1323 274 quam
1364 221 1491 262 vovit.

81 279 254 320 Flamen
293 277 499 320 Martialis
534 278 810 332 inauguratus
845 286 906 318 cst
941 292 989 318 co
1024 291 1133 317 anno
1169 274 1220 316 L.
1251 277 1494 319 Postumius

82 335 276 377 Albinus

140 393 266 434 XVI.
300 394 347 443 Q.
373 392 500 441 AElio,
533 392 596 432 M.
620 391 752 432 Iunio
783 391 1022 431 consulibus
1052 390 1104 430 (le
1139 389 1362 445 provinciis
1391 391 1493 431 refc-
1509 400 1572 430 11.(
1558 400 1583 429 (“
1586 402 1683 432 .585.

81 450 284 499 rentibus,
305 464 499 490 0011511010
522 449 681 498 Patres,
700 448 804 489 duas
826 448 1057 503 provimias
1081 446 1328 503 Hispaniam
1349 463 1513 488 rursus
1507 443 1547 473 ¹
1559 444 1595 473 (
1613 445 1683 474 167.

80 506 184 556 fieii,
210 522 305 562 quie
336 522 419 547 una
448 521 521 562 per
550 505 707 545 bellum
734 505 1055 546 Macedonicum
1084 504 1246 545 fuerat:
1280 512 1321 545 et
1354 505 1494 545 Macc-
1506 486 1707 560 ffumlglffogs

80 563 246 603 doniam
282 563 583 619 Illyricumque
617 562 797 612 eosdem,
826 563 876 602 L.
902 561 1096 603 Paullum
1131 570 1172 602 ct
1205 561 1255 601 L.
1279 561 1492 613 Anicium,
1507 572 1686 603 lrovinciae.

80 620 281 669 0111111010,
304 620 433 661 done(
455 620 507 660 (10
528 619 730 660 sententia
758 619 990 674 legatorum
1012 626 1052 659 et
1074 634 1138 658 res
1158 618 1267 659 bello
1287 619 1493 669 1111111105,

79 676 114 702 70
127 684 168 718 et
210 684 258 717 st
250 686 365 718 1111111
414 676 541 717 alium
589 677 678 732 ejus
726 676 842 730 108111
886 675 1105 716 formando
1154 675 1492 738 composuissent.

84 733 336 775 Consulibus
368 733 475 775 Pisae
507 742 546 775 et
581 733 720 774 Gallia
748 734 926 774 decretae
946 732 977 759 7¹
992 747 1087 774 cum
1122 731 1229 772 binis
1262 732 1495 787 legionibus

83 790 290 846 peditum,
331 799 373 832 ct
413 791 602 845 equitum
641 789 1022 846 quadiinoentenis.
1085 790 1321 830 Praetorum
1366 799 1496 831 sortes

79 848 211 910 fuere,
245 849 293 898 Q
318 848 449 889 Cassii
482 848 655 897 urbana,
690 849 752 888 M
761 854 784 869 ¹¹¹
806 847 996 888 Iuventii
1029 845 1209 886 Thalnae
1241 846 1348 886 inter
1380 861 1496 902 pere-

80 903 236 959 grinos,
281 905 348 945 Ti.
383 905 548 946 Claudii
587 904 764 944 Neronis
807 903 958 955 Sicilia,
997 905 1073 945 Cn.
1108 903 1248 944 Fulvii
1291 903 1496 958 Hispania

80 960 259 1011 citerior,
293 963 339 1002 C.
374 961 523 1002 Licinii
560 962 714 1001 Nervae
748 960 933 1002 ulterior.
994 961 1049 1000 A.
1080 960 1242 1023 Manlio
1274 961 1495 1015 Torquato

83 1018 273 1058 Sardinia
302 1019 538 1059 obvenerat.
570 1018 729 1071 nequiit
760 1017 818 1058 110
847 1018 890 1058 111
922 1016 1191 1073 provinciam,
1213 1017 1266 1057 ad
1298 1032 1362 1058 res
1387 1017 1497 1072 capi-

81 1074 183 1115 tales
204 1075 450 1130 quaerendas
470 1090 521 1115 ex
553 1074 910 1115 senatusconsulto
939 1082 1137 1115 retentus.
1200 1074 1265 1114 De
1294 1073 1496 1128 prodigiis
1509 1082 1665 1124 Piodigia.

81 1131 232 1172 deinde
278 1132 483 1173 nunciatis
530 1139 697 1172 senatus
741 1139 802 1172 est
846 1131 1072 1172 consultus.
1134 1129 1267 1170 AEdes
1308 1131 1496 1171 Deorum

83 1188 343 1230 Penatium
335 1204 378 1229 111
400 1188 517 1229 Velia
536 1188 588 1229 de
609 1188 713 1229 coelo
743 1196 856 1229 tacta
876 1196 987 1229 erat:
1021 1195 1062 1229 et
1092 1186 1135 1227 in
1161 1186 1317 1243 oppido
1340 1186 1496 1228 Miner-

80 1244 149 1285 vio
165 1245 263 1286 duae
283 1254 418 1309 portae
434 1254 475 1287 et
491 1245 601 1286 muri
617 1245 892 1309 aliquantum.
952 1243 1162 1299 Anagniae
1178 1252 1290 1285 terra
1307 1244 1429 1300 pluei
1431 1252 1493 1292 at;

79 1309 123 1343 et
145 1302 327 1343 Lanuvii
356 1303 428 1344 fax
458 1302 500 1343 in
531 1302 635 1343 coelo
664 1318 753 1343 visa
781 1310 895 1350 erat;
927 1311 969 1343 et
996 1301 1030 1328 ⁷²
1045 1278 1220 1342 Calatiae
1251 1301 1294 1341 in
1326 1300 1497 1357 publico

80 1373 182 1422 agro
204 1361 267 1401 M.
291 1359 480 1401 Valerius
510 1359 610 1401 civis
632 1360 849 1400 Romanus
880 1359 1105 1400 nunciabat
1126 1373 1148 1399 e
1178 1358 1271 1398 foco
1301 1373 1376 1399 suo
1407 1373 1497 1398 san-

79 1431 250 1471 gumem
271 1431 346 1472 per
361 1425 401 1458 tr
402 1417 550 1458 1duum
567 1425 608 1458 et
624 1416 729 1457 duas
749 1424 890 1457 noctes
906 1431 1103 1456 manasse.
1166 1415 1233 1456 Ob
1253 1414 1297 1454 id
1317 1414 1496 1455 maxime

81 1472 305 1514 decemviri
335 1474 462 1515 libros
491 1473 605 1514 adire
631 1473 794 1530 jussi,s
776 1472 1119 1536 5upplicationem
1150 1470 1192 1512 in
1222 1471 1331 1511 diem
1362 1486 1494 1512 unum

80 1530 238 1586 populo
259 1530 496 1581 edixerunt,
518 1538 559 1571 et
580 1529 888 1586 quinquaginta
908 1544 1041 1585 capris
1061 1543 1103 1569 111
1133 1528 1224 1570 foro
1245 1527 1496 1569 sacrificave-

81 1595 195 1628 runt.
227 1595 268 1629 et
298 1587 474 1628 aliorum
506 1587 793 1650 prodigiorum
823 1601 968 1627 caussa
993 1585 1103 1626 diem
1139 1585 1316 1626 alterum
1338 1584 1495 1640 suppli-

82 1643 190 1684 catio
210 1644 319 1685 circa
346 1645 484 1685 omnia
512 1643 748 1700 pulvinaria
771 1642 868 1694 fuit,
889 1651 930 1684 et
951 1642 1097 1683 hostiis
1125 1641 1354 1697 majoribus
1375 1657 1496 1682 saorl-

82 1699 253 1741 ficatum
289 1709 364 1751 est,
397 1709 437 1742 et
472 1700 505 1728 ⁷⁵
521 1701 621 1742 urbs
655 1700 844 1741 lustrata.
908 1699 1027 1749 111(10,
1058 1699 1173 1755 quod
1209 1698 1263 1739 ad
1296 1698 1495 1739 honorem

84 1756 225 1798 Deum
246 1757 527 1799 inmortalium
548 1757 789 1813 pertineret,
806 1756 903 1797 decr
905 1755 989 1798 evit
1011 1764 1192 1805 senatus,
1216 1755 1283 1802 Ut,
1307 1756 1496 1809 quoniam

74 1816 305 1867 perduelles
332 1817 527 1868 superati,
550 1816 722 1855 Perseus
742 1821 779 1855 et
804 1813 978 1855 Gentius
1006 1828 1117 1867 reges
1146 1827 1230 1853 cum
1246 1813 1497 1853 splacedom'a

83 1878 205 1926 atque
235 1873 402 1927 Illyrico
433 1873 475 1912 in
502 1878 704 1926 potestate
727 1872 872 1925 populi
896 1871 1070 1911 Romani
1101 1876 1239 1918 essent,
1261 1876 1318 1918 ut,
1343 1877 1496 1924 quanta

82 1930 205 1982 dona,
225 1929 305 1983 Ap.
327 1931 514 1980 Claudio,
538 1929 603 1971 M.
619 1930 854 1982 Sempronio
874 1928 1108 1977 consulibus,
1130 1927 1178 1968 ob
1198 1928 1391 1968 devictum
1409 1927 1497 1968 An-

562 2006 587 2023 ffl
604 2002 649 2032 M.
663 2002 685 2032 1.
702 2002 800 2032 Munii
818 2002 914 2033 Gron.
930 2001 1021 2032 Crev.

128 2073 170 2103 70
194 2073 233 2103 Et
251 2079 358 2103 statum,
372 2074 464 2103 alium
478 2074 540 2112 ejus
560 2073 660 2115 regni]
686 2073 768 2114 Lege

83 2125 155 2146 cum
171 2115 294 2156 Sigonio
308 2118 459 2156 utriusque
472 2118 567 2156 regni.

129 2159 167 2188 71
195 2160 269 2189 Cum
298 2160 370 2189 binis
398 2160 555 2200 legionibus
583 2160 713 2198 peditum
743 2168 770 2188 et

812 2071 883 2102 dem
905 2071 997 2112 plane
1017 2069 1119 2106 modo,
1134 2081 1196 2112 quo
1212 2069 1326 2100 ibidem
1341 2069 1362 2100 l.
1378 2070 1498 2100 XLIV.

812 2125 840 2145 e.
862 2115 915 2145 21.
945 2115 1030 2144 Duas
1057 2115 1179 2155 legiones
1201 2136 1209 2143 .
1229 2136 1236 2143 .
1253 2135 1262 2143 .
1284 2114 1374 2153 quina
1401 2114 1495 2143 millia

810 2158 942 2196 peditum
978 2163 1005 2187 et
1040 2158 1162 2187 ducenos
1199 2157 1341 2192 habentes,
1374 2163 1498 2187 trecenos

84 2203 215 2241 equitum
242 2202 515 2243 quadringenteuis]
555 2202 633 2232 Haec
661 2200 771 2232 mutila

87 2254 154 2275 esse
176 2245 274 2275 cuivis
296 2244 466 2276 attendenti
494 2250 591 2286 patet.
636 2243 770 2274 Deside-

86 2292 171 2318 ratur
185 2287 267 2318 enim
282 2298 427 2319 numerus
445 2288 594 2329 peditum.
639 2287 770 2317 Praeter-

86 2340 125 2361 ea
150 2331 247 2361 multo
273 2331 415 2362 usitatius
435 2336 481 2361 est
506 2330 607 2361 dicere
628 2331 770 2370 quadrin-

85 2384 173 2414 genos
213 2384 307 2415 quam
347 2375 618 2415 quadringentenos.
680 2373 771 2412 Equi-

89 2422 152 2446 tum
185 2418 394 2458 quadringenis
421 2427 543 2458 quoque
579 2427 633 2458 pro
666 2417 770 2455 equiti-

90 2459 141 2488 bus
169 2461 377 2501 quadringenis
410 2470 470 2491 non
506 2460 620 2500 placet.
672 2458 771 2489 Deni-

88 2511 150 2541 que
197 2513 343 2533 numems
384 2503 449 2543 ipse
491 2502 770 2549 quadringenorum

89 2544 228 2583 equitum
265 2544 297 2575 in
332 2544 469 2587 singulas
505 2545 640 2586 legiones
677 2544 772 2575 nimio

92 2586 189 2633 major
213 2587 343 2623 videtur,
367 2599 463 2630 quum
491 2587 704 2618 Macedonicae
727 2587 772 2618 le-

92 2627 207 2667 giones,
224 2641 292 2670 quae
308 2641 382 2662 sena
395 2631 494 2663 millia
514 2630 654 2672 peditum
677 2630 772 2660 habe-

92 2672 180 2706 bant,
210 2677 346 2704 trecenos
378 2673 592 2705 tantummodo
624 2673 774 2704 haberent

93 2715 222 2755 equites,
238 2720 272 2745 ut
295 2723 416 2748 constat
439 2728 476 2748 ex
499 2718 520 2748 1.
535 2717 656 2746 XLIV.
679 2726 706 2746 0.
721 2717 773 2746 21.

94 2768 198 2799 supra.
241 2757 336 2789 Totus
358 2759 451 2800 igitur
472 2760 521 2791 hic
543 2760 629 2789 locus
651 2758 694 2789 sic
715 2758 774 2789 for-

95 2806 177 2831 tasse
204 2800 415 2833 emendandus
443 2808 506 2834 est:
539 2813 605 2832 cum
632 2802 706 2832 binis
734 2802 774 2832 Ie-

93 2844 227 2885 gionibus
253 2844 342 2884 quina
366 2846 459 2875 millia
480 2847 609 2885 peditum
634 2851 662 2875 et
687 2846 774 2875 duce-

97 2897 144 2917 nos
180 2886 357 2921 habentibus,
387 2889 492 2928 equites
527 2895 661 2918 trecenos.
714 2887 774 2917 Eo-

814 2202 930 2240 equites.
977 2199 1067 2230 Idem
1101 2210 1245 2230 numerus
1279 2204 1402 2229 notatur
1429 2204 1497 2229 tan-

814 2253 908 2283 quam
924 2248 1026 2273 vetere
1044 2241 1182 2272 instituto
1206 2241 1379 2282 assignatus
1403 2241 1497 2283 legio-

815 2285 916 2321 nibus,
933 2295 1026 2326 supra
1039 2285 1061 2316 l.
1077 2285 1183 2316 XLII.
1199 2296 1226 2315 c.
1242 2285 1293 2315 31.

858 2329 897 2359 72
924 2329 1047 2358 Culutioe
1069 2329 1101 2358 in
1120 2329 1236 2367 publico
1259 2327 1392 2367 agi-031.
1412 2327 1498 2357 Vale-

814 2372 877 2401 rius
912 2373 981 2402 civis
1014 2371 1161 2400 Romanus
1195 2372 1354 2400 nunciabat
1389 2381 1403 2399 e
1427 2369 1500 2410 foco

813 2415 878 2461 suo]
905 2415 1027 2445 Calatia
1051 2419 1117 2444 0101
1139 2413 1211 2444 urbs
1236 2412 1498 2454 (3001Ρο111εο,ου-

810 2467 862 2498 Jus
897 2467 978 2498 ager,
1008 2455 1270 2498 quemadmodum
1304 2460 1335 2486 01
1370 2457 1497 2496 Capuae,

814 2500 956 2548 publicus
978 2500 1077 2530 factus
1099 2499 1198 2530 fuerat
1221 2498 1326 2540 populi
1352 2497 1498 2528 Romani.

816 2543 848 2573 Is
862 2543 955 2584 igitur
978 2554 1050 2583 ager
1073 2541 1094 2572 f·
1092 2542 1221 2573 uendus
1243 2541 1404 2571 Iocabatur
1417 2540 1499 2570 colo·

816 2586 863 2616 nis
886 2597 904 2616 a
918 2586 1105 2616 censoribus.
1148 2586 1196 2615 M.
1213 2585 1242 2614 V
1246 2584 1356 2615 alerius
1378 2583 1416 2613 de
1439 2592 1501 2630 quo

817 2628 865 2658 hic
894 2629 1004 2669 agitur,
1029 2639 1109 2658 unus
1136 2626 1278 2657 videlicet
1304 2632 1370 2657 erat
1397 2637 1433 2656 ex
1464 2625 1501 2654 iis

816 2670 870 2712 qui
892 2671 1029 2711 aliquam
1051 2676 1171 2713 partem
1193 2669 1285 2710 hujus
1307 2668 1420 2711 publici
1436 2667 1500 2708 agri

817 2714 1038 2744 conduxeiant.

861 2758 901 2787 73
930 2757 1004 2787 Urbs
1026 2757 1167 2796 Iastium]
1192 2752 1386 2785 Amburbiali
1403 2760 1500 2786 sacro,

819 2799 857 2830 de
872 2810 932 2841 quo
947 2810 1039 2841 supra
1052 2799 1073 2829 1.
1089 2799 1183 2828 XXI.
1197 2807 1224 2828 c.
1240 2797 1291 2826 62.
1311 2794 1380 2826 etl.
1394 2794 1501 2825 XLII.

818 2853 846 2874 0.
861 2843 915 2873 20.
937 2842 1012 2874 Vid.
1026 2842 1069 2872 ibi
1084 2846 1160 2871 nott.
