1826 3149
114 192 203 224 U.C.
217 190 290 219 581.

112 237 154 267 Λ.
168 234 206 264 C.
219 232 291 264 171.

116 1019 170 1050 tio.

321 66 370 103 (58
851 68 991 107 ΤΙΤΙ
1033 69 1200 107 LIVII

324 173 494 225 nomini,
520 191 652 231 quum
683 178 912 233 praesertim
945 179 1120 220 Perseus
1149 179 1320 235 petisset
1350 179 1633 236 conloquium,
1665 193 1737 220 ex-

324 230 562 274 istimabant
592 232 745 275 deberi.
806 235 913 275 Joco
941 236 1067 276 etiam
1098 236 1286 278 Marcius
1318 245 1561 278 cunctantes
1592 235 1735 278 movit.

326 288 486 339 Minor,
507 289 660 346 inquit,
682 292 739 330 acl
767 291 969 344 majorem,
991 299 1029 333 et
1052 291 1236 349 (³³quod
1258 294 1457 350 Philippo
1478 292 1557 350 ipsi
1587 307 1738 348 cogno-

325 360 418 385 men
448 349 556 401 erat)
572 348 694 401 filius
721 349 779 388 ad
798 354 962 401 patrem
991 355 1185 391 transeat.
1247 351 1388 392 Facile
1419 364 1664 407 persuasum
1692 348 1739 390 id

324 401 412 457 regi
446 410 520 444 est.
587 403 723 444 Aliud
758 404 908 446 deinde
946 406 1251 462 ambigebatur,
1292 423 1387 449 cum
1427 422 1555 463 quam
1594 405 1739 447 multis

325 457 530 501 transiret.
591 462 700 511 Rex,
723 476 818 503 eum
847 462 959 503 omni
989 464 1190 505 comitatu
1220 465 1410 515 transire,
1442 478 1613 519 aequum
1648 477 1740 503 cen-

325 515 438 556 sebat
456 533 464 556 :
497 516 623 571 legati
653 517 718 558 vel
748 534 843 559 cum
864 520 1000 561 tribus
1021 520 1159 561 venire
1173 521 1395 576 jubebant,
1418 520 1498 570 vel,
1520 519 1553 560 si
1575 527 1741 561 tantum

324 586 472 627 agmen
498 573 749 626 traduceret,
771 575 935 618 obsides
961 576 1094 628 daret,
1115 577 1220 618 nihil
1246 577 1407 619 fraudis
1433 578 1522 618 fore
1542 576 1584 617 in
1605 575 1742 617 conlo·
1802 588 1808 596 ·

326 629 438 684 quio.
505 630 694 686 Hippian
730 640 772 674 et
808 634 1115 684 Pantauchum,
1146 650 1252 690 quos
1286 642 1328 676 et
1362 634 1523 689 legatos
1556 632 1740 683 miserat,

324 685 529 741 principes
570 687 812 739 amicorum,
846 690 1010 732 obsides
1051 690 1180 732 dedit.
1245 692 1334 732 Nec
1378 699 1464 732 tam
1505 689 1547 731 in
1587 689 1743 745 pignus

324 741 419 782 fidei
447 743 611 785 obsides
637 744 859 788 desiderati
890 756 1021 797 erant,
1048 763 1175 804 quam
1205 756 1252 789 ut
1276 748 1495 804 adpareret
1517 746 1651 797 sociis,
1672 761 1743 786 ne-

324 813 536 854 quaquam
578 816 629 841 ex
671 802 876 858 dignitate
909 804 1000 858 pari
1035 804 1230 860 congredi
1270 820 1409 861 regem
1449 819 1545 845 eum
1581 803 1739 859 legatis.

327 855 532 897 Salutatio
559 872 640 898 non
673 867 889 914 tamquam
917 860 1116 911 hostium,
1139 861 1210 902 sed
1239 861 1455 918 hospitalis
1484 876 1532 902 ac
1562 860 1744 916 benigna

324 911 406 952 fuit
424 928 435 959 ;
460 913 688 970 positisque
710 916 878 957 sedibus
899 917 1186 959 consederunt.

115 975 227 1007 Marcii
246 985 313 1006 ora·
384 969 484 1010 XL.
519 972 660 1020 Quum
690 972 918 1029 paullisper
939 973 1149 1015 silentium
1169 974 1339 1016 fuisset:
1373 975 1634 1028 Exspectnri,
1655 987 1740 1022 nos,

326 1025 462 1082 inquit
495 1028 695 1077 Marcius,
728 1030 923 1080 arbitror,
950 1037 994 1071 ut
1023 1033 1330 1084 respondeamus
1358 1033 1493 1073 literis
1520 1032 1612 1081 tuis,
1645 1046 1745 1085 quas

329 1084 547 1138 Corcyram
567 1086 715 1127 misisti
730 1109 744 1133 ;
769 1088 813 1128 in
834 1088 974 1141 quibus
995 1089 1157 1142 quaeris,
1179 1090 1280 1142 quid
1299 1090 1359 1130 ita
1379 1090 1510 1143 legati
1528 1103 1611 1130 cum
1634 1089 1742 1130 mili-

325 1140 431 1181 tibus
451 1143 683 1191 venerimus,
699 1150 737 1184 et
744 1145 949 1197 prcesidia
966 1147 1009 1185 in
1029 1147 1211 1200 singulas
1231 1146 1346 1187 urbes
1364 1147 1644 1188 dimittamus?
1676 1146 1747 1186 Ad

325 1198 431 1238 hanc
451 1200 809 1255 interrogationem
829 1209 939 1243 tuam
959 1209 997 1243 et
1017 1217 1095 1243 non
1118 1205 1358 1256 respondere
1372 1219 1524 1255 vereor,
1538 1218 1587 1244 ne
1605 1217 1745 1256 super-

327 1255 414 1295 bum
430 1257 495 1304 sit,
517 1263 555 1297 et
576 1271 670 1298 vera
691 1260 944 1312 respondere,
967 1274 1017 1300 ne
1037 1262 1158 1302 nimis
1178 1261 1359 1301 acerbum
1380 1262 1568 1301 audienti
1585 1261 1665 1301 tibi
1684 1262 1745 1302 vi-

327 1314 484 1354 deatur.
543 1314 624 1355 Sed
651 1330 768 1369 quum
798 1324 870 1357 aut
899 1317 1030 1358 verbis
1053 1319 1326 1372 castigandus,
1348 1324 1421 1359 aut
1440 1319 1565 1359 armis
1585 1319 1652 1367 sit,
1674 1319 1747 1372 qui

310 1369 456 1422 ssedus
475 1374 627 1424 rumpit
642 1389 658 1421 ;
679 1375 782 1414 sieut
809 1374 951 1414 bellum
977 1376 1167 1416 adversus
1186 1382 1226 1416 te
1246 1376 1339 1425 alii,
1361 1390 1479 1429 quam
1500 1376 1613 1424 mihi,
1630 1390 1744 1416 man-

327 1429 464 1468 datum
503 1429 654 1479 malim,
692 1431 752 1470 ita
787 1432 987 1472 orationis
1018 1433 1276 1473 acerbitatem
1309 1434 1501 1474 adversus
1535 1433 1743 1485 hospitem,

325 1483 571 1540 3‘utcumque
583 1493 653 1536 est,
671 1487 830 1528 subibo:
852 1487 885 1512 3⁵
895 1489 995 1530 sicut
1017 1490 1173 1537 medici,
1188 1504 1304 1543 quum
1324 1491 1468 1532 salutis
1487 1504 1627 1531 caussa
1647 1490 1745 1531 tris-

327 1543 436 1583 tiora
457 1545 635 1584 remedia
651 1545 855 1586 adhibent.
916 1547 987 1586 Ex
1002 1561 1078 1600 quo
1093 1561 1256 1600 regnum
1269 1548 1440 1601 adeptus
1459 1562 1511 1597 es,
1530 1562 1649 1588 unam
1663 1562 1745 1588 rem

327 1605 378 1647 te,
411 1614 501 1653 quoe
511 1644 517 1653 ,
520 1600 718 1653 facienda
732 1602 888 1656 ficerit,
922 1610 1083 1644 senatus
1095 1605 1249 1658 secisse
1268 1611 1397 1645 censet
1408 1621 1426 1653 ,·
1457 1606 1564 1659 quod
1591 1606 1745 1659 legatos

326 1657 498 1697 Romam
520 1659 578 1696 ad
595 1660 866 1699 renovandum
889 1661 968 1686 *Η
979 1660 1145 1713 judicat
1161 1662 1312 1714 potius,
1334 1676 1465 1716 quam,
1489 1676 1606 1716 quum
1627 1676 1743 1702 reno-

327 1720 461 1754 vatum
491 1720 602 1763 esset,
635 1717 881 1758 violandum.
940 1717 1194 1770 Abrupolim,
1226 1720 1370 1759 socium
1412 1725 1534 1773 atque
1573 1720 1743 1760 amicum

319 1771 469 1823 populi
507 1771 698 1821 Romani,
729 1788 852 1827 regno
892 1775 1094 1827 expulisti.
1155 1775 1348 1816 Artetari
1378 1776 1667 1831 interfectores,
1698 1782 1743 1817 ut

325 1829 432 1868 ccede
463 1830 530 1882 (ne
550 1831 650 1882 quid
677 1831 788 1870 ultra
819 1831 968 1883 (licam)
989 1833 1168 1872 loetatum
1193 1834 1427 1886 adpareret,
1449 1835 1650 1886 recepisti,
1673 1835 1744 1888 qui

325 1886 497 1925 omnium
527 1886 765 1941 Illyriorum
776 1889 1024 1941 fidissimum
1049 1890 1232 1929 Romano
1263 1892 1419 1931 nomini
1438 1892 1615 1945 regulum
1640 1892 1742 1932 occi-

326 1943 483 1983 derant.
543 1945 631 1984 Per
657 1944 906 1986 Thessaliam
937 1952 976 1987 et
1006 1947 1249 1988 Maliensem
1278 1963 1419 2002 agrum
1450 1963 1534 1989 cum
1565 1949 1743 1990 exercitu

325 2005 467 2039 contra
479 2000 624 2053 faedus
646 2003 828 2055 Delphos
850 2004 918 2044 isti
934 2022 947 2044 .·
981 2004 1201 2058 Byzantiis
1221 2006 1314 2046 item
1342 2012 1484 2046 contra
1501 2006 1647 2060 scedas
1667 2007 1742 2046 mi·

325 2057 417 2097 sisti
444 2058 620 2098 auxilia.
683 2059 780 2100 Cum
801 2061 970 2110 Baeotis,
992 2062 1110 2103 sociis
1129 2064 1291 2111 nostris,
1311 2062 1540 2104 36secretam
1561 2063 1640 2104 tibi
1659 2064 1743 2116 ipsi

322 2114 562 2163 societatem,
578 2130 695 2169 quam
709 2131 787 2157 non
804 2118 962 2167 licebat,
971 2117 1246 2172 jurejurando
1252 2122 1465 2176 pepigisti.
1532 2120 1743 2162 Thebanos

323 2172 489 2224 legatos,
512 2174 708 2214 Euersam
724 2181 739 2196 ¹³
767 2181 805 2215 et
838 2176 1109 2226 Callicritum,
1132 2178 1328 2219 venientes
1357 2193 1384 2218 a
1413 2178 1540 2227 nobis,
1562 2192 1742 2232 quaerere

324 2229 446 2276 malo,
469 2230 558 2283 quis
579 2231 842 2285 interfhcerit,
864 2247 982 2286 quam
1007 2248 1191 2288 arguere.
1251 2235 1305 2275 In
1326 2236 1492 2276 AEtolia
1514 2236 1653 2276 bellum
1676 2236 1740 2275 in-

324 2286 510 2326 testinum
530 2293 568 2327 et
595 2290 720 2329 coeales
735 2291 967 2343 principum
988 2306 1061 2343 per
1080 2306 1191 2345 quos,
1213 2293 1294 2333 nisi
1314 2307 1396 2346 per
1415 2299 1516 2342 tuos,
1528 2293 1666 2346 factae
1686 2293 1743 2334 vi-

326 2343 413 2383 deri
428 2351 593 2395 possunt
612 2349 634 2383 ‚9
659 2346 835 2399 Dolopes
855 2361 881 2388 a
901 2354 941 2388 te
962 2349 1049 2400 ipso
1068 2349 1237 2390 evastati
1265 2356 1372 2391 sunt.
1432 2350 1631 2390 Eumenes
1649 2364 1738 2399 rex,

325 2400 376 2440 ab
397 2401 531 2440 Roma
553 2416 669 2455 quum
691 2404 734 2442 in
764 2417 928 2457 regnum
958 2406 1119 2455 rediret,
1136 2420 1268 2460 prope
1292 2413 1336 2448 ut
1371 2407 1530 2448 victima
1563 2407 1741 2460 Delphis

892 2495 908 2511 ¹¹
926 2492 1064 2522 Evercam
1083 2493 1176 2524 Crev.

372 2564 412 2593 33
423 2563 440 2581 ⁷*
457 2563 542 2597 Quod
582 2563 717 2603 Philippo
768 2566 821 2603 ipsi
858 2576 1012 2606 cognomen
1054 2566 1191 2607 placeret
1206 2572 1322 2604 tamen,
1336 2577 1522 2607 quaecumqae
1533 2573 1583 2598 est.

328 2606 406 2645 erat]
435 2605 520 2642 Quia
533 2606 655 2635 Marcio
669 2616 840 2646 cognomen
855 2614 920 2638 erat
937 2608 1011 2638 Phi-
1098 2610 1139 2639 35
1162 2610 1244 2639 Sicut
1267 2612 1381 2646 medici,
1396 2611 1500 2651 quum]
1526 2611 1633 2640 Potest
1649 2609 1739 2641 abes-

330 2648 443 2689 lippus,
466 2648 548 2690 quod
576 2649 656 2689 patri
685 2649 790 2679 Persei
813 2660 924 2681 nomen
946 2651 1011 2681 fue-
1056 2661 1089 2682 se
1104 2652 1215 2683 vocula
1228 2664 1317 2692 qaam
1331 2653 1397 2683 sine
1411 2663 1520 2683 sensus
1541 2652 1715 2694 dispendio.

330 2697 388 2721 rat.
1100 2695 1323 2726 36*Secretam
1352 2697 1403 2725 tibi
1427 2697 1497 2737 ipsi]
1542 2695 1736 2727 Peculiarem

373 2734 414 2763 34
443 2732 657 2774 Utcunqueest]
679 2734 806 2776 Supple,
815 2745 874 2766 res.
904 2736 1012 2772 Quan—
1057 2741 1088 2766 et
1110 2737 1265 2780 propriam
1287 2738 1343 2769 tibi
1365 2738 1436 2780 ipsi,
1458 2737 1624 2781 separatim
1641 2749 1660 2769 a
1682 2748 1736 2769 no-

332 2776 444 2805 tumvis
467 2787 559 2816 grave
582 2776 621 2807 sit
644 2777 844 2808 acerbitatem
867 2778 1012 2808 orationis
1056 2779 1114 2811 bis.

333 2818 477 2849 adversus
500 2819 649 2861 hospitem
673 2831 862 2863 expromere.
905 2821 1012 2861 Magis
