1826 3149
337 105 414 145 226
892 100 1201 139 EPITOMAE

328 216 465 269 primo
485 214 641 257 Punico
661 212 773 261 belm,
796 211 1110 266 quingentesimo
1140 217 1177 250 et
1198 211 1325 250 altero
1346 223 1451 250 armo
1471 209 1524 251 ab
1543 210 1639 251 urbe
1657 225 1746 251 con-

339 273 441 319 dita,
453 273 566 324 sacti
587 277 717 311 erant.
776 268 932 323 Legati
950 268 1122 322 triginta
1147 267 1313 307 Romam
1334 273 1539 317 venerunt,
1554 282 1631 320 per
1652 282 1747 321 quos

338 345 379 370 se
400 329 766 383 Karthaginienses
779 325 989 366 dedebant.
1035 325 1202 365 Catonis
1217 325 1416 365 sententia
1428 325 1617 377 pervicit,
1639 331 1683 365 ut
1704 325 1747 364 in

338 388 495 426 decreto
512 390 776 439 perstaretur,
796 389 834 423 et
850 388 893 422 ut
912 381 1088 422 consules
1103 396 1220 435 qua-m
1237 382 1401 433 primum
1415 382 1472 421 ad
1491 381 1631 420 bellum
1644 395 1747 434 pro-

325 437 613 494 ficiscerentur.
677 440 760 489 Qui
787 440 856 480 ubi
885 440 930 479 in
951 436 1135 491 Africam
1166 439 1424 488 transierunt,
1447 438 1630 491 acceptis,
1653 452 1750 491 quos

341 502 654 553 imperaverant,
670 497 852 538 trecentis
863 495 1078 544 obsidibus,
1092 502 1129 536 et
1142 494 1175 519 ²⁴
1185 497 1320 545 armis,
1336 495 1590 549 omnibusque
1599 496 1748 536 instru-

340 559 484 597 mentis
498 557 665 604 bellicis,
686 556 723 595 si
743 568 821 608 qua
842 553 1100 607 Karthagine
1120 559 1249 599 erant‚·
1292 559 1396 604 tunc,
1411 567 1525 607 quum
1547 567 1595 592 ex
1613 558 1750 592 aucto-

341 616 464 654 ritate
483 615 654 654 Patrum
661 611 867 666 juberent,
888 617 930 650 ut
952 611 994 650 in
1025 611 1149 650 alium
1170 610 1306 658 locum,
1329 611 1419 650 dum
1440 624 1465 650 a
1488 609 1589 649 mari
1618 610 1751 649 decem

341 671 468 710 millia
478 684 679 723 passuum,
699 669 733 693 ²⁵
747 683 796 708 ne
824 669 965 716 minus,
981 674 1181 714 remotum,
1210 665 1245 690 2⁶
1257 668 1446 720 oppidum
1461 667 1671 721 facerent,
1694 667 1755 706 in-

342 728 543 779 dignitate
560 727 618 768 rez‘
638 728 695 767 acl
713 726 942 767 bellandum
966 723 1320 777 Karthaginienses
1339 726 1619 776 compulerunt.
1673 723 1752 763 Ob-

342 786 470 825 sideri
485 784 784 838 obpugnarique
795 788 925 835 caepta
943 789 1000 821 est
1015 781 1228 834 Karthago
1241 781 1291 821 ab
1300 782 1353 821 L.
1370 780 1547 828 Marcio,
1560 780 1617 821 M
1619 782 1639 820 '.
1651 780 1708 820 M
1706 794 1751 820 a-

344 842 442 891 nilio
462 842 694 883 consulibus.
751 841 804 881 In
825 853 903 893 qua
924 838 1219 892 obpugnatione
1248 852 1363 891 quum
1385 839 1583 892 neglectos
1599 837 1650 876 ab
1669 851 1755 878 una

335 906 462 952 parte
483 913 608 939 muros
629 899 706 938 duo
734 896 886 938 tribuni
910 901 1051 935 temere
1070 894 1196 935 ‘²⁷cum
1228 895 1448 935 cohortibus
1466 895 1548 935 suis
1578 894 1753 946 inrupis-

343 962 443 1004 sent,
461 962 498 996 et
520 956 570 996 ab
590 955 805 1008 oppidanis
820 953 1006 1008 graviter
1025 952 1281 1000 caederentur,
1299 966 1324 991 a
1345 952 1534 1004 Scipione
1554 950 1594 991 A
1587 949 1754 1004 fiticano

345 1013 525 1066 expliciti
539 1019 630 1053 sunt
643 1031 656 1053 .·
680 1027 759 1066 per
775 1025 886 1064 quem
901 1016 940 1051 et
954 1010 1153 1050 castellum
1171 1009 1450 1057 Romanorum,
1467 1008 1500 1032 ²⁸
1515 1010 1620 1062 quod
1640 1014 1755 1048 nocte

346 1070 644 1124 ea'pugnabant,
654 1070 801 1122 paucis
813 1066 1005 1121 equitibus
1005 1065 1259 1119 juvantibus,
1272 1066 1485 1106 liberatum
1502 1072 1557 1106 est
1573 1084 1585 1105 :
1606 1072 1754 1106 castro-

345 1141 519 1180 rumque,
542 1141 630 1181 quae
658 1125 1034 1179 Karthaginienses,
1056 1123 1233 1163 omnibus
1261 1124 1386 1176 copiis
1406 1123 1458 1163 ab
1483 1122 1579 1163 urbe
1590 1123 1756 1175 pariter

344 1185 509 1237 egressi,
540 1183 838 1238 obpugnabant,
859 1181 1115 1222 liberatorum
1145 1180 1178 1220 is
1199 1181 1283 1232 ipse
1308 1180 1552 1233 praecipuam
1575 1180 1755 1234 gloriam

345 1241 448 1280 tulit.
512 1242 733 1288 Praeterea,
769 1253 884 1293 quum
915 1238 967 1277 ab
998 1237 1119 1277 irrita
1148 1237 1443 1290 obpugnatione
1476 1237 1756 1291 Karthaginis

345 1299 482 1338 consul
502 1299 626 1350 (alter
643 1298 747 1337 enim
769 1298 938 1337 Romam
958 1296 1013 1334 ad
1038 1293 1198 1334 comitia
1220 1294 1338 1345 ierat)
1361 1295 1572 1334 exercitum
1599 1295 1757 1334 duceret

348 1357 537 1395 adversus
561 1353 875 1401 Hasdrubalem,
894 1353 963 1406 qui
981 1351 1014 1375 ‘²⁹
1024 1365 1111 1391 curn
1131 1351 1261 1391 altera
1281 1365 1399 1391 manu
1418 1351 1591 1405 iniquum
1610 1352 1757 1392 saltum

347 1413 566 1460 insederat,
587 1412 711 1452 suasit
737 1411 867 1463 primo
886 1408 1045 1458 consuli,
1066 1422 1114 1447 ne
1133 1414 1215 1448 tam
1243 1407 1381 1461 iniquo
1400 1408 1484 1448 loco
1510 1408 1756 1463 confligeret.

346 1469 470 1509 victus
489 1469 632 1509 deinde
650 1468 915 1520 complurium,
939 1467 1008 1519 qui
1029 1472 1067 1505 et
1083 1465 1310 1517 prudentiae
1329 1464 1411 1517 cgjus
1431 1471 1469 1505 et
1489 1465 1630 1505 virtuti
1650 1466 1756 1506 invi-

348 1526 509 1577 debant,
529 1526 751 1574 sententiis,
774 1531 812 1565 et
833 1524 917 1577 ipse
936 1523 1083 1563 saltum
1110 1523 1309 1575 ingressus
1328 1528 1398 1563 est.
1429 1536 1635 1576 quumque,
1655 1523 1756 1563 sicut

339 1583 607 1636 proediaeerat,
619 1581 737 1634 jusus
747 1580 998 1635 fugatusque
1018 1586 1116 1619 esset
1138 1580 1347 1619 Romanus
1366 1580 1575 1628 exercitus,
1599 1585 1637 1619 et
1667 1580 1757 1619 duee

347 1641 523 1681 cohortes
544 1640 594 1679 ab
616 1640 724 1679 hoste
752 1638 1039 1687 obsiderentur,
1059 1650 1142 1676 curn
1173 1636 1331 1689 exiguis
1359 1637 1534 1690 equitum
1554 1637 1692 1677 turmis
1712 1638 1756 1676 in

346 1698 491 1737 saltum
522 1710 713 1745 reversus,
744 1695 935 1735 liberavit
965 1707 1044 1740 eas,
1076 1699 1112 1733 et
1143 1693 1356 1734 incolumes
1386 1694 1562 1735 reduxit.
1626 1695 1757 1741 Quam

349 1754 527 1793 virtutem
549 1753 630 1807 ejus
651 1760 688 1793 et
717 1754 832 1801 Cato,
854 1753 918 1792 vir
935 1750 1167 1803 promtioris
1197 1752 1251 1789 ad
1270 1751 1570 1803 vituperandum
1591 1751 1755 1804 linguce,

348 1812 389 1850 in
410 1817 549 1851 senatu
568 1812 626 1851 sic
644 1816 866 1862 prosecutus
887 1814 956 1856 est,
979 1814 1022 1848 ut
1039 1808 1201 1857 (liceret,
1222 1806 1256 1830 ³⁰
1272 1807 1466 1862 reliquos,
1489 1806 1561 1862 qui
1582 1806 1623 1846 in
1644 1807 1756 1848 Afri-

349 1882 398 1907 ca
413 1867 654 1917 militarent,
673 1866 843 1907 umbras
861 1864 1053 1913 militare,
1074 1864 1310 1918 Scipionem
1333 1865 1493 1919 vigere3
1523 1862 1555 1887 ³¹
1573 1870 1611 1904 et
1622 1879 1757 1917 popu-

350 1925 407 1963 lus
428 1926 631 1964 Romanus
653 1939 697 1964 eo
702 1924 856 1978 favore
869 1923 1102 1975 complexus,
1125 1928 1166 1961 ut
1183 1922 1358 1962 comitiis
1370 1921 1560 1974 plurima:
1574 1935 1658 1961 eum
1679 1923 1756 1962 tri-

349 1981 418 2021 bus
446 1980 480 2004 ³2
492 1983 685 2023 consulem
715 1981 941 2031 scriberent,
972 1993 1087 2033 quum
1118 1978 1187 2019 hoc
1209 1992 1289 2033 per
1313 1985 1470 2019 aetatem
1498 1991 1578 2019 non
1606 1980 1755 2020 liceret.

393 2096 433 2126 ‘24
474 2096 578 2129 Armis,
616 2098 797 2136 omnibusque
833 2096 1028 2127 instrumentis

350 2138 430 2177 belli]
457 2139 533 2169 llaec
557 2144 603 2169 est
625 2145 762 2169 veterum
785 2140 935 2170 editorum
965 2139 1027 2170 lee-

350 2180 392 2210 tio
419 2186 449 2211 et
472 2181 589 2221 aliquot
614 2182 805 2223 scriptorum.
851 2182 1031 2223 Campanus

350 2234 404 2264 pro
419 2224 483 2253 belli
506 2224 599 2255 habet
622 2225 737 2259 bellicis,
754 2225 836 2265 quod
859 2231 959 2266 potest
975 2225 1029 2255 ad-

350 2265 440 2295 mitti.
485 2267 631 2307 Vulgati:
662 2269 750 2297 armis
771 2269 898 2298 omnibns
919 2269 1030 2298 instru-

349 2310 503 2348 mentisque
518 2310 593 2340 belli.

391 2352 433 2381 25
467 2351 512 2380 Ne
534 2351 643 2391 minus]
677 2351 727 2381 Sic
752 2353 926 2392 conjecerat
950 2352 1029 2383 Gro-

351 2393 469 2427 novius,
486 2394 638 2433 quomodo
660 2394 753 2434 plane
770 2394 910 2424 Pithoeus
935 2405 1030 2425 anno-

351 2435 428 2464 tavit
443 2435 473 2465 in
489 2436 678 2466 variantibus
694 2436 877 2467 lectionibus
893 2437 932 2467 ad
947 2437 1031 2467 hunc

350 2478 464 2513 locum,
485 2483 562 2508 teste
585 2478 734 2508 Hearnio.
779 2479 881 2519 Vulgo
904 2491 955 2509 nec
978 2482 1031 2509 rni-

350 2531 421 2549 nns:
466 2521 548 2560 quod
584 2531 645 2561 pras
682 2520 735 2551 illo
779 2521 875 2551 altero
911 2522 1031 2552 sordere

349 2563 443 2593 debet
465 2562 563 2593 cuivis
589 2564 669 2593 bono
694 2563 871 2594 Latinitatis
897 2565 1029 2595 aeslima·

349 2605 416 2636 tori.

393 2648 434 2677 26
458 2648 603 2687 Oppidum
616 2646 770 2687 facerent]
797 2648 896 2677 Recte
909 2648 1030 2678 videtur

350 2690 515 2720 emendare
532 2690 705 2721 Gronovius
720 2690 922 2730 transferrent.

394 2733 433 2762 27
468 2732 541 2762 Cum
569 2732 741 2772 cohortibus]
776 2733 917 2762 Pithoeus
948 2733 1029 2773 apud

352 2775 524 2805 Ilearnium
540 2780 570 2805 et
586 2775 763 2816 Campanus
778 2774 896 2805 addunt
911 2777 979 2805 suis.

394 2818 435 2847 28
461 2818 544 2851 Quod
566 2824 646 2847 nocte
669 2818 884 2858 expugnabant]
911 2817 948 2847 Id
971 2822 1029 2853 est,

349 2860 553 2900 expugnaturi
589 2860 792 2901 videbantur5
836 2871 944 2901 parum
975 2860 1029 2891 ab·

1071 2099 1147 2129 erat,
1178 2093 1253 2135 quin
1279 2092 1502 2135 expugnarent.
1547 2092 1756 2134 Exprimimus

1072 2137 1122 2167 hic
1138 2137 1284 2171 Andreae,
1309 2136 1474 2177 Campani,
1490 2140 1520 2166 et
1546 2136 1642 2166 MSS.
1671 2135 1755 2166 codi-

1074 2189 1144 2210 cum
1176 2179 1323 2210 Gronovii
1352 2178 1528 2210 lectionem.
1572 2178 1677 2219 Vulgo
1705 2190 1754 2218 op-

1071 2225 1253 2262 pugnabant.

1116 2266 1156 2295 29
1181 2265 1255 2294 Cum
1270 2265 1363 2294 altera
1377 2263 1481 2303 manu]
1507 2262 1650 2293 Pithoeus
1672 2262 1755 2304 apud

1075 2308 1258 2343 llearnium,
1289 2317 1354 2337 cum
1391 2307 1488 2345 ampla
1527 2316 1634 2336 manu:
1672 2305 1756 2347 quod

1075 2349 1325 2391 amplectendum
1339 2348 1472 2379 videtur.

1117 2395 1158 2423 30
1182 2394 1315 2432 Reliquos
1332 2414 1340 2422 .
1357 2414 1364 2421 .
1380 2393 1494 2421 umbras
1508 2389 1649 2430 militare]
1676 2390 1755 2420 Ver-

1074 2446 1125 2465 sus
1152 2435 1347 2467 Homericus,
1365 2433 1428 2464 Od.
1451 2434 1492 2463 X.
1518 2444 1547 2462 v.
1575 2433 1650 2463 495.
1692 2431 1756 2466 Οἷος

1076 2478 1232 2509 πέπνυται.
1276 2478 1321 2507 τοὶ
1341 2475 1369 2506 δὲ
1390 2474 1471 2506 σκιαὶ
1493 2474 1646 2506 ἀΐσσσυσιν.
1682 2474 1758 2505 Ideo

1076 2527 1180 2551 censet
1196 2519 1380 2553 Gronovius,
1396 2518 1562 2557 legendum
1578 2520 1689 2548 umbras
1707 2529 1754 2547 vo-

1076 2564 1177 2593 litare.-
1199 2563 1257 2593 hoc
1273 2562 1355 2592 enim
1370 2566 1416 2591 est
1431 2559 1548 2592 dieto-m.

1118 2607 1155 2636 31
1184 2605 1223 2634 Et
1255 2605 1377 2644 populus
1414 2603 1562 2633 Romanus
1593 2613 1623 2633 eo
1649 2601 1757 2643 favore

1074 2648 1158 2677 illum
1193 2648 1349 2686 cmupleaem
1384 2645 1438 2685 est]
1486 2645 1685 2676 Retinuimus
1721 2644 1757 2674 τδ

1073 2696 1123 2725 est,
1141 2689 1223 2730 quod
1239 2689 1295 2719 etsi
1316 2690 1402 2719 abest
1417 2699 1436 2718 a
1451 2688 1636 2729 quibusdam
1659 2686 1754 2728 scrip-

1074 2733 1112 2762 tis
1128 2732 1283 2763 Gronovio
1306 2731 1463 2772 inspectis.
1480 2729 1687 2761 necessarium
1706 2734 1754 2759 ta-

1073 2785 1143 2805 men
1181 2774 1302 2805 videtur
1338 2774 1378 2804 ad
1418 2773 1606 2804 fulciendam
1642 2771 1753 2802 oratio-

1074 2827 1156 2848 nem.

1117 2861 1157 2892 32
1195 2861 1346 2891 Consulem
1370 2858 1541 2903 scriberent]
1575 2856 1755 2900 Suspicatur
