1826 3149
102 192 143 222 U.
157 191 194 222 C.
206 191 278 222 584.

102 234 144 266 A.
158 234 195 266 C.
207 234 276 266 168.

94 1161 127 1190 S.
142 1161 180 1191 C.
194 1160 233 1191 de

96 1203 169 1233 belli
184 1203 279 1245 adpa-

96 1251 175 1277 ratu.

315 77 387 112 140
841 76 981 115 ΤΙΤΙ
1025 76 1201 116 LIVII

310 183 388 223 tris
409 197 541 237 prope
571 184 632 224 ita
661 185 823 225 conlata
853 199 946 234 esse,
968 192 1012 226 ut
1023 187 1202 242 flumine
1220 185 1383 239 Enipeo
1414 184 1620 239 interjecto
1648 200 1741 241 ar-¹

309 247 487 281 ceantur.
518 255 642 295 neque
661 256 793 295 regem
807 244 1025 295 pugnandi
1045 249 1285 296 potestatem
1298 243 1460 296 facere,
1483 257 1553 283 nec
1571 244 1720 284 nostris

310 297 388 338 vim
408 299 465 337 ad
483 300 695 352 cogendum
715 312 809 339 esse.
856 299 1043 339 Hiemem
1062 301 1183 340 etiam
1199 314 1382 353 asperam
1403 300 1516 340 rebus
1530 302 1721 354 gerendis

310 355 580 402 intervenisse,
604 357 648 395 in
678 356 762 395 otio
790 356 955 396 militem
985 358 1060 406 ali,
1081 371 1151 397 nec
1172 359 1267 409 plus
1296 372 1412 411 quam
1437 372 1504 398 sex
1520 358 1602 383 ΗΚ
1612 357 1719 410 fru-

309 418 478 459 mentum
498 412 654 452 habere.
715 411 983 453 Macedonum
1004 415 1088 455 dici
1115 415 1292 467 triginta
1322 415 1452 455 millia
1473 420 1718 455 armatorum

309 483 402 509 esse.
460 469 507 510 Si
534 469 613 522 Ap.
652 468 824 510 Claudio
856 471 966 510 circa
997 471 1249 525 Lychnidum
1285 472 1384 512 satis
1413 472 1570 512 validus
1603 485 1716 512 exer-

308 527 410 566 citus
427 526 561 580 foret,
587 527 768 578 potuisse
801 528 980 580 ancipiti
1012 527 1114 568 bello
1143 527 1399 569 1⁶dz‘stz'nere1
1425 543 1581 583 regem:
1613 541 1719 571 nunc

308 589 348 623 et
363 583 554 636 Appium,
573 589 610 622 et
630 584 736 637 quod
748 597 832 624 cum
846 598 891 624 eo
906 585 1097 638 praesidiz'
1115 586 1182 633 sit,
1198 586 1241 625 in
1262 599 1408 626 summo
1422 586 1604 637 periculo
1623 599 1718 634 esse,

307 640 390 680 nisi
401 654 578 693 propere
597 646 669 680 aut
675 639 812 694 justus
826 643 1020 683 exercitus
1035 656 1080 682 eo
1100 644 1298 691 mittatur,
1313 647 1384 682 aut
1405 643 1471 682 illi
1486 643 1580 682 inde
1595 643 1718 682 dedu-

306 703 464 737 cantur.
518 697 589 737 Ad
605 698 764 738 classem
785 713 825 739 se
845 714 893 739 ex
911 700 1057 740 castris
1070 699 1285 753 profectos,
1302 700 1493 740 sociorum
1513 700 1720 740 navalium

299 760 461 806 partem
491 754 625 794 morbo
645 756 803 796 audisse
830 755 1070 802 absumtam,·
1095 762 1273 809 partem,
1294 757 1466 796 maxime
1491 757 1561 809 qui
1585 771 1634 796 ex
1652 757 1718 797 Si-

306 811 592 865 cilia-fuerint,
616 813 748 853 domos
767 827 859 853 suas
873 813 1014 862 abisse,
1038 820 1075 853 et
1094 814 1269 853 hanzines
1289 813 1456 854 navibus
1476 815 1618 853 deesse.
1648 813 1720 866 qui

305 869 400 916 sint,
416 882 541 922 neque
554 869 796 922 stipendium
812 871 1019 922 accepisse,
1037 884 1161 924 neque
1176 871 1404 911 vestimenta
1422 870 1580 910 habere.
1632 871 1717 910 Eu-

306 939 453 965 menem
486 927 723 979 classemque
757 926 850 981 ejus,
886 934 1087 981 tamquam
1123 934 1238 967 vento
1272 929 1435 968 adlatas
1465 940 1598 977 naves,
1632 928 1720 967 sine

305 997 445 1023 caussa
475 989 513 1023 et
542 985 706 1032 venisse,
728 990 766 1024 et
798 984 950 1025 abisse:
984 998 1053 1024 nec
1085 985 1258 1024 animum
1291 983 1372 1037 ejus
1400 986 1505 1037 regis
1534 990 1718 1024 constare

305 1041 407 1080 satis
436 1040 572 1080 visum.
633 1041 751 1081 Sicut
780 1041 918 1081 omnia
940 1041 991 1082 de
1013 1043 1202 1082 Eumene
1233 1041 1376 1091 dubia,
1399 1039 1574 1082 17Attali
1603 1056 1717 1096 egre-

305 1096 372 1152 gie
394 1105 649 1137 constantem
670 1097 793 1138 fidem
815 1098 1078 1139 nunciabant.

365 1154 501 1193 XXI.
536 1153 707 1208 Legatis
734 1154 903 1203 auditis,
926 1163 1025 1195 tunc
1056 1155 1107 1195 de
1136 1154 1246 1195 bello
1276 1153 1428 1194 referre
1459 1169 1544 1194 sese
1566 1154 1617 1194 L.
1642 1154 1718 1194 AE-

306 1209 444 1250 milius
469 1210 588 1251 dixit.
652 1211 827 1251 Senatus
857 1211 1054 1261 decrevit,
1076 1218 1118 1251 ut
1152 1212 1196 1251 in.
1216 1210 1346 1251 ¹8octo
1375 1211 1551 1264 legiones
1578 1225 1718 1264 parem

306 1281 507 1307 nnmerum
546 1267 793 1307 tribunorum
834 1270 1008 1308 consules
1047 1275 1084 1309 et
1116 1269 1291 1321 populus
1328 1274 1539 1308 crearent.-
1584 1268 1720 1308 creari

305 1331 436 1364 autem
466 1325 657 1364 neminem
687 1338 731 1364 eo
761 1339 869 1364 anno
894 1326 1072 1378 placere,
1094 1326 1176 1366 nisi
1206 1326 1277 1379 qui
1309 1326 1494 1365 honorem
1518 1325 1717 1379 gessisset.

313 1381 412 1421 Tum
447 1396 495 1421 ex
526 1381 704 1421 omnibus
738 1382 912 1422 tribunis
941 1383 1110 1422 militum
1139 1383 1201 1422 uli
1231 1383 1285 1422 L.
1308 1382 1505 1422 AEmilius
1540 1383 1584 1422 in
1619 1383 1720 1422 duas

305 1439 480 1492 legiones
510 1440 553 1478 in
578 1437 876 1488 Macedoniam,
903 1453 999 1493 quos
1030 1454 1162 1479 eorum
1194 1440 1303 1487 velit,
1326 1441 1466 1492 eligat,
1489 1445 1527 1479 et
1556 1445 1612 1486 ut,
1641 1440 1719 1479 sol-

305 1497 429 1535 lemni
457 1496 706 1535 Latinarum
731 1496 923 1550 peffecto,
956 1496 1007 1537 L.
1029 1497 1226 1536 AEmilius
1255 1497 1403 1545 consul,
1429 1498 1505 1538 Cn.
1530 1495 1720 1537 Octavius

298 1559 471 1605 praetor,
508 1553 573 1592 cui
609 1553 747 1592 classis
785 1553 1002 1606 obtigisset,
1037 1555 1080 1593 in
1112 1554 1367 1606 provinciam
1401 1554 1719 1607 proficiscantur.

308 1609 497 1650 Additus
517 1617 578 1649 est
599 1608 663 1649 his
684 1610 833 1650 tertius
855 1611 905 1650 L.
929 1609 1104 1650 Anicius
1134 1618 1303 1665 praetor,
1325 1611 1445 1665 cujus
1465 1611 1574 1651 inter
1603 1625 1718 1665 pere-

306 1666 448 1720 grinos
477 1665 714 1720 jurisdictio
744 1674 844 1706 erat.
876 1681 971 1706 eum
1001 1666 1043 1706 in
1075 1666 1329 1722 provinciam
1364 1666 1581 1721 Illyricum
1611 1666 1720 1707 cirea

310 1721 578 1777 Lychnidum
600 1722 684 1776 Ap.
709 1721 887 1763 Claudio
918 1723 1135 1764 succedere
1163 1722 1332 1779 placuit.
1394 1723 1594 1763 Delectus
1618 1738 1720 1763 cura

310 1780 356 1819 C.
382 1778 542 1819 Licinio
572 1778 729 1819 consuli
759 1779 948 1835 inposita.
981 1779 1015 1820 is
1045 1788 1200 1835 septem
1232 1779 1361 1820 millia
1388 1779 1542 1820 civium
1564 1780 1718 1820 Roma-

308 1850 455 1875 norum
476 1843 517 1876 et
548 1835 708 1890 equites
738 1836 938 1877 ducentos
969 1836 1145 1877 scribere
1169 1837 1337 1892 jussus3
1371 1845 1410 1878 et
1441 1836 1560 1877 sociis
1588 1836 1718 1876 nomi-

307 1893 370 1932 nis
402 1892 544 1932 Latini
578 1900 734 1946 septem
766 1893 896 1933 millia
930 1893 1120 1949 peditum
1152 1894 1369 1949 imperare,
1391 1893 1718 1956 quadringentos

307 1948 497 2004 equites3
544 1957 585 1989 et
621 1948 652 1972 ¹9
671 1950 746 1989 Cn.
781 1950 953 1991 Servilio
995 1950 1175 1991 Galliam
1214 1949 1418 1991 obtinent1
1461 1949 1716 2006 provinciam

308 2005 448 2046 literas
487 2004 665 2055 mittere,
702 2014 750 2047 ut
790 2015 1004 2048 sexcentos
1042 2008 1204 2063 equites
1242 2007 1528 2048 conscriberet.
1589 2007 1719 2047 Hune

307 2061 536 2102 exercitum
566 2062 620 2102 ad
655 2062 854 2118 collegam
888 2063 1023 2119 primo
1055 2079 1224 2120 quoque
1257 2071 1442 2119 tempore
1475 2063 1641 2104 mittere
1673 2063 1718 2103 in

310 2117 599 2159 Macedoniam
623 2119 778 2174 jussus.
810 2119 945 2176 neque
970 2120 1011 2160 in
1032 2136 1080 2161 ea
1110 2120 1322 2176 provincia
1350 2119 1446 2175 plus
1466 2135 1592 2175 quam
1613 2119 1720 2160 duas

308 2175 488 2230 legiones
517 2190 628 2222 esse;
662 2191 729 2216 eas
758 2177 922 2232 repleri,
946 2184 992 2217 ut
1024 2192 1120 2218 sena
1146 2177 1276 2218 millia
1306 2176 1511 2232 peditum,
1533 2184 1719 2216 trecenos

307 2232 506 2272 haberent
527 2232 698 2286 equites.
731 2241 887 2274 ceteros
908 2234 1069 2289 equites
1089 2234 1333 2290 peditesque
1354 2233 1396 2272 in
1415 2231 1617 2288 praesidiis
1637 2232 1719 2272 dis-

307 2288 417 2344 poni.
449 2288 521 2343 qui
549 2303 691 2329 eorum
722 2288 858 2330 idonci
888 2290 942 2330 ad
974 2290 1238 2331 militandum
1267 2304 1348 2330 non
1378 2296 1527 2339 essent,
1549 2288 1716 2330 dimitti.

350 2395 368 2419 k
382 2407 435 2437 pro
449 2396 600 2428 asteriscis
617 2399 731 2428 dierum
753 2397 900 2435 exhibent
923 2399 1021 2431 Gron.
1038 2400 1127 2431 Crev.
1142 2405 1173 2430 et
1195 2398 1274 2441 prior
1296 2397 1422 2440 quidem
1445 2397 1564 2430 uncinis
1586 2408 1648 2430 non
1671 2397 1717 2429 in-

305 2438 440 2471 clusum.
569 2439 577 2463 1
591 2442 724 2471 distineri
741 2440 832 2472 Crev.

308 2544 379 2566 nem
409 2534 649 2566 Gronovianam.
694 2534 789 2566 Prisci
815 2535 887 2567 editi
922 2548 989 2576 pro-
1033 2540 1262 2567 enumerantur.
1306 2535 1366 2565 Sed
1392 2539 1541 2576 praeterea
1560 2535 1630 2565 duae
1652 2545 1717 2566 cre-

307 2579 397 2608 cessii.
1034 2579 1065 2609 di
1095 2584 1221 2620 possunt
1248 2577 1375 2608 urbanae
1402 2576 1506 2608 fuisse.
1550 2578 1624 2610 Vid.
1654 2583 1719 2613 not.

352 2620 392 2651 16
416 2620 574 2662 Distineri]
604 2620 707 2661 Vulgo
727 2622 873 2652 distinere.
916 2622 991 2652 Mu·
1034 2623 1087 2652 20.
1103 2621 1142 2652 ad
1157 2621 1318 2652 XXXIII.
1333 2621 1386 2651 25.
1708 2653 1710 2655 ,

309 2663 385 2694 tavit
401 2663 583 2695 Gronovius.
1080 2665 1118 2694 19
1145 2664 1199 2694 Cn.
1222 2663 1357 2703 Servilio]
1396 2662 1508 2693 Prioris
1542 2661 1614 2693 anni
1645 2673 1717 2693 con-

354 2708 392 2737 17
416 2706 525 2746 Attali]
558 2706 662 2736 Scribe
686 2716 756 2736 cum
779 2706 886 2737 eodem
911 2707 989 2737 Gro-
1034 2706 1103 2739 suli.
1119 2706 1182 2747 qui,
1198 2712 1231 2736 ut
1249 2716 1286 2736 ex
1309 2705 1365 2736 hoc
1388 2705 1454 2735 loco
1476 2705 1632 2742 discimus,
1647 2715 1716 2746 pro-

310 2749 408 2783 novio‚
425 2751 466 2778 ita
480 2750 585 2779 Attali.
1034 2755 1138 2786 rogato
1167 2760 1204 2779 ex
1233 2749 1394 2779 consulatu
1422 2748 1550 2790 imperio
1580 2748 1717 2780 Galliam

354 2793 392 2821 18
417 2793 486 2822 Octo
508 2792 645 2833 leg-infles]
676 2792 713 2821 In
735 2802 772 2822 ea
797 2802 865 2832 qua>
889 2791 988 2831 scqui-
1034 2788 1201 2823 obtinebat.

310 2840 357 2864 Pur
383 2834 537 2873 legionum
564 2834 765 2876 descriptione
792 2845 844 2865 sex
870 2840 989 2865 tamum.
