1831 3194
490 118 741 156 LIBROR.
771 118 1044 155 DEPERI).
1398 127 1473 160 253

71 229 194 270 cultus
230 228 438 281 proconsul
470 229 527 268 ad
563 228 747 281 Cyzicum
787 227 922 267 urbem
961 228 1171 268 exercitum
1214 227 1472 270 Mithridatis

54 286 375 339 samefi’rroque
393 286 540 326 delevit
554 307 567 330 ‚·
600 284 828 337 pulsumque
845 285 1041 337 Bithynia
1060 298 1210 339 regem,
1229 286 1357 325 variis
1377 287 1471 326 belli

70 357 120 383 ac
150 343 455 399 naufragiorum
484 342 638 384 casibus
650 341 852 395 fractum,
883 343 1012 396 coegit
1046 343 1089 382 iu
1121 343 1295 383 Pontum
1328 343 1472 397 prosu-

69 414 178 453 gere.

665 488 876 542 XCVI.

130 606 180 651 Q.
202 603 350 645 Arrius
377 610 526 655 praetor
547 605 727 652 Crixum,
747 602 1013 658 fiagitivorum
1044 605 1193 654 (lucem,
1214 619 1296 645 cum
1323 605 1472 658 viginti

70 661 247 702 millibus
274 661 466 701 hominum
487 661 638 701 cecidit.
679 660 712 685 ⁵⁰
730 662 797 702 Cn.
820 662 1016 701 Lentulus
1034 663 1168 702 consul
1196 663 1298 702 male
1327 663 1470 702 adver-

69 719 149 759 sus‘
165 718 398 771 Spartacum
420 719 636 783 pugnavit.
696 718 759 759 Ab
788 720 920 759 eodem
942 718 995 758 L.
1018 718 1171 758 Gellius
1200 720 1336 759 consul
1358 725 1395 759 et
1420 720 1470 766 Q.

70 776 220 816 Arrzus
243 781 402 828 praetor
423 776 511 815 acle
533 776 627 815 victi
649 782 750 816 sunt.
809 775 1004 816 Sertorius
1021 774 1052 797 ⁵¹
1066 789 1092 814 a
1117 775 1200 815 Μ’.
1223 777 1411 823 Antonio,
1433 781 1471 815 et

68 833 137 874 Μ.
163 833 384 883 Perperna,
415 838 454 872 et
487 833 582 873 aliis
614 832 829 885 conjuratis
858 833 901 873 in
929 832 1109 872 convivio
1144 832 1369 897 interfectus
1398 839 1468 879 est,

30 881 206 930 octavo
226 890 392 929 ducatus
410 888 471 929 sui
490 903 622 929 anno.-
654 903 823 943 magnus
842 891 937 938 dux,
960 895 998 929 et
1019 890 1208 929 adversus
1228 891 1327 929 (tuos
1348 891 1471 942 impc-

68 953 235 994 r·atores,
266 947 497 998 Pompeium
528 953 566 986 ct
597 945 820 994 Metellum,
841 960 943 998 soepe
966 961 1065 999 par,
1087 945 1193 986 ⁵²vel
1205 947 1472 1000 frequentzus

67 1004 192 1044 victor
205 1021 218 1043 .·
249 1005 303 1043 aa
323 1004 500 1043 ultimum
521 1004 693 1044 desertus
713 1010 751 1044 et
764 1005 963 1056 proditus.
1007 1002 1041 1026 ⁵⁵
1051 1003 1268 1055 Imperium
1296 1003 1471 1055 partium

68 1061 124 1100 ad
147 1060 332 1100 Marcum
354 1060 593 1100 translatum
614 1066 670 1100 cst
684 1077 696 1099 :
728 1074 839 1113 quem
863 1061 938 1101 Cn.
960 1061 1176 1113 Pompeius
1204 1060 1346 1100 victum
1376 1074 1471 1112 cap-

67 1123 226 1170 tumque
239 1116 453 1168 interfecit,
467 1131 516 1156 ac
535 1117 685 1169 recepit
698 1117 929 1168 Hispanias
944 1117 1093 1156 decimo
1097 1115 1197 1170 scre
1216 1131 1336 1164 anno,
1354 1130 1471 1169 quam

68 1180 232 1226 caeptum
270 1180 357 1214 erat
387 1173 541 1214 bellum.
604 1174 650 1214 C.
675 1174 834 1214 Cassius
859 1175 1076 1227 proconsul
1110 1180 1148 1213 et
1180 1174 1253 1214 Cn.
1286 1172 1473 1213 *Manlius

65 1237 213 1282 proetor
242 1232 345 1271 male
373 1231 560 1271 adversus
583 1230 821 1283 Spartacum
849 1237 1154 1286 pugnaverunt.-
1186 1231 1306 1284 idque
1328 1229 1472 1270 bellum

71 1287 136 1329 M.
155 1288 301 1329 Crasso
313 1289 484 1341 praetori
504 1289 735 1329 mandatum
757 1294 828 1329 est.

653 1400 891 1455 XCVII.

126 1510 193 1552 M.
219 1512 387 1552 Crassus
400 1518 556 1564 prcetor
569 1513 746 1564 primum
766 1525 850 1552 cum
864 1517 986 1564 parte
1003 1510 1285 1565 fizgitivorsz,
1309 1524 1398 1564 quoe
1425 1525 1474 1550 ex

73 1569 209 1609 Gallis
225 1569 508 1622 Germanisque
523 1569 744 1616 constabat,
752 1567 940 1620 feliciter
952 1569 1163 1622 pugnavit,
1177 1569 1289 1608 ca’sis
1304 1569 1474 1608 hostium

69 1627 250 1680 triginta
276 1626 448 1679 quinque
476 1625 664 1676 millibus,
686 1632 724 1665 et
754 1626 851 1665 duce
879 1639 1012 1665 eorum
1031 1624 1064 1648 ⁵⁴
1080 1626 1273 1666 Granico,
1331 1624 1363 1647 ⁵⁵
1380 1625 1475 1665 Cum

69 1683 264 1735 Spartaco
296 1683 439 1722 deinde
469 1682 644 1731 bellavit,
676 1683 788 1723 caesis
819 1696 903 1722 cum
935 1683 1020 1734 ipso
1050 1682 1215 1722 millibus
1246 1683 1474 1736 seoeaginta.

70 1739 139 1782 M.
156 1739 354 1780 Antonius
362 1745 513 1792 praetor
528 1739 668 1780 bellum
688 1740 877 1780 adversus
894 1740 1112 1787 Cretenses,
1129 1752 1270 1791 parum
1285 1751 1477 1791 prospere

67 1802 298 1849 susceptum,
323 1802 443 1836 morte
461 1796 707 1849 snafinz'vit.
768 1795 832 1836 M.
857 1796 1045 1837 Lucullus
1057 1792 1272 1848 proconsul
1297 1796 1479 1836 Thracas

70 1853 239 1907 subegit.
277 1853 332 1894 L.
349 1853 545 1893 Lucullus
566 1854 607 1894 iu
626 1854 759 1894 Ponto
790 1854 977 1893 adversus
995 1853 1279 1893 Mithridatem
1284 1852 1477 1906 filicitcr

62 1909 273 1964 pugnavit,
304 1910 414 1951 caesis
447 1910 612 1951 hostium
636 1909 672 1933 ⁵⁰
686 1910 859 1963 amplius
887 1924 1003 1964 quam
1038 1910 1257 1963 sexaginta
1292 1909 1475 1950 millibus.

69 1966 103 1993 ⁵⁷
115 1966 182 2010 M.
207 1967 376 2009 Crassus
405 1972 443 2008 et
466 1967 540 2009 Cn.
567 1967 781 2021 Pompeius
809 1969 982 2009 consules
993 1968 1108 2022 facti
1138 1967 1223 2021 (sed
1246 1967 1475 2020 Pompeius,

114 2096 156 2126 50
181 2095 237 2126 Cn.
263 2095 422 2136 Lentulus]
453 2096 549 2127 Suum
578 2096 652 2127 huic
678 2107 751 2128 con-

72 2137 131 2168 suli
159 2148 337 2180 praenomen
366 2138 499 2169 restituit
527 2138 684 2180 Sigonius,
715 2150 753 2170 ex

70 2191 222 2212 consensu
264 2186 423 2212 auctorum
457 2181 605 2213 omnium.
650 2182 754 2214 Antea

75 2223 108 2254 C.
126 2224 280 2255 Lentulus.

114 2267 152 2297 51
177 2267 204 2296 A
226 2266 329 2297 Manio
351 2266 491 2307 Antonio]
517 2265 592 2298 Vid.
614 2272 676 2298 not.
699 2268 752 2300 53.

72 2308 163 2341 infra.

116 2353 157 2382 52
183 2351 234 2381 Vel
252 2351 441 2392 flequentius
472 2352 616 2392 superior]
653 2351 751 2388 Olim,

72 2399 107 2423 ut
122 2393 323 2435 frequentius.
375 2394 518 2435 Sigonius
544 2405 582 2425 ex
607 2399 669 2425 vet.
696 2394 751 2426 lib.

75 2436 161 2466 dedit
175 2437 231 2467 vel.
274 2436 445 2467 Mallemus
459 2443 495 2468 et.

117 2480 157 2510 53
181 2479 362 2518 Imperium.
386 2481 450 2510 .ad
486 2479 624 2510 RIarcum
658 2485 753 2509 trans-

76 2521 169 2551 latum
190 2521 244 2562 est]
272 2522 356 2552 Ante
380 2501 539 2563 Sigonium
560 2521 636 2553 editi
657 2522 752 2553 habe-

75 2563 152 2593 bant
179 2566 218 2595 αα
248 2564 396 2595 Marium.
435 2565 519 2606 quod
554 2570 620 2596 erat
648 2570 756 2596 eontia

76 2604 212 2636 historiae
233 2606 337 2644 fidem,
359 2618 397 2638 ex
420 2618 483 2648 qua
504 2612 636 2644 constat,
652 2608 753 2638 Serto-

76 2647 121 2678 rio
142 2648 256 2685 occism
275 2650 463 2698 Perpernam
484 2649 646 2698 imperium
667 2650 755 2681 inva-

77 2689 165 2722 sisse.
209 2691 296 2722 Bene
320 2703 391 2734 ergo
417 2692 560 2734 Sigonius
588 2703 625 2723 ex
652 2698 756 2724 vetere

77 2733 155 2763 libro
177 2733 354 2766 emendavit
368 2735 660 2767 a<11ua⁷2u2nAt
682 2735 755 2767 inde

79 2775 217 2815 sequitui
230 2775 339 2807 vitiose
354 2788 477 2819 quoque
499 2778 572 2809 olim
595 2788 684 2809 cusos
699 2778 755 2809 ha-

78 2818 181 2848 buisse
203 2829 221 2847 α
238 2818 285 2849 Μ.
300 2820 432 2851 Antonio.
473 2820 505 2850 Si
522 2820 604 2851 enim
620 2821 757 2852 Antonio

80 2866 111 2891 et
138 2861 300 2904 Perpernae
326 2861 408 2893 idem
433 2872 610 2903 praenomen
636 2863 758 2895 Marcus

797 2096 915 2133 fuisset,
949 2106 1010 2127 non
1047 2101 1201 2127 constaret
1237 2096 1294 2127 hoc
1331 2095 1399 2126 loco
1435 2095 1475 2126 ad

796 2145 898 2170 utrum
941 2150 1046 2170 eorum
1089 2138 1253 2180 imperium
1289 2138 1476 2169 devenisset.

797 2182 874 2213 Ideo
896 2181 1039 2223 Sigonius
1058 2181 1109 2212 edi
1127 2181 1220 2223 jussit
1233 2193 1251 2212 α
1268 2182 1370 2212 Manio
1384 2182 1475 2211 Auto-

796 2236 855 2255 uzo.

838 2268 879 2298 54
904 2267 1048 2308 Granico]
1067 2267 1106 2297 In
1121 2266 1307 2308 quibusdam
1327 2265 1475 2297 Gronovii

795 2310 891 2341 MSS.
911 2310 1023 2351 legitur
1039 2310 1162 2340 Ganico.
1193 2309 1380 2340 Plutarchus
1398 2309 1475 2338 Can-

794 2354 905 2383 nicium
920 2358 1022 2388 vocat,
1039 2352 1202 2382 Frontinus
1219 2351 1396 2381 Cannicum.

837 2397 879 2426 55
903 2395 977 2425 Cum
1014 2396 1152 2435 Spartaco
1197 2396 1264 2425 dein
1309 2394 1475 2433 debellavit]

797 2437 848 2468 Sic
870 2438 1037 2479 legendum
1061 2449 1127 2469 esse
1150 2437 1219 2479 ipsa
1241 2447 1290 2467 res
1314 2442 1475 2472 m01ist1·,at

797 2480 883 2512 nulla
908 2492 1029 2523 prorsus
1055 2481 1237 2518 mutatione,
1263 2490 1359 2521 quum
1384 2479 1479 2519 vulgo

796 2523 871 2555 editi
886 2523 1022 2555 habeant
1037 2525 1140 2554 deinde
1154 2524 1280 2554 bellavit.

841 2566 882 2597 56
905 2567 1036 2607 Amplius
1051 2566 1150 2606 quam]
1177 2566 1266 2597 Unus
1289 2576 1306 2595 e
1331 2562 1478 2595 Glonovii

798 2609 892 2639 MSS.
922 2620 984 2640 non
1017 2609 1155 2650 agnoscit
1188 2608 1330 2639 ultimam
1358 2616 1476 2640 vocem,

799 2662 868 2692 quae
884 2661 941 2683 nec
956 2652 1130 2683 necessaria
1144 2656 1199 2682 est.

842 2694 882 2725 57
906 2694 952 2724 M.
974 2695 1092 2725 Crassus
1113 2700 1141 2724 et
1163 2694 1221 2725 Cn.
1237 2692 1389 2730 Pompeius
1410 2701 1477 2719 (to-n

798 2737 872 2767 sules
897 2736 980 2778 facti
1009 2736 1195 2778 (PompeiusJ
1250 2735 1349 2764 Vetus
1386 2731 1478 2762 lectio

800 2785 877 2815 erat,
908 2780 1034 2810 consules
1059 2779 1143 2820 facti
1177 2782 1245 2807 sunt
1280 2777 1354 2805 sicut
1392 2774 1478 2803 Pom-

798 2823 890 2861 peius,
919 2823 969 2853 vel
995 2822 1078 2863 facti
1110 2822 1150 2850 sic
1179 2819 1341 2856 Pompeius.
1386 2816 1478 2847 Unde

801 2864 945 2905 Sigonius
959 2874 1103 2896 mancam
1126 2872 1191 2892 esse
1214 2860 1383 2891 orationem
1398 2859 1478 2891 exis-
