1826 3149
117 347 184 378 Ser.
201 347 306 378 Galba

115 389 274 420 dissuadet

114 432 216 472 legem
232 433 270 464 de

117 475 270 516 triumpho

116 518 232 550 Paulli.

328 62 405 102 206
872 63 1003 104 TITI
1044 64 1206 103 LIVII

389 171 615 213 XXXVI.
649 172 730 213 His
768 171 962 223 incitatis,
998 188 1130 229 quum
1165 173 1206 214 in
1241 172 1448 229 Capitolio
1481 170 1736 234 rogationem

289 243 297 250 ·
331 244 419 269 eam
461 230 528 270 Ti
564 230 829 285 Sempronius
864 230 1059 271 tribunus
1098 230 1230 285 plebis
1264 231 1406 279 ferret,
1438 228 1470 256 71
1487 236 1528 269 et
1563 226 1736 290 privatis

330 285 420 341 lege
441 286 603 327 dicendi
632 287 745 327 locus
769 294 889 335 esset,
911 293 1007 327 nec
1027 286 1081 327 ad
1111 287 1384 336 suadendum,
1408 294 1455 327 ut
1485 285 1526 325 in
1552 300 1595 325 re
1619 297 1738 324 mml-

329 357 394 383 me
415 343 557 393 dubia,
580 343 801 398 quisquam
823 343 1090 397 procederet3
1126 344 1211 384 Ser
1231 344 1367 384 Galba
1387 350 1556 399 repente
1576 355 1738 404 proces-

330 399 401 449 sit,
413 408 454 441 et
475 415 500 440 a
520 400 688 440 tribuno
709 399 950 454 postulavit,
979 401 1050 448 Ut,
1068 401 1254 453 quoniam
1277 401 1374 441 hom
1382 415 1476 454 Janz
1498 405 1638 439 octava
1660 396 1738 436 diez·

328 463 442 504 esset,
473 471 543 496 nec
571 457 671 496 satis
702 456 883 508 temporis
912 457 967 496 ad
1001 458 1347 497 demonstrandum
1383 458 1553 504 haberet,
1587 468 1654 495 cur
1686 453 1737 494 L.

328 513 541 553 AEmilium
562 528 634 553 nou
644 512 831 567 juberent
853 514 1138 566 triumphare,
1123 528 1164 554 1η.
1183 521 1379 567 posterum
1395 515 1498 554 diem
1520 510 1736 568 differrent,

329 577 367 610 et
387 585 502 610 mane
524 585 611 610 eam
642 584 723 610 rem
745 577 923 625 agerent.
988 572 1150 626 [ntegro
1177 572 1251 611 sibi
1274 572 1333 612 die
1357 573 1411 612 acl
1438 584 1620 612 caussam
1648 582 1737 608 eam

327 629 518 668 orandam
548 642 646 681 opus
667 641 764 669 esse.
825 629 965 678 Quum
999 629 1192 669 tribunus
1222 628 1357 669 dicere
1387 645 1436 669 eo
1466 628 1546 677 die,
1570 626 1602 667 si
1633 624 1737 681 quid

327 684 465 733 vellet,
488 684 673 740 juberet,
704 684 746 725 in
776 693 938 726 noctem
968 700 1054 726 rem
1087 685 1262 726 dicendo
1292 685 1488 734 extraxit,
1518 681 1735 724 1Uefe1endo

325 715 685 797 admonendoque,
714 742 876 782 Exacta
912 743 1049 782 acerbe
1078 742 1216 794 munia
1251 742 1428 790 viiluna,-
1455 742 1543 795 plus
1578 739 1735 786 laboris,

321 798 410 850 plns
447 798 622 850 periculi,
663 813 783 853 quam
823 799 1083 839 desiderasset
1120 813 1196 851 res,
1229 798 1476 852 injunctum5
1525 804 1658 838 contra
1697 797 1738 836 in

322 855 508 907 prcemiis,
540 856 582 895 in
614 855 830 904 honoribus,
854 856 986 896 omnia
1018 863 1167 897 artata.
1198 857 1467 910 militiamque,
1489 855 1564 895 7²si
1594 854 1739 895 talibus

322 913 505 953 succedat
527 913 702 964 ducibus,
721 913 979 954 horridiorem
1001 914 1314 967 asperioremque
1333 913 1568 953 bellantibus
1581 934 1595 958 ,·
1629 925 1737 951 eam-

324 971 412 1010 dem
434 970 640 1011 victoribus
659 971 811 1023 inopem
842 977 958 1025 atque
982 967 1263 1011 inhonoratam
1283 969 1482 1024 futuram.
1544 969 1738 1010 Macedo-

323 1041 397 1067 nas
422 1028 461 1067 in
492 1028 653 1068 meliore
672 1027 859 1079 fortuna,
882 1042 1004 1081 quam
1030 1029 1174 1068 milites
1194 1029 1410 1077 Romanos,
1433 1041 1527 1068 esse.
1585 1026 1630 1068 Si
1647 1024 1738 1078 fie-

324 1091 486 1138 quentes
500 1091 655 1137 postero
672 1085 737 1125 die
751 1086 806 1125 ad
823 1085 949 1139 legem
966 1086 1255 1140 antiquandam
1269 1087 1462 1134 adessent,
1476 1084 1740 1125 intellecturos

320 1147 496 1194 potentes
516 1142 630 1191 viros,
652 1157 731 1182 non
760 1143 891 1182 omnia
911 1143 951 1182 in
972 1143 1095 1192 ducis,
1117 1143 1268 1197 aliquid
1298 1150 1336 1184 et
1356 1143 1395 1183 in
1426 1143 1595 1182 militum
1615 1154 1738 1181 manu

324 1212 422 1239 esse.
483 1199 563 1239 His
598 1199 769 1240 vocibus
803 1199 976 1250 incitati,
1013 1208 1178 1256 postero
1213 1200 1279 1241 die
1319 1199 1470 1241 milites
1505 1207 1621 1241 tanta
1654 1198 1735 1239 fre-

323 1256 497 1311 quentia
519 1256 773 1320 Capitolium
804 1257 1130 1313 compleverunt,
1152 1266 1201 1299 ut
1230 1257 1370 1298 aditus
1399 1256 1502 1298 nulli
1535 1263 1737 1312 praeterea

323 1312 378 1352 ad
408 1312 653 1369 suffragium
683 1313 901 1354 ferendum
926 1322 1043 1355 esset.
1107 1316 1226 1356 Intro
1246 1322 1403 1356 vocatae
1432 1314 1577 1378 primae
1598 1312 1734 1354 tribus

323 1383 456 1434 quum
477 1370 758 1425 antiquarent,
780 1385 1003 1412 concursus
1033 1371 1074 1411 in
1098 1371 1351 1427 Capitolium
1382 1385 1616 1434 prineipum
1637 1368 1735 1410 civi-

324 1427 422 1467 tatis
462 1427 598 1468 factus
638 1435 714 1477 est,
751 1428 968 1483 Indionum-
996 1427 1160 1475 facinus
1195 1442 1291 1480 esse,
1326 1426 1642 1476 clamitantium,
1682 1425 1733 1466 L.

322 1484 531 1535 Paullum,
570 1485 670 1524 tanti
703 1458 792 1525 belli
823 1486 1010 1526 victorem
1045 1485 1266 1538 dispoliarib
1300 1485 1509 1538 triumpho.
1548 1482 1738 1524 obnoxios

323 1541 581 1593 imperatores
613 1542 718 1582 tradi
753 1542 913 1583 licentia
945 1549 1065 1596 alque
1097 1543 1280 1584 avaritioe
1311 1542 1498 1583 militari.-
1537 1540 1597 1567 7⁵
1582 1556 1622 1581 111
1656 1554 1734 1580 uno

323 1598 438 1638 nimis
475 1612 517 1638 se
553 1613 622 1651 per
660 1599 914 1639 ambitionem
951 1614 1127 1651 peccare.
1190 1599 1310 1648 Qn‘d,
1345 1601 1376 1640 si
1409 1598 1559 1640 domini
1592 1597 1736 1638 milltes

322 1655 618 1708 imperatoribus
638 1656 898 1709 inponantur.
888 1655 910 1685 A
942 1657 993 1696 In
1016 1657 1195 1697 Galbam
1224 1672 1301 1712 pro
1323 1673 1364 1698 se
1384 1656 1562 1712 quisque
1582 1655 1736 1718 probra

323 1711 520 1767 ingerere.
583 1713 790 1776 Tandem,
816 1712 893 1753 hoc
930 1713 1117 1754 tumultu
1148 1713 1305 1763 sedato,
1333 1715 1395 1753 Μ.
1421 1712 1632 1761 Servilius,
1658 1726 1734 1767 qul

323 1769 466 1809 consul
487 1777 528 1810 et
558 1769 755 1824 magister
782 1770 973 1825 equitum
1006 1770 1159 1819 fuerat,
1182 1779 1229 1811 ut
1251 1770 1303 1811 de
1335 1770 1497 1825 integro
1526 1784 1615 1809 eam
1645 1783 1733 1808 rem

323 1834 507 1881 agerent,
528 1826 581 1866 ab
603 1826 782 1867 tribunis
801 1834 918 1882 petel
920 1842 956 1876 e,
979 1826 1225 1882 dicendique
1247 1826 1323 1867 sibi
1344 1827 1397 1868 ad
1417 1804 1622 1882 populum
1642 1833 1735 1880 pot-

322 1890 494 1924 estatem
515 1882 709 1924 facerent.
772 1883 968 1933 Tribuni,
991 1899 1123 1949 quum
1144 1884 1198 1924 ad
1219 1882 1531 1924 deliberandum
1554 1897 1735 1923 secessis-

323 1946 428 1988 sent,
462 1938 560 1980 victi
595 1939 915 1981 auctoritatibus
947 1941 1198 1996 principum,
1230 1940 1281 1980 de
1312 1940 1475 1996 integro
1504 1954 1625 1994 agere
1654 1953 1735 1978 coe-

321 2003 490 2050 perunt,
526 2005 876 2060 revocaturosque
909 2012 950 2038 se
985 1997 1148 2037 easdem
1184 1996 1318 2039 tribus
1352 1973 1663 2045 reiiunciarunt,
1699 1993 1732 2035 si

325 2052 387 2091 M.
413 2053 486 2092 Ser
489 2052 611 2094 vilius
631 2053 785 2109 aliique
805 2053 973 2110 privati,
995 2053 1068 2109 qui
1089 2053 1224 2094 dicere
1244 2053 1413 2104 vellent,
1435 2052 1646 2094 dixissent.

672 2128 688 2146 ²
704 2125 755 2166 [ne
749 2126 787 2167 c]
804 2126 895 2157 Crev.
982 2125 998 2149 b
1012 2127 1164 2165 despoliari
1179 2126 1277 2157 Gron.
1293 2126 1384 2157 Crev-

321 2199 379 2218 uon
402 2199 489 2227 posse.
534 2190 679 2231 Intellige
701 2196 804 2220 autem
831 2200 892 2221 non
917 2201 1005 2232 posse

322 2230 465 2269 militem,
494 2232 567 2273 quia
595 2243 657 2263 non
685 2233 769 2270 vult;
804 2233 1005 2273 quemadmo-

322 2273 396 2303 dum
431 2274 644 2315 imperatorem
675 2276 775 2317 arguit
803 2276 908 2306 Galba
937 2277 1004 2317 jac-

323 2320 403 2346 tasse
437 2328 498 2348 non
534 2328 622 2359 posse
656 2329 688 2349 se
719 2318 885 2360 pecuniam
919 2318 1004 2356 dare,

322 2368 419 2401 quum
432 2370 538 2390 revera
553 2361 659 2392 nollet.

365 2402 402 2431 71
430 2402 469 2432 Et
494 2405 618 2441 privatis
642 2404 702 2444 Iege
724 2404 840 2433 dicendi
864 2405 940 2434 Iocus
965 2415 1006 2434 es-

321 2449 371 2478 set,
399 2454 451 2474 nec
476 2447 515 2474 ad
542 2446 738 2486 suadendum]
772 2445 931 2477 Particula
955 2458 1007 2477 nec

323 2486 432 2516 merito
464 2486 571 2518 addita
605 2498 623 2518 a
652 2487 777 2528 Sigonio
807 2494 864 2519 est.
908 2489 1007 2520 Recte

322 2538 445 2570 quoque
464 2529 637 2560 Gronovius
658 2535 763 2561 monet
785 2530 961 2572 legendum,
977 2537 1005 2562 et

320 2573 445 2610 privatis
472 2574 507 2603 de
535 2574 595 2614 lege
622 2574 738 2602 dicendi
765 2573 843 2603 locus
868 2580 945 2608 esset,
972 2574 1005 2605 id

324 2619 381 2649 est,
417 2615 567 2646 suadendi
611 2614 850 2647 dissuadendive
893 2616 1005 2656 legem.

326 2657 470 2699 Denique
493 2669 589 2699 quum
604 2663 691 2688 vetus
711 2658 866 2699 exemplar
887 2658 1005 2689 habue-

324 2699 374 2735 rit,
388 2707 423 2730 υε
447 2702 476 2730 in
498 2712 529 2731 re
550 2702 667 2730 minime
688 2702 776 2731 dubia
796 2702 820 2730 si
844 2703 1003 2741 qnisquam,

324 2741 406 2772 idem
435 2743 611 2774 Gronovius
643 2743 825 2785 suspicatur,
853 2749 887 2773 ut
917 2745 948 2773 in
973 2755 1005 2774 re

322 2786 441 2815 minime
474 2788 601 2821 dubiosa,
638 2788 803 2827 qaisquam:
839 2789 871 2816 et
905 2786 1006 2816 firmat

323 2828 528 2869 conjecturam
565 2839 652 2860 suam
689 2828 869 2861 auctoritate
897 2828 1004 2864 Gellii,

1050 2190 1101 2232 qui
1126 2201 1200 2221 voce
1221 2192 1355 2222 dubiosus
1381 2200 1452 2220 usus
1474 2194 1519 2219 est
1542 2198 1602 2219 non
1626 2188 1733 2221 semel.

1049 2234 1093 2264 At
1115 2243 1170 2264 nos
1193 2233 1248 2264 illa
1267 2232 1432 2264 auctoritas
1453 2242 1515 2263 non
1538 2230 1662 2273 frangit,
1675 2242 1733 2263 nec

1049 2275 1138 2307 facile
1162 2287 1199 2306 ex
1224 2276 1363 2317 sequiore
1386 2286 1454 2306 aevo
1475 2275 1602 2305 ductam
1624 2284 1731 2306 vocem

1048 2319 1081 2349 in
1097 2318 1218 2349 Livium
1233 2318 1435 2349 admittimus.

1095 2362 1134 2392 72
1158 2362 1190 2392 Si
1222 2363 1327 2392 talibus
1356 2362 1492 2390 succedat
1518 2360 1654 2400 ducibus]
1698 2359 1732 2390 Si

1051 2404 1119 2434 haec
1142 2415 1218 2435 sana
1240 2409 1321 2440 sunt,
1342 2413 1449 2434 sensus
1472 2402 1546 2433 erit:
1570 2402 1596 2433 si
1617 2401 1733 2433 talibus

1051 2446 1180 2477 ducibus
1195 2457 1242 2477 res
1261 2456 1404 2489 prospere
1419 2445 1598 2480 succedant,
1613 2444 1639 2474 si
1652 2445 1733 2476 tales

1050 2489 1144 2519 duces
1159 2489 1272 2520 honore
1288 2494 1318 2520 et
1333 2487 1465 2530 praemiis
1479 2492 1661 2528 augeantur.

1092 2533 1131 2562 73
1155 2532 1193 2562 In
1221 2544 1280 2562 nno
1306 2533 1393 2561 nimis
1416 2542 1444 2560 se
1469 2541 1522 2569 per
1548 2531 1730 2560 ambitionem

1045 2575 1179 2614 peccare]
1225 2573 1451 2623 Amplectimur
1480 2572 1729 2603 emendationem

1049 2616 1214 2647 Gronovii:
1251 2617 1330 2646 ultro
1355 2617 1440 2646 nimis
1467 2626 1538 2654 scrpe
1563 2626 1616 2655 per
1640 2616 1731 2645 ambi-

1049 2661 1153 2689 tionem
1188 2660 1313 2698 peccati.
1362 2658 1457 2692 Uar-,0
1491 2657 1522 2687 id
1552 2663 1608 2692 est,
1636 2657 1731 2688 etiam

1048 2712 1143 2742 quum
1172 2702 1248 2731 nihil
1278 2706 1377 2741 cogat.
1422 2701 1611 2730 Ambitionem
1639 2700 1729 2730 intel-

1048 2744 1121 2785 lige,
1145 2749 1179 2774 ut
1204 2754 1285 2785 saepe
1306 2743 1393 2778 alias,
1417 2753 1543 2784 pravam
1566 2748 1597 2773 et
1617 2742 1729 2773 intem-

1048 2787 1198 2828 pestivam
1213 2786 1318 2828 gratiae
1334 2785 1418 2827 vulgi
1432 2785 1649 2828 captationem.
