<?xml version="1.0" encoding="UTF-8"?>
<!DOCTYPE html PUBLIC "-//W3C//DTD XHTML 1.0 Transitional//EN"
    "http://www.w3.org/TR/xhtml1/DTD/xhtml1-transitional.dtd">
<html xmlns="http://www.w3.org/1999/xhtml" xml:lang="en" lang="en">
 <head>
  <title>
</title>
<meta http-equiv="Content-Type" content="text/html;charset=utf-8" />
  <meta name='ocr-system' content='tesseract 3.04.00' />
  <meta name='ocr-capabilities' content='ocr_page ocr_carea ocr_par ocr_line ocrx_word'/>
</head>
<body>
  <div class='ocr_page' id='page_1' title='image "./historiarumaburb04livyuoft/historiarumaburb04livyuoft_0518.png"; bbox 0 0 1816 3159; ppageno 0'>
   <div class='ocr_carea' id='block_1_1' title="bbox 296 95 1232 147">
    <p class='ocr_par' dir='ltr' id='par_1_1' title="bbox 296 95 1232 147">
     <span class='ocr_line' id='line_1_1' title="bbox 296 95 1232 147; baseline -0.003 0"><span class='ocrx_word' id='word_1_1' title='bbox 296 100 385 147; x_wconf 85' lang='lat' dir='ltr'>lxx</span> <span class='ocrx_word' id='word_1_2' title='bbox 782 95 1232 144; x_wconf 75' lang='lat' dir='ltr'><strong>PRAEFATIO.</strong></span> 
     </span>
    </p>
   </div>
   <div class='ocr_carea' id='block_1_2' title="bbox 84 232 1747 1852">
    <p class='ocr_par' dir='ltr' id='par_1_2' title="bbox 84 232 1747 1852">
     <span class='ocr_line' id='line_1_2' title="bbox 299 232 1737 301; baseline -0.005 -15"><span class='ocrx_word' id='word_1_3' title='bbox 299 246 330 266; x_wconf 82' lang='lat'>‘⁶</span> <span class='ocrx_word' id='word_1_4' title='bbox 356 244 411 286; x_wconf 87' lang='lat' dir='ltr'>tu</span> <span class='ocrx_word' id='word_1_5' title='bbox 431 238 572 301; x_wconf 84' lang='lat' dir='ltr'>signa</span> <span class='ocrx_word' id='word_1_6' title='bbox 589 236 733 284; x_wconf 91' lang='lat' dir='ltr'>nobis</span> <span class='ocrx_word' id='word_1_7' title='bbox 753 241 886 284; x_wconf 85' lang='lat' dir='ltr'>certa</span> <span class='ocrx_word' id='word_1_8' title='bbox 903 235 1125 283; x_wconf 88' lang='lat' dir='ltr'>acclaras</span> <span class='ocrx_word' id='word_1_9' title='bbox 1144 235 1260 284; x_wconf 87' lang='lat' dir='ltr'>sint.</span> <span class='ocrx_word' id='word_1_10' title='bbox 1288 233 1454 282; x_wconf 79' lang='lat' dir='ltr'>Helm.</span> <span class='ocrx_word' id='word_1_11' title='bbox 1479 232 1547 280; x_wconf 86' lang='lat' dir='ltr'>uti</span> <span class='ocrx_word' id='word_1_12' title='bbox 1573 238 1625 280; x_wconf 87' lang='lat' dir='ltr'>tu</span> <span class='ocrx_word' id='word_1_13' title='bbox 1644 233 1737 295; x_wconf 80' lang='lat' dir='ltr'>sig-</span> 
     </span>
     <span class='ocr_line' id='line_1_3' title="bbox 298 310 1740 377; baseline -0.005 -13"><span class='ocrx_word' id='word_1_14' title='bbox 298 323 328 342; x_wconf 90' lang='lat'><strong>“</strong></span> <span class='ocrx_word' id='word_1_15' title='bbox 351 333 416 364; x_wconf 88' lang='lat' dir='ltr'>na</span> <span class='ocrx_word' id='word_1_16' title='bbox 449 315 595 363; x_wconf 88' lang='lat' dir='ltr'>nobis</span> <span class='ocrx_word' id='word_1_17' title='bbox 632 320 767 362; x_wconf 89' lang='lat' dir='ltr'>certa</span> <span class='ocrx_word' id='word_1_18' title='bbox 791 330 848 361; x_wconf 91' lang='lat' dir='ltr'>ac</span> <span class='ocrx_word' id='word_1_19' title='bbox 886 312 1022 360; x_wconf 89' lang='lat' dir='ltr'>clara</span> <span class='ocrx_word' id='word_1_20' title='bbox 1051 312 1135 361; x_wconf 89' lang='lat' dir='ltr'>sis.</span> <span class='ocrx_word' id='word_1_21' title='bbox 1208 310 1379 377; x_wconf 71' lang='lat' dir='ltr'>Clzff.</span> <span class='ocrx_word' id='word_1_22' title='bbox 1416 311 1487 359; x_wconf 88' lang='lat' dir='ltr'>uti</span> <span class='ocrx_word' id='word_1_23' title='bbox 1512 317 1564 357; x_wconf 81' lang='lat' dir='ltr'>tu</span> <span class='ocrx_word' id='word_1_24' title='bbox 1599 310 1740 373; x_wconf 81' lang='lat' dir='ltr'>signa</span> 
     </span>
     <span class='ocr_line' id='line_1_4' title="bbox 299 388 1739 451; baseline -0.003 -11"><span class='ocrx_word' id='word_1_25' title='bbox 299 400 329 421; x_wconf 78' lang='lat'>‘⁴</span> <span class='ocrx_word' id='word_1_26' title='bbox 353 391 497 443; x_wconf 87' lang='lat' dir='ltr'>nobis</span> <span class='ocrx_word' id='word_1_27' title='bbox 523 397 657 439; x_wconf 86' lang='lat' dir='ltr'>certa</span> <span class='ocrx_word' id='word_1_28' title='bbox 692 389 1007 438; x_wconf 79' lang='lat' dir='ltr'>adclarassis.</span> <span class='ocrx_word' id='word_1_29' title='bbox 1078 389 1227 437; x_wconf 74' lang='lat' dir='ltr'>Rott.</span> <span class='ocrx_word' id='word_1_30' title='bbox 1252 389 1322 436; x_wconf 86' lang='lat' dir='ltr'>uti</span> <span class='ocrx_word' id='word_1_31' title='bbox 1354 396 1404 435; x_wconf 88' lang='lat' dir='ltr'>tu</span> <span class='ocrx_word' id='word_1_32' title='bbox 1430 388 1570 451; x_wconf 82' lang='lat' dir='ltr'>signa</span> <span class='ocrx_word' id='word_1_33' title='bbox 1592 388 1739 436; x_wconf 89' lang='lat' dir='ltr'>nobis</span> 
     </span>
     <span class='ocr_line' id='line_1_5' title="bbox 299 464 1741 531; baseline -0.003 -13"><span class='ocrx_word' id='word_1_34' title='bbox 299 477 331 497; x_wconf 92' lang='lat'><strong>“</strong></span> <span class='ocrx_word' id='word_1_35' title='bbox 358 475 494 518; x_wconf 87' lang='lat' dir='ltr'>certa</span> <span class='ocrx_word' id='word_1_36' title='bbox 517 464 719 516; x_wconf 82' lang='lat' dir='ltr'>adclara</span> <span class='ocrx_word' id='word_1_37' title='bbox 743 467 825 524; x_wconf 89' lang='lat' dir='ltr'>sis,</span> <span class='ocrx_word' id='word_1_38' title='bbox 846 469 916 515; x_wconf 76' lang='lat' dir='ltr'>sic</span> <span class='ocrx_word' id='word_1_39' title='bbox 939 476 992 515; x_wconf 73' lang='lat' dir='ltr'>ut</span> <span class='ocrx_word' id='word_1_40' title='bbox 1016 469 1136 515; x_wconf 74' lang='lat' dir='ltr'>satis</span> <span class='ocrx_word' id='word_1_41' title='bbox 1151 475 1385 531; x_wconf 74' lang='lat' dir='ltr'>appareat</span> <span class='ocrx_word' id='word_1_42' title='bbox 1392 467 1555 528; x_wconf 74' lang='lat' dir='ltr'>fuisse</span> <span class='ocrx_word' id='word_1_43' title='bbox 1573 466 1741 514; x_wconf 87' lang='lat' dir='ltr'>adcla-</span> 
     </span>
     <span class='ocr_line' id='line_1_6' title="bbox 298 543 1741 609; baseline -0.003 -15"><span class='ocrx_word' id='word_1_44' title='bbox 298 554 329 574; x_wconf 89' lang='lat'><strong>“</strong></span> <span class='ocrx_word' id='word_1_45' title='bbox 353 545 521 608; x_wconf 87' lang='lat' dir='ltr'>rassis,</span> <span class='ocrx_word' id='word_1_46' title='bbox 543 553 589 592; x_wconf 77' lang='lat' dir='ltr'>et</span> <span class='ocrx_word' id='word_1_47' title='bbox 595 546 811 609; x_wconf 77' lang='lat' dir='ltr'>priorem</span> <span class='ocrx_word' id='word_1_48' title='bbox 830 561 851 591; x_wconf 92' lang='lat' dir='ltr'>s</span> <span class='ocrx_word' id='word_1_49' title='bbox 870 561 1067 592; x_wconf 73' lang='lat' dir='ltr'>erasum.</span> <span class='ocrx_word' id='word_1_50' title='bbox 1141 543 1271 592; x_wconf 75' lang='lat' dir='ltr'>Gud.</span> <span class='ocrx_word' id='word_1_51' title='bbox 1292 544 1360 590; x_wconf 88' lang='lat' dir='ltr'>uti</span> <span class='ocrx_word' id='word_1_52' title='bbox 1377 551 1429 590; x_wconf 85' lang='lat' dir='ltr'>tu</span> <span class='ocrx_word' id='word_1_53' title='bbox 1446 543 1586 605; x_wconf 85' lang='lat' dir='ltr'>signa</span> <span class='ocrx_word' id='word_1_54' title='bbox 1604 551 1741 591; x_wconf 87' lang='lat' dir='ltr'>certa</span> 
     </span>
     <span class='ocr_line' id='line_1_7' title="bbox 300 620 1670 688; baseline -0.002 -16"><span class='ocrx_word' id='word_1_55' title='bbox 300 632 329 651; x_wconf 77' lang='lat'>‘⁴</span> <span class='ocrx_word' id='word_1_56' title='bbox 357 623 644 672; x_wconf 89' lang='lat' dir='ltr'>acclarasis.</span> <span class='ocrx_word' id='word_1_57' title='bbox 683 622 840 670; x_wconf 72' lang='lat' dir='ltr'>Nihil</span> <span class='ocrx_word' id='word_1_58' title='bbox 859 624 1022 688; x_wconf 77' lang='lat' dir='ltr'>igitur</span> <span class='ocrx_word' id='word_1_59' title='bbox 1046 621 1360 669; x_wconf 73' lang='lat' dir='ltr'>dubitandum</span> <span class='ocrx_word' id='word_1_60' title='bbox 1382 622 1530 680; x_wconf 79' lang='lat' dir='ltr'>ultra,</span> <span class='ocrx_word' id='word_1_61' title='bbox 1554 620 1670 683; x_wconf 52' lang='lat' dir='ltr'>&amp;css&#39;</span> 
     </span>
     <span class='ocr_line' id='line_1_8' title="bbox 364 698 1742 765; baseline -0.003 -16"><span class='ocrx_word' id='word_1_62' title='bbox 364 700 509 759; x_wconf 85' lang='lat' dir='ltr'>Haec,</span> <span class='ocrx_word' id='word_1_63' title='bbox 535 700 703 765; x_wconf 87' lang='lat' dir='ltr'>qualia</span> <span class='ocrx_word' id='word_1_64' title='bbox 738 700 894 748; x_wconf 89' lang='lat' dir='ltr'>multa</span> <span class='ocrx_word' id='word_1_65' title='bbox 929 700 1060 764; x_wconf 89' lang='lat' dir='ltr'>apud</span> <span class='ocrx_word' id='word_1_66' title='bbox 1097 698 1407 747; x_wconf 88' lang='lat' dir='ltr'>Gronovium</span> <span class='ocrx_word' id='word_1_67' title='bbox 1442 699 1626 763; x_wconf 89' lang='lat' dir='ltr'>ubique</span> <span class='ocrx_word' id='word_1_68' title='bbox 1659 715 1742 746; x_wconf 92' lang='lat' dir='ltr'>oc-</span> 
     </span>
     <span class='ocr_line' id='line_1_9' title="bbox 296 774 1743 841; baseline -0.003 -13"><span class='ocrx_word' id='word_1_69' title='bbox 296 785 515 836; x_wconf 88' lang='lat' dir='ltr'>currunt,</span> <span class='ocrx_word' id='word_1_70' title='bbox 550 779 837 841; x_wconf 87' lang='lat' dir='ltr'>injucunda,</span> <span class='ocrx_word' id='word_1_71' title='bbox 869 785 916 826; x_wconf 91' lang='lat' dir='ltr'>et</span> <span class='ocrx_word' id='word_1_72' title='bbox 949 778 1215 826; x_wconf 90' lang='lat' dir='ltr'>invenusta</span> <span class='ocrx_word' id='word_1_73' title='bbox 1248 794 1371 832; x_wconf 88' lang='lat' dir='ltr'>esse,</span> <span class='ocrx_word' id='word_1_74' title='bbox 1412 782 1463 823; x_wconf 88' lang='lat' dir='ltr'>et</span> <span class='ocrx_word' id='word_1_75' title='bbox 1495 774 1743 837; x_wconf 90' lang='lat' dir='ltr'>ejusmodi</span> 
     </span>
     <span class='ocr_line' id='line_1_10' title="bbox 296 854 1742 920; baseline -0.003 -15"><span class='ocrx_word' id='word_1_76' title='bbox 296 874 406 920; x_wconf 87' lang='lat' dir='ltr'>quae</span> <span class='ocrx_word' id='word_1_77' title='bbox 431 856 753 920; x_wconf 89' lang='lat' dir='ltr'>plurimorum</span> <span class='ocrx_word' id='word_1_78' title='bbox 777 864 1041 919; x_wconf 83' lang='lat' dir='ltr'>corrugent</span> <span class='ocrx_word' id='word_1_79' title='bbox 1069 872 1229 911; x_wconf 87' lang='lat' dir='ltr'>nares,</span> <span class='ocrx_word' id='word_1_80' title='bbox 1255 870 1416 910; x_wconf 91' lang='lat' dir='ltr'>nemo,</span> <span class='ocrx_word' id='word_1_81' title='bbox 1442 854 1630 918; x_wconf 88' lang='lat' dir='ltr'>opinor,</span> <span class='ocrx_word' id='word_1_82' title='bbox 1657 871 1742 901; x_wconf 84' lang='lat' dir='ltr'>ne-</span> 
     </span>
     <span class='ocr_line' id='line_1_11' title="bbox 295 931 1741 999; baseline -0.001 -18"><span class='ocrx_word' id='word_1_83' title='bbox 295 934 508 995; x_wconf 79' lang='lat' dir='ltr'>gaverit:</span> <span class='ocrx_word' id='word_1_84' title='bbox 546 941 695 999; x_wconf 86' lang='lat' dir='ltr'>atque</span> <span class='ocrx_word' id='word_1_85' title='bbox 730 935 860 983; x_wconf 90' lang='lat' dir='ltr'>adeo</span> <span class='ocrx_word' id='word_1_86' title='bbox 887 935 984 983; x_wconf 92' lang='lat' dir='ltr'>hoc</span> <span class='ocrx_word' id='word_1_87' title='bbox 1007 933 1104 982; x_wconf 91' lang='lat' dir='ltr'>illis</span> <span class='ocrx_word' id='word_1_88' title='bbox 1141 932 1364 997; x_wconf 89' lang='lat' dir='ltr'>alioquin</span> <span class='ocrx_word' id='word_1_89' title='bbox 1397 932 1586 980; x_wconf 86' lang='lat' dir='ltr'>eximiis</span> <span class='ocrx_word' id='word_1_90' title='bbox 1610 931 1741 980; x_wconf 86' lang='lat' dir='ltr'>notis</span> 
     </span>
     <span class='ocr_line' id='line_1_12' title="bbox 295 1009 1739 1075; baseline -0.003 -15"><span class='ocrx_word' id='word_1_91' title='bbox 295 1011 603 1060; x_wconf 86' lang='lat' dir='ltr'>incommodi</span> <span class='ocrx_word' id='word_1_92' title='bbox 628 1012 830 1068; x_wconf 89' lang='lat' dir='ltr'>accidit,</span> <span class='ocrx_word' id='word_1_93' title='bbox 857 1027 957 1075; x_wconf 89' lang='lat' dir='ltr'>quo</span> <span class='ocrx_word' id='word_1_94' title='bbox 981 1010 1170 1058; x_wconf 88' lang='lat' dir='ltr'>nullum</span> <span class='ocrx_word' id='word_1_95' title='bbox 1208 1009 1403 1073; x_wconf 85' lang='lat' dir='ltr'>gravius</span> <span class='ocrx_word' id='word_1_96' title='bbox 1427 1026 1536 1057; x_wconf 90' lang='lat' dir='ltr'>esse</span> <span class='ocrx_word' id='word_1_97' title='bbox 1559 1015 1739 1072; x_wconf 83' lang='lat' dir='ltr'>potest,</span> 
     </span>
     <span class='ocr_line' id='line_1_13' title="bbox 298 1085 1742 1152; baseline -0.003 -15"><span class='ocrx_word' id='word_1_98' title='bbox 298 1096 350 1137; x_wconf 83' lang='lat' dir='ltr'>ut</span> <span class='ocrx_word' id='word_1_99' title='bbox 375 1106 550 1152; x_wconf 86' lang='lat' dir='ltr'>parum</span> <span class='ocrx_word' id='word_1_100' title='bbox 584 1089 842 1151; x_wconf 76' lang='lat' dir='ltr'>leganturz,</span> <span class='ocrx_word' id='word_1_101' title='bbox 878 1086 1099 1151; x_wconf 83' lang='lat' dir='ltr'>plerique</span> <span class='ocrx_word' id='word_1_102' title='bbox 1131 1103 1210 1134; x_wconf 87' lang='lat' dir='ltr'>eas</span> <span class='ocrx_word' id='word_1_103' title='bbox 1246 1093 1485 1150; x_wconf 81' lang='lat' dir='ltr'>tanquam</span> <span class='ocrx_word' id='word_1_104' title='bbox 1513 1085 1742 1149; x_wconf 89' lang='lat' dir='ltr'>vepribus</span> 
     </span>
     <span class='ocr_line' id='line_1_14' title="bbox 297 1162 1744 1230; baseline -0.003 -15"><span class='ocrx_word' id='word_1_105' title='bbox 297 1167 551 1230; x_wconf 81' lang='lat' dir='ltr'>spinisque</span> <span class='ocrx_word' id='word_1_106' title='bbox 576 1166 792 1214; x_wconf 90' lang='lat' dir='ltr'>obsitum</span> <span class='ocrx_word' id='word_1_107' title='bbox 817 1165 980 1213; x_wconf 88' lang='lat' dir='ltr'>solum</span> <span class='ocrx_word' id='word_1_108' title='bbox 1004 1165 1196 1226; x_wconf 81' lang='lat' dir='ltr'>fugiant</span> <span class='ocrx_word' id='word_1_109' title='bbox 1219 1171 1267 1211; x_wconf 90' lang='lat' dir='ltr'>et</span> <span class='ocrx_word' id='word_1_110' title='bbox 1289 1164 1602 1211; x_wconf 84' lang='lat' dir='ltr'>abhorreant.</span> <span class='ocrx_word' id='word_1_111' title='bbox 1670 1162 1744 1210; x_wconf 81' lang='lat' dir='ltr'>At</span> 
     </span>
     <span class='ocr_line' id='line_1_15' title="bbox 299 1241 1741 1303; baseline -0.003 -12"><span class='ocrx_word' id='word_1_112' title='bbox 299 1243 338 1291; x_wconf 90' lang='lat' dir='ltr'>si</span> <span class='ocrx_word' id='word_1_113' title='bbox 364 1244 433 1291; x_wconf 90' lang='lat' dir='ltr'>vir</span> <span class='ocrx_word' id='word_1_114' title='bbox 464 1244 784 1292; x_wconf 88' lang='lat' dir='ltr'>doctissimus</span> <span class='ocrx_word' id='word_1_115' title='bbox 822 1243 974 1290; x_wconf 89' lang='lat' dir='ltr'>allata</span> <span class='ocrx_word' id='word_1_116' title='bbox 997 1259 1058 1290; x_wconf 86' lang='lat' dir='ltr'>ex</span> <span class='ocrx_word' id='word_1_117' title='bbox 1085 1241 1401 1290; x_wconf 87' lang='lat' dir='ltr'>Chiffletiano</span> <span class='ocrx_word' id='word_1_118' title='bbox 1437 1242 1613 1290; x_wconf 88' lang='lat' dir='ltr'>codice</span> <span class='ocrx_word' id='word_1_119' title='bbox 1634 1257 1741 1303; x_wconf 83' lang='lat' dir='ltr'>ger-</span> 
     </span>
     <span class='ocr_line' id='line_1_16' title="bbox 300 1317 1743 1384; baseline -0.002 -16"><span class='ocrx_word' id='word_1_120' title='bbox 300 1337 460 1377; x_wconf 87' lang='lat' dir='ltr'>mana,</span> <span class='ocrx_word' id='word_1_121' title='bbox 486 1337 636 1384; x_wconf 90' lang='lat' dir='ltr'>quam</span> <span class='ocrx_word' id='word_1_122' title='bbox 675 1318 1009 1383; x_wconf 78' lang='lat' dir='ltr'>amplectitur,</span> <span class='ocrx_word' id='word_1_123' title='bbox 1034 1317 1290 1381; x_wconf 84' lang='lat' dir='ltr'>scriptura,</span> <span class='ocrx_word' id='word_1_124' title='bbox 1316 1324 1508 1365; x_wconf 88' lang='lat' dir='ltr'>ceteros</span> <span class='ocrx_word' id='word_1_125' title='bbox 1544 1334 1743 1382; x_wconf 88' lang='lat' dir='ltr'>quoque</span> 
     </span>
     <span class='ocr_line' id='line_1_17' title="bbox 297 1396 1747 1447; baseline -0.003 0"><span class='ocrx_word' id='word_1_126' title='bbox 297 1416 415 1447; x_wconf 89' lang='lat' dir='ltr'>suos</span> <span class='ocrx_word' id='word_1_127' title='bbox 442 1399 641 1447; x_wconf 89' lang='lat' dir='ltr'>codices</span> <span class='ocrx_word' id='word_1_128' title='bbox 668 1398 987 1446; x_wconf 84' lang='lat' dir='ltr'>solummodo</span> <span class='ocrx_word' id='word_1_129' title='bbox 1024 1402 1234 1444; x_wconf 87' lang='lat' dir='ltr'>testatus</span> <span class='ocrx_word' id='word_1_130' title='bbox 1258 1401 1391 1444; x_wconf 86' lang='lat' dir='ltr'>esset</span> <span class='ocrx_word' id='word_1_131' title='bbox 1414 1396 1594 1444; x_wconf 89' lang='lat' dir='ltr'>eodem</span> <span class='ocrx_word' id='word_1_132' title='bbox 1626 1396 1747 1444; x_wconf 89' lang='lat' dir='ltr'>allu-</span> 
     </span>
     <span class='ocr_line' id='line_1_18' title="bbox 299 1466 1746 1537; baseline 0 -13"><span class='ocrx_word' id='word_1_133' title='bbox 299 1476 431 1537; x_wconf 83' lang='lat' dir='ltr'>dere,</span> <span class='ocrx_word' id='word_1_134' title='bbox 466 1493 558 1524; x_wconf 91' lang='lat' dir='ltr'>nec</span> <span class='ocrx_word' id='word_1_135' title='bbox 595 1466 767 1524; x_wconf 85' lang='lat' dir='ltr'>deerat</span> <span class='ocrx_word' id='word_1_136' title='bbox 801 1473 1138 1523; x_wconf 88' lang='lat' dir='ltr'>emendationi</span> <span class='ocrx_word' id='word_1_137' title='bbox 1175 1473 1457 1530; x_wconf 80' lang='lat' dir='ltr'>auctoritas,</span> <span class='ocrx_word' id='word_1_138' title='bbox 1494 1482 1542 1521; x_wconf 89' lang='lat' dir='ltr'>et</span> <span class='ocrx_word' id='word_1_139' title='bbox 1575 1474 1746 1524; x_wconf 79' lang='lat' dir='ltr'>aberat</span> 
     </span>
     <span class='ocr_line' id='line_1_19' title="bbox 298 1555 516 1603; baseline 0.009 -2"><span class='ocrx_word' id='word_1_140' title='bbox 298 1555 516 1603; x_wconf 84' lang='lat' dir='ltr'>taedium.</span> 
     </span>
     <span class='ocr_line' id='line_1_20' title="bbox 85 1627 1747 1684; baseline -0.005 -1"><span class='ocrx_word' id='word_1_141' title='bbox 85 1654 193 1684; x_wconf 71' lang='lat' dir='ltr'>variae</span> <span class='ocrx_word' id='word_1_142' title='bbox 209 1653 271 1683; x_wconf 76' lang='lat' dir='ltr'>lec·</span> <span class='ocrx_word' id='word_1_143' title='bbox 367 1633 645 1683; x_wconf 88' lang='lat' dir='ltr'>Omninoin</span> <span class='ocrx_word' id='word_1_144' title='bbox 659 1633 785 1680; x_wconf 88' lang='lat' dir='ltr'>hanc</span> <span class='ocrx_word' id='word_1_145' title='bbox 802 1630 1111 1679; x_wconf 89' lang='lat' dir='ltr'>coacervand</span> <span class='ocrx_word' id='word_1_146' title='bbox 1119 1645 1255 1676; x_wconf 89' lang='lat' dir='ltr'>arum</span> <span class='ocrx_word' id='word_1_147' title='bbox 1267 1628 1562 1676; x_wconf 83' lang='lat' dir='ltr'>variantium</span> <span class='ocrx_word' id='word_1_148' title='bbox 1577 1627 1747 1677; x_wconf 86' lang='lat' dir='ltr'>lectio-</span> 
     </span>
     <span class='ocr_line' id='line_1_21' title="bbox 84 1698 1747 1773; baseline -0.004 -14"><span class='ocrx_word' id='word_1_149' title='bbox 84 1698 277 1770; x_wconf 56' lang='grc' dir='ltr'>ἑζᾚὶξξῃ-</span> <span class='ocrx_word' id='word_1_150' title='bbox 302 1728 418 1758; x_wconf 90' lang='lat' dir='ltr'>num</span> <span class='ocrx_word' id='word_1_151' title='bbox 430 1709 736 1773; x_wconf 83' lang='lat' dir='ltr'>diligentiam</span> <span class='ocrx_word' id='word_1_152' title='bbox 754 1709 804 1756; x_wconf 88' lang='lat' dir='ltr'>id</span> <span class='ocrx_word' id='word_1_153' title='bbox 825 1708 1005 1756; x_wconf 87' lang='lat' dir='ltr'>cadere</span> <span class='ocrx_word' id='word_1_154' title='bbox 1015 1706 1520 1769; x_wconf 86' lang='lat' dir='ltr'>existimamus,quod</span> <span class='ocrx_word' id='word_1_155' title='bbox 1539 1704 1747 1754; x_wconf 87' lang='lat' dir='ltr'>clarissi-</span> 
     </span>
     <span class='ocr_line' id='line_1_22' title="bbox 84 1781 1745 1852; baseline -0.005 -14"><span class='ocrx_word' id='word_1_156' title='bbox 84 1784 161 1812; x_wconf 48' lang='grc' dir='ltr'>ἀπ’</span> <span class='ocrx_word' id='word_1_157' title='bbox 179 1791 267 1812; x_wconf 64' lang='lat'>0⁰¹⁰·</span> <span class='ocrx_word' id='word_1_158' title='bbox 304 1806 410 1837; x_wconf 90' lang='lat' dir='ltr'>mus</span> <span class='ocrx_word' id='word_1_159' title='bbox 436 1786 952 1852; x_wconf 86' lang='lat' dir='ltr'>prudentissimusque</span> <span class='ocrx_word' id='word_1_160' title='bbox 975 1783 1188 1831; x_wconf 79' lang='lat' dir='ltr'>historiae</span> <span class='ocrx_word' id='word_1_161' title='bbox 1215 1781 1586 1830; x_wconf 85' lang='lat' dir='ltr'>Ecclesiasticae</span> <span class='ocrx_word' id='word_1_162' title='bbox 1611 1782 1745 1845; x_wconf 91' lang='lat' dir='ltr'>apud</span> 
     </span>
    </p>
   </div>
   <div class='ocr_carea' id='block_1_3' title="bbox 85 1826 281 1855">
    <p class='ocr_par' dir='ltr' id='par_1_3' title="bbox 85 1826 281 1855">
     <span class='ocr_line' id='line_1_23' title="bbox 85 1826 281 1855; baseline -0.01 0"><span class='ocrx_word' id='word_1_163' title='bbox 85 1826 281 1855; x_wconf 83' lang='lat' dir='ltr'>mentarium</span> 
     </span>
    </p>
   </div>
   <div class='ocr_carea' id='block_1_4' title="bbox 86 1858 1752 2770">
    <p class='ocr_par' dir='ltr' id='par_1_4' title="bbox 86 1858 1749 1940">
     <span class='ocr_line' id='line_1_24' title="bbox 86 1858 1749 1940; baseline -0.007 -24"><span class='ocrx_word' id='word_1_164' title='bbox 86 1869 280 1940; x_wconf 51' lang='lat' dir='ltr'>ssgffibssffiff</span> <span class='ocrx_word' id='word_1_165' title='bbox 304 1884 396 1915; x_wconf 89' lang='lat' dir='ltr'>nos</span> <span class='ocrx_word' id='word_1_166' title='bbox 413 1865 636 1929; x_wconf 84' lang='lat' dir='ltr'>scriptor,</span> <span class='ocrx_word' id='word_1_167' title='bbox 654 1862 797 1924; x_wconf 86' lang='lat' dir='ltr'>cujus</span> <span class='ocrx_word' id='word_1_168' title='bbox 817 1861 1037 1909; x_wconf 88' lang='lat' dir='ltr'>calamus</span> <span class='ocrx_word' id='word_1_169' title='bbox 1058 1877 1207 1908; x_wconf 90' lang='lat' dir='ltr'>sensu</span> <span class='ocrx_word' id='word_1_170' title='bbox 1226 1859 1413 1907; x_wconf 84' lang='lat' dir='ltr'>tinctus</span> <span class='ocrx_word' id='word_1_171' title='bbox 1428 1858 1538 1923; x_wconf 86' lang='lat' dir='ltr'>ipsa</span> <span class='ocrx_word' id='word_1_172' title='bbox 1556 1875 1749 1921; x_wconf 88' lang='lat' dir='ltr'>semper</span> 
     </span>
    </p>

    <p class='ocr_par' dir='ltr' id='par_1_5' title="bbox 86 1931 1749 2001">
     <span class='ocr_line' id='line_1_25' title="bbox 86 1931 1749 2001; baseline -0.006 -7"><span class='ocrx_word' id='word_1_173' title='bbox 86 1931 273 1982; x_wconf 72' lang='lat' dir='ltr'>luto’remo-</span> <span class='ocrx_word' id='word_1_174' title='bbox 305 1945 496 1993; x_wconf 85' lang='lat' dir='ltr'>videtur</span> <span class='ocrx_word' id='word_1_175' title='bbox 518 1949 665 1990; x_wconf 79' lang='lat' dir='ltr'>rectae</span> <span class='ocrx_word' id='word_1_176' title='bbox 689 1939 895 1988; x_wconf 90' lang='lat' dir='ltr'>rationis</span> <span class='ocrx_word' id='word_1_177' title='bbox 920 1938 1110 1986; x_wconf 88' lang='lat' dir='ltr'>dictata</span> <span class='ocrx_word' id='word_1_178' title='bbox 1132 1938 1357 1994; x_wconf 87' lang='lat' dir='ltr'>reddere,</span> <span class='ocrx_word' id='word_1_179' title='bbox 1385 1937 1437 1985; x_wconf 89' lang='lat' dir='ltr'>in</span> <span class='ocrx_word' id='word_1_180' title='bbox 1461 1936 1749 2001; x_wconf 80' lang='lat' dir='ltr'>praefatione</span> 
     </span>
    </p>

    <p class='ocr_par' dir='ltr' id='par_1_6' title="bbox 88 1997 1752 2770">
     <span class='ocr_line' id='line_1_26' title="bbox 88 1997 1746 2084; baseline -0.005 -13"><span class='ocrx_word' id='word_1_181' title='bbox 88 1997 210 2026; x_wconf 63' lang='lat' dir='ltr'>vendae‘</span> <span class='ocrx_word' id='word_1_182' title='bbox 304 2021 468 2070; x_wconf 84' lang='lat' dir='ltr'>eximii</span> <span class='ocrx_word' id='word_1_183' title='bbox 494 2019 657 2084; x_wconf 91' lang='lat' dir='ltr'>operis</span> <span class='ocrx_word' id='word_1_184' title='bbox 694 2017 942 2066; x_wconf 88' lang='lat' dir='ltr'>verissime</span> <span class='ocrx_word' id='word_1_185' title='bbox 966 2016 1425 2080; x_wconf 81' lang='lat' dir='ltr'>elegantissimeque</span> <span class='ocrx_word' id='word_1_186' title='bbox 1460 2014 1746 2078; x_wconf 87' lang='lat' dir='ltr'>disputavit,</span> 
     </span>
     <span class='ocr_line' id='line_1_27' title="bbox 305 2092 1749 2155; baseline -0.006 -7"><span class='ocrx_word' id='word_1_187' title='bbox 305 2100 369 2147; x_wconf 90' lang='lat' dir='ltr'>de</span> <span class='ocrx_word' id='word_1_188' title='bbox 386 2099 586 2147; x_wconf 88' lang='lat' dir='ltr'>minime</span> <span class='ocrx_word' id='word_1_189' title='bbox 602 2095 880 2145; x_wconf 87' lang='lat' dir='ltr'>inserendis</span> <span class='ocrx_word' id='word_1_190' title='bbox 894 2095 942 2142; x_wconf 88' lang='lat' dir='ltr'>in</span> <span class='ocrx_word' id='word_1_191' title='bbox 955 2094 1209 2142; x_wconf 89' lang='lat' dir='ltr'>historiam</span> <span class='ocrx_word' id='word_1_192' title='bbox 1226 2093 1409 2141; x_wconf 87' lang='lat' dir='ltr'>criticis</span> <span class='ocrx_word' id='word_1_193' title='bbox 1426 2092 1749 2155; x_wconf 87' lang='lat' dir='ltr'>disceptatio-</span> 
     </span>
     <span class='ocr_line' id='line_1_28' title="bbox 305 2171 1748 2237; baseline -0.006 -11"><span class='ocrx_word' id='word_1_194' title='bbox 305 2179 466 2226; x_wconf 86' lang='lat' dir='ltr'>nibus.</span> <span class='ocrx_word' id='word_1_195' title='bbox 504 2185 533 2204; x_wconf 91' lang='lat'>“</span> <span class='ocrx_word' id='word_1_196' title='bbox 554 2173 1030 2237; x_wconf 85' lang='lat' dir='ltr'>Exstructo,inquit,</span> <span class='ocrx_word' id='word_1_197' title='bbox 1043 2172 1270 2228; x_wconf 78' lang='lat' dir='ltr'>aedificio,</span> <span class='ocrx_word' id='word_1_198' title='bbox 1285 2178 1334 2219; x_wconf 89' lang='lat' dir='ltr'>et</span> <span class='ocrx_word' id='word_1_199' title='bbox 1350 2172 1415 2219; x_wconf 88' lang='lat' dir='ltr'>ad</span> <span class='ocrx_word' id='word_1_200' title='bbox 1431 2171 1626 2220; x_wconf 88' lang='lat' dir='ltr'>culmen</span> <span class='ocrx_word' id='word_1_201' title='bbox 1644 2186 1748 2234; x_wconf 89' lang='lat' dir='ltr'>per-</span> 
     </span>
     <span class='ocr_line' id='line_1_29' title="bbox 306 2247 1749 2314; baseline -0.006 -12"><span class='ocrx_word' id='word_1_202' title='bbox 306 2264 336 2283; x_wconf 86' lang='lat'><strong>“</strong></span> <span class='ocrx_word' id='word_1_203' title='bbox 364 2255 534 2310; x_wconf 88' lang='lat' dir='ltr'>ducto,</span> <span class='ocrx_word' id='word_1_204' title='bbox 544 2253 649 2314; x_wconf 89' lang='lat' dir='ltr'>jam</span> <span class='ocrx_word' id='word_1_205' title='bbox 670 2250 928 2307; x_wconf 86' lang='lat' dir='ltr'>machinae,</span> <span class='ocrx_word' id='word_1_206' title='bbox 943 2248 1490 2309; x_wconf 86' lang='lat' dir='ltr'>tollenones,fulcra‚et</span> <span class='ocrx_word' id='word_1_207' title='bbox 1505 2254 1685 2296; x_wconf 83' lang='lat' dir='ltr'>evectae</span> <span class='ocrx_word' id='word_1_208' title='bbox 1699 2247 1749 2294; x_wconf 91' lang='lat' dir='ltr'>in</span> 
     </span>
     <span class='ocr_line' id='line_1_30' title="bbox 308 2325 1748 2393; baseline -0.005 -14"><span class='ocrx_word' id='word_1_209' title='bbox 308 2340 336 2360; x_wconf 89' lang='lat'><strong>“</strong></span> <span class='ocrx_word' id='word_1_210' title='bbox 363 2331 516 2379; x_wconf 89' lang='lat' dir='ltr'>altum</span> <span class='ocrx_word' id='word_1_211' title='bbox 541 2328 845 2393; x_wconf 79' lang='lat' dir='ltr'>temporariae</span> <span class='ocrx_word' id='word_1_212' title='bbox 876 2325 1308 2375; x_wconf 87' lang='lat' dir='ltr'>contabulationes</span> <span class='ocrx_word' id='word_1_213' title='bbox 1332 2325 1585 2381; x_wconf 87' lang='lat' dir='ltr'>tolluntur,</span> <span class='ocrx_word' id='word_1_214' title='bbox 1610 2325 1748 2388; x_wconf 91' lang='lat' dir='ltr'>quod</span> 
     </span>
     <span class='ocr_line' id='line_1_31' title="bbox 310 2401 1752 2467; baseline -0.004 -11"><span class='ocrx_word' id='word_1_215' title='bbox 310 2418 339 2438; x_wconf 90' lang='lat'>“</span> <span class='ocrx_word' id='word_1_216' title='bbox 367 2408 563 2456; x_wconf 90' lang='lat' dir='ltr'>scilicet</span> <span class='ocrx_word' id='word_1_217' title='bbox 585 2407 691 2455; x_wconf 83' lang='lat' dir='ltr'>haec</span> <span class='ocrx_word' id='word_1_218' title='bbox 711 2405 816 2467; x_wconf 89' lang='lat' dir='ltr'>jam</span> <span class='ocrx_word' id='word_1_219' title='bbox 835 2410 885 2451; x_wconf 90' lang='lat' dir='ltr'>et</span> <span class='ocrx_word' id='word_1_220' title='bbox 908 2420 1054 2451; x_wconf 89' lang='lat' dir='ltr'>usum</span> <span class='ocrx_word' id='word_1_221' title='bbox 1075 2403 1235 2466; x_wconf 90' lang='lat' dir='ltr'>operis</span> <span class='ocrx_word' id='word_1_222' title='bbox 1252 2401 1548 2465; x_wconf 87' lang='lat' dir='ltr'>impeditura</span> <span class='ocrx_word' id='word_1_223' title='bbox 1571 2401 1685 2457; x_wconf 89' lang='lat' dir='ltr'>sint,</span> <span class='ocrx_word' id='word_1_224' title='bbox 1703 2408 1752 2450; x_wconf 88' lang='lat' dir='ltr'>et</span> 
     </span>
     <span class='ocr_line' id='line_1_32' title="bbox 310 2479 1749 2549; baseline -0.007 -14"><span class='ocrx_word' id='word_1_225' title='bbox 310 2496 339 2515; x_wconf 88' lang='lat'><strong>“</strong></span> <span class='ocrx_word' id='word_1_226' title='bbox 365 2487 656 2549; x_wconf 86' lang='lat' dir='ltr'>adspectum</span> <span class='ocrx_word' id='word_1_227' title='bbox 695 2483 1087 2531; x_wconf 86' lang='lat' dir='ltr'>deformatura.&#39;&#39;</span> <span class='ocrx_word' id='word_1_228' title='bbox 1157 2480 1350 2529; x_wconf 85' lang='lat' dir='ltr'>Eadem</span> <span class='ocrx_word' id='word_1_229' title='bbox 1391 2480 1539 2542; x_wconf 86' lang='lat' dir='ltr'>plane</span> <span class='ocrx_word' id='word_1_230' title='bbox 1575 2479 1749 2526; x_wconf 89' lang='lat' dir='ltr'>harum</span> 
     </span>
     <span class='ocr_line' id='line_1_33' title="bbox 309 2556 1749 2626; baseline -0.006 -13"><span class='ocrx_word' id='word_1_231' title='bbox 309 2561 697 2626; x_wconf 84' lang='lat' dir='ltr'>discrepantium</span> <span class='ocrx_word' id='word_1_232' title='bbox 715 2560 766 2607; x_wconf 90' lang='lat' dir='ltr'>in</span> <span class='ocrx_word' id='word_1_233' title='bbox 784 2558 932 2606; x_wconf 87' lang='lat' dir='ltr'>variis</span> <span class='ocrx_word' id='word_1_234' title='bbox 954 2557 1214 2606; x_wconf 85' lang='lat' dir='ltr'>codicibus</span> <span class='ocrx_word' id='word_1_235' title='bbox 1228 2556 1500 2604; x_wconf 89' lang='lat' dir='ltr'>lectionum</span> <span class='ocrx_word' id='word_1_236' title='bbox 1518 2556 1644 2604; x_wconf 88' lang='lat' dir='ltr'>ratio</span> <span class='ocrx_word' id='word_1_237' title='bbox 1660 2564 1749 2614; x_wconf 84' lang='lat' dir='ltr'>est,</span> 
     </span>
     <span class='ocr_line' id='line_1_34' title="bbox 309 2632 1751 2707; baseline -0.006 -17"><span class='ocrx_word' id='word_1_238' title='bbox 309 2660 419 2707; x_wconf 81' lang='lat' dir='ltr'>quae</span> <span class='ocrx_word' id='word_1_239' title='bbox 445 2641 507 2688; x_wconf 90' lang='lat' dir='ltr'>ab</span> <span class='ocrx_word' id='word_1_240' title='bbox 531 2639 795 2701; x_wconf 85' lang='lat' dir='ltr'>interprete</span> <span class='ocrx_word' id='word_1_241' title='bbox 821 2638 886 2683; x_wconf 89' lang='lat' dir='ltr'>ad</span> <span class='ocrx_word' id='word_1_242' title='bbox 913 2634 1320 2683; x_wconf 88' lang='lat' dir='ltr'>concinnandum</span> <span class='ocrx_word' id='word_1_243' title='bbox 1344 2632 1751 2682; x_wconf 87' lang='lat' dir='ltr'>commentarium</span> 
     </span>
     <span class='ocr_line' id='line_1_35' title="bbox 311 2713 1376 2770; baseline -0.007 -3"><span class='ocrx_word' id='word_1_244' title='bbox 311 2718 608 2768; x_wconf 63' lang='lat' dir='ltr'>adhibendae</span> <span class='ocrx_word' id='word_1_245' title='bbox 633 2722 762 2770; x_wconf 87' lang='lat' dir='ltr'>sunt,</span> <span class='ocrx_word' id='word_1_246' title='bbox 790 2713 1022 2762; x_wconf 89' lang='lat' dir='ltr'>absoluto</span> <span class='ocrx_word' id='word_1_247' title='bbox 1046 2713 1376 2761; x_wconf 86' lang='lat' dir='ltr'>removendae.</span> 
     </span>
    </p>
   </div>
   <div class='ocr_carea' id='block_1_5' title="bbox 381 2787 1748 2854">
    <p class='ocr_par' dir='ltr' id='par_1_7' title="bbox 381 2787 1748 2854">
     <span class='ocr_line' id='line_1_36' title="bbox 381 2787 1748 2854; baseline -0.009 -9"><span class='ocrx_word' id='word_1_248' title='bbox 381 2796 528 2844; x_wconf 88' lang='lat' dir='ltr'>Hanc</span> <span class='ocrx_word' id='word_1_249' title='bbox 553 2802 714 2843; x_wconf 86' lang='lat' dir='ltr'>tamen</span> <span class='ocrx_word' id='word_1_250' title='bbox 740 2792 905 2839; x_wconf 87' lang='lat' dir='ltr'>adhuc</span> <span class='ocrx_word' id='word_1_251' title='bbox 925 2789 1269 2854; x_wconf 72' lang='lat' dir='ltr'>exceptionem</span> <span class='ocrx_word' id='word_1_252' title='bbox 1296 2789 1683 2854; x_wconf 84' lang='lat' dir='ltr'>ap1·)osuerimus,</span> <span class='ocrx_word' id='word_1_253' title='bbox 1699 2787 1748 2834; x_wconf 93' lang='lat' dir='ltr'>id</span> 
     </span>
    </p>
   </div>
  </div>
 </body>
</html>
