1816 3159
301 79 321 103 c
823 61 1233 100 DISPUTATIO

303 173 548 215 nummariae
578 172 695 214 ratio.
772 172 924 235 Itaque
954 179 1121 212 centum
1153 170 1331 212 denariis
1364 170 1569 225 argenteis
1604 169 1751 212 libram

305 231 468 286 argenti
491 231 725 271 Romanam
747 228 1012 268 aestimamus.

363 288 433 328 Ex
463 286 704 327 eorumdem
736 284 873 324 Budei
894 292 935 325 et
968 284 1170 324 Gronovii
1200 291 1337 325 mente
1367 283 1570 339 distingui
1600 283 1753 325 debent

94 346 263 380 sestertius
307 345 520 386 sestertius
547 351 588 384 et
617 340 864 383 sestertium.
927 339 1150 381 Sestertius
1179 355 1376 382 nummus
1404 318 1522 381 fuito
1517 349 1753 395 argenteus,

92 401 203 429 ‘³⁰³‘OE
217 401 288 431 pars
308 409 460 457 quarta
489 415 602 456 pars
615 398 784 439 denarii.
847 396 979 437 Libra
1008 412 1106 452 ergo
1136 398 1297 453 argenti
1328 398 1519 438 Romana
1553 397 1756 438 censenda

91 437 223 465 denani
309 466 370 499 est
392 455 709 521 quadringentis
731 454 928 495 sestertiis
948 453 1140 494 nummis.

95 522 296 559 Sestertium,
369 513 615 555 Sestertium
634 527 831 552 nummus
852 526 933 550 non
953 510 1051 559 fuit,
1074 511 1145 551 sed
1167 526 1328 552 summa
1347 511 1541 567 quaedam
1558 510 1611 551 ad
1632 510 1757 551 confi-

92 566 179 614 ”¹³¹5
196 573 259 593 ses
310 571 474 611 ciendas
504 568 762 610 commodius
789 568 967 608 rationes
997 568 1245 623 excogitata,
1268 584 1363 623 quae
1393 568 1564 632 quidem
1596 583 1758 608 summa

92 613 178 682 31¹¹
193 618 287 637 num
310 643 386 683 par
416 635 503 667 erat
525 626 637 667 mille
668 625 864 666 5651611115
894 625 1089 671 111111111115,
1113 625 1197 665 sive
1227 625 1417 666 ducentis
1447 625 1758 680 quinquaginta

310 684 504 732 denariis,
536 683 621 723 slve
651 682 833 737 denique
866 681 1031 722 duabus
1063 681 1179 722 libris
1221 682 1420 722 Romanis
1459 682 1620 736 {vigenti
1660 696 1755 722 cum

309 740 497 780 dimidia

98 806 239 835 l’ondera
368 797 561 837 Pondera
583 796 732 837 Graeca
747 795 1031 843 usitatissima,
1049 804 1146 836 sunt
1163 795 1374 845 drachma,
1392 795 1517 844 mina,
1539 793 1755 836 talentum.

95 850 214 879 Graeca.

311 853 523 894 Draclnna
544 853 690 894 Attica
709 853 869 908 ubique
890 852 932 891 in
954 861 1142 893 veterum
1172 852 1451 893 monumentis
1471 860 1659 892 censetur
1681 866 1758 907 par

95 921 267 951 Drachma.
309 910 479 951 denario
511 910 713 950 Romano.
777 909 858 950 Sed
889 917 1055 949 centum
1086 909 1295 950 drachmae
1326 917 1442 949 erant
1469 909 1511 948 in
1539 909 1652 949 mina
1678 909 1758 949 At-

95 965 194 993 Mina.
310 968 402 1009 tica.
447 968 619 1022 ⁴Itaque
648 967 802 1007 minam
837 966 1022 1007 Atticam
1055 981 1195 1022 parem
1228 966 1361 1006 facere
1401 965 1601 1006 debemus
1641 964 1759 1006 librae

93 1032 274 1060 Talentum
311 1024 525 1064 Romanae.
588 1024 815 1064 Talentum
853 1023 1047 1063 Atticum
1083 1024 1299 1078 sexaginta
1326 1023 1534 1063 minarum
1566 1030 1670 1071 erat,
1710 1037 1758 1062 ac

309 1081 485 1137 proinde
505 1095 582 1136 par
604 1081 820 1135 sexaginta
840 1079 957 1120 libris
979 1058 1206 1121 Romanis?

95 1151 149 1179 DE
169 1152 273 1180 Pecu·
368 1139 397 1177 J
401 1152 467 1178 am
488 1137 543 1178 ad
562 1137 781 1192 pecuniam
798 1144 1070 1187 transeamus,
1088 1152 1278 1192 eamque,
1300 1136 1437 1192 qualis
1458 1143 1591 1177 stante
1607 1136 1760 1192 repub-

95 1201 172 1223 NH·
312 1194 391 1234 lica
405 1194 503 1242 fuit,
520 1209 593 1249 per
596 1193 839 1249 pendamus.
902 1193 1029 1233 Infer'
1018 1207 1107 1234 lora
1122 1202 1310 1249 tempora
1324 1193 1428 1234 nihil
1444 1192 1497 1233 ad
1513 1208 1563 1248 pr
1566 1201 1759 1234 aesentem

311 1251 638 1306 disputationem
659 1250 881 1306 pertinent.

369 1308 553 1348 Pecunia
591 1306 768 1362 triplicis
802 1307 965 1362 generis
1004 1307 1118 1363 apud
1161 1308 1372 1348 Romanos
1407 1306 1505 1356 fuit,
1540 1321 1661 1356 aerea,
1696 1321 1759 1347 31·-

309 1373 474 1419 gentea,
497 1379 633 1404 aurea.

97 1425 151 1453 ΖΕΒ
167 1426 254 1455 rude·
371 1421 539 1461 Primus
571 1422 718 1461 Romae
749 1421 928 1476 signavit
959 1437 1015 1461 165
1048 1421 1216 1461 Servius
1248 1420 1430 1461 Tullius.
1492 1421 1633 1461 Antea
1661 1419 1758 1461 rudi

100 1480 181 1511 Plin.
199 1481 285 1510 Hist.
313 1492 408 1525 aere,
430 1477 473 1518 id
504 1486 580 1527 est,
602 1478 745 1518 massis
775 1478 1029 1533 quibusdam
1051 1479 1181 1527 aereis,
1204 1493 1285 1517 non
1316 1477 1502 1532 signatis,
1524 1491 1605 1517 non
1636 1477 1761 1518 unius

97 1521 252 1595 {3⁵³3foss
314 1534 474 1583 formae,
496 1549 577 1574 non
599 1543 722 1575 certae
742 1534 904 1589 figurae,
928 1550 1023 1575 usos
1044 1550 1129 1575 esse
1162 1534 1323 1575 Plinius
1345 1550 1395 1574 ex
1419 1535 1458 1573 T
1462 1534 1582 1573 1111160
1610 1549 1761 1574 11161110-

98 1608 171 1636 03
259 1592 264 1597 ’
315 1600 391 1631 rat.
454 1592 580 1631 Asses
601 1606 625 1631 a
648 1591 791 1631 Servio
822 1592 972 1646 signati
1003 1591 1120 1632 fuere
1151 1591 1329 1640 librales,
1352 1599 1392 1632 et
1422 1590 1500 1630 hoc
1529 1590 1650 1631 initio
1678 1590 1761 1632 fuit

98 1650 153 1698 AES
169 1661 280 1690 grave,
316 1647 423 1688 illud
445 1663 500 1688 aes
519 1656 683 1703 graveg,
705 1648 757 1688 de
778 1663 864 1702 quo
892 1649 1014 1688 toties
1044 1648 1159 1704 apud
1179 1657 1337 1688 veteres
1359 1648 1577 1703 scriptores
1607 1647 1762 1688 mentio

95 1701 261 1765 {ffissffgges
317 1706 512 1753 occurrit,
544 1704 660 1759 quod
690 1704 871 1760 appendi
902 1720 984 1744 non
1016 1706 1277 1745 annumerari
1311 1704 1479 1745 solebat.
1541 1704 1761 1758 Signatum

163 1755 170 1765 ‘
229 1760 237 1767 ⁰
316 1769 377 1801 est
400 1770 497 1801 nota
513 1763 736 1814 pecudum,
759 1761 880 1810 bove,
902 1761 967 1801 vel
987 1778 1078 1811 ove,
1100 1762 1165 1802 vel
1188 1777 1274 1811 5116,
1296 1761 1408 1801 unde
1429 1768 1469 1801 et
1486 1762 1672 1814 pecunia
1691 1775 1763 1815 ap-

100 1831 182 1860 Plut.
200 1832 231 1860 in
316 1817 480 1873 pellata.
543 1819 733 1858 Percussi
764 1833 935 1873 quoque
965 1827 1062 1859 sunt
1093 1819 1291 1867 semisses,
1313 1826 1354 1859 et
1384 1818 1568 1865 trientes,
1590 1825 1630 1858 et
1660 1832 1764 1872 quap-

99 1875 186 1912 Pnpl.
317 1873 367 1914 d1
369 1882 499 1924 antes,
521 1875 611 1938 ejus
631 1875 825 1930 ponderis
847 1875 963 1930 quod
983 1875 1148 1915 nomine
1168 1875 1259 1930 ipso
1279 1874 1500 1915 indicatur.
1563 1875 1656 1914 Hac
1678 1873 1764 1914 sola

102 1945 180 1973 prm.
199 1945 272 1974 ibid
316 1931 493 1986 pecunia
513 1931 577 1971 1151
599 1940 696 1972 sunt
718 1932 896 1971 Romani
918 1931 972 1972 ad
994 1933 1041 1981 Q.
1065 1932 1150 1972 sive
1173 1933 1219 1972 C.
1244 1931 1439 1980 Fabium,
1464 1932 1511 1980 Q.
1531 1930 1763 1985 Ogulnium

317 1987 520 2036 eonsules,
542 1987 731 2043 quinque
752 1988 868 2028 annis
889 1997 984 2029 ante
1005 1988 1187 2043 plinium
1211 1988 1419 2028 Punicum
1439 1965 1608 2028 bellum.

100 2053 278 2101 ⁴Argentum
377 2045 492 2084 Tum
523 2044 687 2085 devicto
719 2045 884 2099 Pyrrho
907 2054 948 2086 et
982 2046 1236 2094 Tarentinis,
1258 2060 1391 2100 quum
1423 2044 1601 2084 Romani
1632 2051 1763 2085 totam

100 2102 261 2166 {gnatum
313 2100 401 2156 jam
435 2100 601 2141 Italiam
632 2101 807 2156 imperio
841 2102 1204 2157 amplecterentur,
1237 2101 1371 2142 auctis
1403 2116 1591 2142 successu
1624 2115 1763 2141 rerum

102 2148 244 2217 Βξὲζῗξῐ,
318 2157 484 2212 ορ111115,
506 2165 725 2212 aroentum
754 2158 907 2213 signari
935 2167 1136 2214 coeptum,
1157 2158 1331 2207 denarii,
1353 2158 1548 2213 quinarii,
1571 2157 1762 2207 sestertii,

101 2225 250 2265 quinarii,
319 2222 359 2254 et
380 2213 536 2269 placuit
559 2214 775 2254 denarium
805 2230 882 2270 pro
903 2215 1044 2256 decem
1065 2215 1181 2256 libris
1211 2215 1318 2264 aeris,
1340 2215 1425 2255 sive
1452 2214 1612 2255 assibus
1642 2213 1765 2253 libiae

103 2269 246 2298 sestertii.
319 2270 428 2311 libus
458 2270 689 2335 ambulare,
728 2272 983 2326 quinarium,
1013 2272 1087 2327 qui
1115 2280 1259 2327 postea
1287 2280 1328 2312 et
1355 2271 1599 2312 victoriatus
1625 2269 1764 2310 dietus

319 2335 394 2376 est,
417 2342 493 2382 pro
514 2327 722 2392 quinque3
756 2329 989 2369 sestertium
1011 2344 1088 2384 pro
1116 2328 1346 2383 dupondio,
1369 2327 1453 2368 sive
1480 2327 1646 2368 duobus
1666 2327 1765 2367 assi-

317 2383 412 2431 1)115,
444 2392 485 2424 et
516 2384 696 2424 561111556·
739 2385 856 2439 quod
885 2394 926 2426 et
956 2386 1047 2441 ipsa
1076 2386 1243 2425 1101111113
1271 2392 1488 2425 testantur.
1550 2383 1663 2422 Hinc
1692 2397 1764 2438 ap-

319 2447 437 2494 paret
459 2449 617 2494 quanta
636 2441 781 2495 primis
801 2441 883 2481 11115
904 2442 1162 2497 temporibus
1188 2441 1349 2497 argenti
1370 2441 1516 2481 raritas
1538 2440 1700 2489 Romae,
1722 2447 1763 2480 et

320 2510 447 2550 quam
477 2496 655 2536 immane
682 2498 865 2561 pretium
886 2498 1026 2539 fuelit.
1088 2476 1260 2547 Quum*
1255 2497 1362 2538 enim
1393 2504 1559 2537 centum
1589 2496 1763 2545 denarii,

106 2557 265 2592 Unalibra
321 2561 370 2593 ut
391 2567 518 2608 supra
546 2552 745 2600 diximus,
775 2554 818 2593 in
848 2554 997 2594 libram
1027 2555 1187 2609 argenti
1217 2554 1540 2617 imputarentur,
1571 2552 1765 2593 denarius

103 2606 226 2639 &gf-‘⁰¹¹
244 2616 299 2644 par
322 2617 460 2649 autem
483 2608 623 2648 (1666111
652 2608 768 2649 libris
789 2610 881 2650 aeris
911 2611 1257 2675 aeqilipa1·a1··,etui
1280 2610 1469 2673 sequitur
1500 2608 1682 2664 singulas
1702 2623 1767 2648 31-

104 2645 189 2717 ἓῖἷὲῗ
206 2649 290 2678 ¹¹b¹¹⁵
322 2666 437 2720 genti
458 2665 537 2705 libr
540 2680 582 2705 as
602 2664 778 2706 millenis
800 2667 892 2706 aeris
913 2666 1029 2707 libris
1050 2667 1186 2722 primo
1207 2666 1430 2707 aestimatas
1450 2665 1588 2706 fuisse.

420 2805 435 2829 g
451 2804 524 2833 Vid.
539 2805 745 2843 appendicem
762 2806 800 2834 de
816 2813 878 2834 aere
894 2805 982 2843 gravi
999 2805 1072 2836 huic
1088 2806 1292 2844 ‹li-<putationi
1309 2815 1326 2835 a
1343 2806 1432 2835 nobis
1448 2806 1661 2842 subjunctam.
