1831 3174
114 172 156 204 U.
167 172 204 205 C.
219 173 291 204 578.

110 214 201 249 A.C.
218 217 288 247 174.

103 799 274 830 Censomm

98 852 205 884 opera·

327 61 378 95 30
861 64 1002 105 TITI
1048 69 1214 109 LIVII

325 165 421 208 nelii
445 168 646 225 Scipionis
676 173 880 227 praetoriS,
902 177 1023 232 cujus
1049 186 1139 221 tum
1169 181 1277 224 inter
1307 183 1416 227 cives
1436 193 1477 227 et
1507 189 1746 244 peregrinos

318 223 556 279 jurisdictio
583 236 696 276 erat3
729 238 770 271 et
791 229 823 253 3¹
840 232 916 273 Cn.
940 235 1096 287 Fulvii,
1119 238 1193 293 qui
1222 240 1352 282 frater
1379 257 1616 299 germanus,
1637 244 1672 269 ³²
1687 255 1744 296 et,

324 288 373 322 ut
415 282 603 325 Valerius
643 286 795 328 Antias
844 290 988 340 tradit,
1029 308 1194 336 consors
1242 297 1367 339 etiam
1416 301 1593 342 censoris
1641 312 1742 344 erat.

322 336 358 361 ³⁵
372 340 588 391 Consules,
610 342 717 383 votis
747 344 870 385 etiam
902 346 943 388 in
977 350 1184 405 Capitolio
1214 357 1479 412 nuncupatis,
1506 357 1548 398 in
1579 360 1745 414 provin-

323 394 405 435 cias
438 397 614 452 profecti
649 408 759 441 sunt.
817 400 853 424 5⁴
867 403 936 444 Ex
966 404 1015 445 iis
1042 408 1104 447 M.
1129 409 1301 452 AEmilio
1332 422 1499 455 senatus
1527 416 1742 470 negotium

322 451 453 502 dedit,
482 462 530 494 ut
563 456 862 499 Patavinorum
892 459 934 501 in
960 462 1133 505 Venetia
1164 467 1406 510 seditionem
1437 472 1742 528 comprimeret,

320 523 425 563 quos
457 512 679 552 certamine
710 513 940 558 factionum
972 519 1027 560 ad
1060 520 1309 565 intestinum*
1338 526 1495 568 bellum
1528 529 1743 581 exarsisse,

316 563 351 588 ⁵⁵
367 574 408 606 et
429 565 613 622 ipsorum
638 568 763 625 legati
784 572 1035 618 adtulerant.
1097 579 1264 636 Legati,
1286 582 1360 638 qui
1390 583 1431 624 in
1454 585 1656 627 AEtoliam
1686 587 1742 628 ad

317 621 468 663 similes
500 632 639 666 motus
675 630 1006 685 comprimendos
1040 633 1188 687 ierant,
1219 640 1532 693 renunciarunt,
1563 644 1739 685 coerceri

316 679 472 720 rabiem
511 682 647 736 gentis
687 699 769 726 non
808 692 965 742 posse.'
1001 691 1214 735 Patavinis
1249 696 1373 738 saluti
1412 697 1495 740 fuit
1535 700 1741 742 adventus

316 737 518 778 consulis:
551 753 686 795 neque
714 741 844 794 aliud,
866 746 982 801 quod
1011 758 1152 804 ageret
1183 751 1225 792 in
1257 753 1483 809 provincia,
1506 772 1639 812 quum
1669 758 1741 799 ha-

315 791 487 843 buisset,
520 795 699 838 Romam
734 800 869 843 rediit.
933 804 1133 847 Censores
1163 808 1250 850 vias
1280 812 1521 853 sternendas
1552 813 1662 855 silice
1697 814 1739 856 in

316 849 434 899 urbe,
455 849 490 874 ³⁶
504 851 645 907 glarea
674 863 794 897 extra
826 859 972 900 urbem
1010 863 1337 907 substruendas*
1363 869 1741 928 marginandasque

314 906 437 961 primi
458 909 643 950 omnium
671 910 927 966 locaverunt,
949 927 1181 976 pontesque
1202 923 1345 965 multis
1375 925 1473 966 locis
1503 927 1737 970 faciendos:

313 970 353 1004 et
377 962 413 991 ⁵⁷
428 980 590 1007 scenam
619 967 812 1011 aedilibus
842 974 1178 1033 praetoribusque
1208 981 1501 1036 praebendam:
1534 993 1575 1026 et
1606 1000 1739 1027 carce-

782 1073 799 1091 Χ
814 1073 1034 1105 substernendas
1050 1075 1148 1108 Gron.
1166 1077 1259 1111 Crev-

312 1147 365 1178 15.
381 1158 483 1191 supra„
529 1151 611 1193 Ergo
627 1158 682 1184 aut
700 1153 844 1187 delenda.»
860 1163 931 1188 sunt
947 1170 1000 1191 vo-

1045 1169 1132 1193 sortes
1164 1163 1349 1196 dicebantur
1378 1166 1554 1198 cohaeredes
1584 1170 1734 1210 quamdiu

310 1200 363 1221 ces
384 1193 417 1221 in
435 1193 591 1232 Hispania,
608 1202 662 1227 aut
683 1197 789 1240 lapsus
813 1205 859 1231 est
882 1211 998 1234 memo-

1043 1204 1209 1238 haereditas
1243 1208 1344 1240 divisa
1374 1219 1436 1240 non
1471 1216 1548 1242 erat.
1595 1212 1733 1244 Glossae:

308 1232 355 1264 ria
370 1234 488 1268 Livius.

351 1277 393 1307 30
432 1279 470 1309 L.
509 1279 637 1311 Cornelii
674 1283 814 1323 Scipionis
848 1289 995 1330 proetoris]

307 1318 452 1351 Testatur
474 1322 580 1353 Valer.
603 1325 695 1356 RIax.
711 1326 731 1356 l.
749 1328 814 1358 III.
831 1338 859 1360 c.
876 1332 907 1361 5.
932 1332 998 1373 ejus

306 1363 496 1405 propinquos
511 1366 633 1398 dedisse
656 1380 794 1410 operam,
810 1382 848 1402 ne
866 1379 918 1404 aut
937 1375 996 1405 sel-

305 1404 369 1435 lam
380 1416 506 1447 ponere,
524 1410 640 1450 autjus
655 1412 758 1444 dicere
775 1415 912 1446 auderet.
959 1418 997 1449 Id

304 1446 433 1480 fortasse
469 1456 504 1480 ut
534 1453 680 1493 perficere
715 1463 852 1496 possent,
887 1464 996 1490 notan-

303 1489 379 1521 dum
419 1502 490 1523 eum
529 1505 547 1524 a
584 1498 762 1528 censoribus
800 1509 994 1534 curaverant.

306 1534 461 1570 Quamvis
475 1536 558 1568 enim
573 1538 664 1581 hujus
680 1551 759 1572 notae
775 1542 805 1572 vi
826 1550 994 1585 praeturam

305 1585 367 1607 non
395 1579 564 1616 amitteret,
587 1583 725 1614 alienum
755 1591 860 1617 tamen
887 1594 952 1619 erat
976 1600 994 1620 a

303 1618 457 1661 dignitate
496 1624 603 1666 populi
644 1626 793 1664 Romani,
837 1629 993 1662 hominem

303 1671 323 1692 a
352 1664 530 1696 censoribus
563 1674 702 1700 notatum
732 1671 784 1711 jus
818 1671 933 1710 dicere,
964 1681 995 1706 et

302 1709 439 1744 statuere
454 1708 493 1739 de
509 1709 637 1742 fortunis
653 1712 780 1745 civium.

345 1749 384 1779 31
405 1751 461 1782 Cn.
480 1751 589 1790 Fulvii,
606 1756 767 1797 quisi-ater
783 1769 941 1799 germanus
956 1782 964 1790 .
984 1785 992 1792 .

299 1793 437 1834 censoris]
477 1795 561 1826 Huic
594 1798 702 1830 Fulvio
731 1811 909 1841 praenomen
943 1813 990 1835 as-

299 1833 482 1874 signabatur
521 1839 552 1869 in
588 1842 683 1872 veteri
724 1843 832 1874 codice
871 1845 990 1877 Lucius.

300 1876 346 1908 At
376 1879 518 1911 Velleius
545 1881 569 1913 l.
600 1884 627 1914 I.
656 1895 685 1915 c.
719 1887 768 1917 10.
800 1897 870 1918 eum
901 1896 992 1921 vocat

302 1919 441 1952 Cnaeum:
485 1923 576 1966 eique
617 1928 719 1968 potius
758 1931 990 1964 assentiendum

299 1962 443 2004 Sigonius
469 1967 636 2000 existimat.
682 1972 828 2004 Ceterum
859 1974 895 2010 is,
924 1977 988 2008 sive

299 2004 337 2037 L.
353 2007 417 2039 sive
434 2009 493 2040 Cn.
509 2011 645 2049 Fulvius,
661 2013 743 2045 idem
759 2022 816 2052 est,
828 2017 880 2058 qui
896 2029 989 2061 supra

298 2047 321 2079 l.
336 2050 405 2083 XL.
425 2062 452 2083 c.
471 2054 522 2083 41.
546 2062 674 2087 vocatur
696 2058 745 2088 M.
769 2060 897 2091 Fulvius
921 2062 988 2094 No-

296 2091 398 2131 bilior,
423 2100 453 2125 et
479 2096 591 2128 dicitur
614 2099 768 2141 legionem
791 2102 824 2133 in
848 2114 911 2145 qua
934 2106 987 2136 tri-

296 2134 398 2167 bunus
421 2138 555 2169 militum
583 2149 659 2179 erat,
684 2143 846 2177 dimisisse.
893 2148 987 2184 Quod

297 2183 402 2209 autem
418 2180 450 2210 in
471 2182 571 2223 priore
587 2184 640 2215 illo
664 2186 733 2216 libri
750 2189 819 2219 XL.
843 2189 910 2221 loco
932 2203 986 2223 vo-

295 2226 384 2252 catur
406 2223 457 2254 M.
477 2225 605 2257 Fulvius
628 2228 782 2267 Nobilior,
806 2231 856 2263 hic
881 2239 985 2266 autem

296 2262 357 2295 Cn.
373 2265 512 2303 Fulvius,
528 2268 560 2299 id
576 2280 613 2300 ex
629 2281 665 2302 eo
684 2272 755 2303 oriri
771 2274 916 2315 Sigonius
931 2288 984 2308 ex-

293 2304 422 2344 istimat,
446 2311 528 2351 quod
560 2322 578 2342 a
608 2313 655 2343 M.
681 2315 790 2347 Fulvio
821 2318 983 2351 Nobiliore

293 2348 459 2391 adoptatus
488 2360 578 2385 esset.
625 2356 738 2398 Itaque
768 2361 827 2391 Cn.
857 2361 984 2393 Fulvius

292 2389 417 2424 Flaccus
444 2394 579 2436 primum
607 2404 653 2429 est
680 2401 746 2441 ejus
772 2412 903 2434 nomen:
933 2406 983 2436 M.

292 2433 418 2466 Fulvius
438 2438 571 2469 Nobilior
593 2450 706 2473 nomen
729 2450 776 2475 est
797 2445 875 2476 illud
897 2448 982 2488 quod

290 2486 311 2507 a
323 2483 412 2519 pati-e
427 2480 573 2523 adoptivo
588 2483 646 2514 sibi
663 2486 848 2519 adsciverat.

332 2521 373 2551 32
398 2522 438 2552 Et
455 2546 463 2554 .
481 2547 489 2554 .
507 2547 515 2555 .
531 2527 655 2568 consors]
684 2529 803 2561 Eodem
827 2533 979 2565 vocabulo

289 2562 387 2595 utitur
410 2566 551 2598 Velleius
574 2569 633 2600 hac
659 2570 727 2612 ipsa
749 2573 788 2604 de
815 2585 846 2605 re
871 2585 977 2616 agens.

291 2605 402 2639 Cicero
424 2619 560 2651 quoque,
582 2612 603 2643 l.
625 2613 692 2644 III.
709 2614 741 2645 in
762 2617 852 2648 Verr.
874 2628 906 2648 n.
926 2620 979 2651 57.

263 2649 451 2682 *Sostratum
483 2660 511 2684 et
545 2654 737 2694 Numenium,
772 2666 799 2689 et
829 2660 978 2700 Nympho-

289 2692 404 2730 dorum,
435 2701 493 2727 tres
515 2697 633 2738 fratres
661 2707 801 2732 consortes
830 2704 979 2744 appellat.

289 2733 342 2764 Ad
372 2746 442 2768 eum
473 2739 633 2773 Ciceronis
658 2742 760 2774 locum
786 2745 819 2775 in
842 2746 978 2779 editione

290 2776 412 2810 Graevii
439 2783 581 2824 apposita
602 2791 649 2816 est
671 2785 739 2818 haec
765 2788 910 2820 Salmasii
939 2801 977 2821 ex

290 2818 444 2854 Plinianis
464 2826 746 2861 Exercitationibus
770 2837 854 2864 nota.
901 2833 976 2864 Con-

1043 1256 1192 1286 consortes,
1218 1252 1355 1287 xoanaot,
1379 1252 1553 1297 σύγκλῆςοι.
1599 1255 1678 1286 Inde
1706 1264 1737 1288 et

1042 1295 1216 1324 consortium
1247 1295 1379 1326 societas
1410 1303 1440 1327 et
1475 1298 1651 1329 communio
1683 1311 1734 1331 co-

1042 1334 1214 1368 haeredum.
1261 1339 1378 1369 Contra
1404 1342 1544 1376 ‹liseur-tes,
1568 1347 1734 1383 postquam

1041 1377 1222 1411 diviserant.
1274 1381 1412 1413 Glossae:
1448 1385 1580 1414 dissortes
1609 1383 1733 1419 διακλη-

1039 1421 1189 1464 ςωθὲντες.

1084 1465 1125 1494 33
1151 1466 1288 1496 Consules
1324 1469 1395 1497 rotis
1430 1469 1532 1510 etiam]
1579 1470 1733 1503 Tollenda

1039 1505 1162 1538 videtur
1189 1509 1344 1550 particula
1366 1512 1466 1547 etiam,
1488 1523 1559 1553 quae
1590 1513 1639 1544 hie
1662 1515 1732 1545 nul-

1038 1548 1104 1579 lum
1127 1550 1223 1582 habet
1245 1562 1381 1589 sensum,
1398 1560 1428 1585 et
1447 1555 1538 1586 facile
1555 1555 1731 1598 immigrare

1036 1593 1138 1633 potuit
1166 1605 1203 1624 ex
1235 1594 1272 1625 iis
1299 1606 1371 1637 quae
1399 1599 1592 1639 praecedunt,
1617 1612 1730 1631 consors

1037 1641 1122 1665 ettam
1139 1647 1272 1668 censorzs.

1081 1679 1122 1708 34
1147 1680 1192 1710 Er
1215 1681 1249 1711 1¹12>-
1273 1681 1318 1711 M.
1335 1682 1470 1723 AEmilio]
1502 1684 1657 1716 BIendum
1682 1692 1729 1718 est
1778 1722 1782 1724 ,

1036 1719 1068 1750 in
1100 1723 1222 1753 nomine
1254 1725 1403 1756 consulis.
1448 1726 1521 1757 Non
1551 1727 1634 1758 enim
1669 1729 1727 1761 huc

1036 1773 1128 1801 anno,
1146 1765 1200 1796 sed
1223 1767 1390 1809 superiore,
1411 1769 1461 1800 M.
1479 1770 1628 1802 AEmilius
1652 1783 1726 1804 con-

1035 1807 1082 1837 sul
1099 1808 1167 1838 fuit.

1078 1851 1119 1881 35
1145 1851 1184 1881 Et
1214 1853 1339 1892 ipsorum
1367 1853 1471 1895 legati]
1502 1856 1562 1887 Vel
1591 1856 1726 1890 delenda

1035 1897 1081 1923 est
1107 1895 1262 1936 particula
1281 1902 1319 1932 et,
1336 1896 1385 1926 vel
1408 1898 1525 1929 excidit
1550 1899 1635 1942 prius
1657 1912 1724 1933 ora-

1034 1935 1127 1967 tionis
1141 1939 1326 1971 membrum.

1076 1981 1118 2011 36
1143 1980 1254 2012 Glarea
1275 2004 1282 2011 .
1311 2004 1318 2012 .
1343 2005 1352 2014 .
1375 1985 1606 2023 substerne-udas,
1643 1999 1723 2018 mar-

1029 2023 1246 2066 ginandasque]
1282 2025 1379 2057 Vocis
1406 2029 1627 2060 substernendas
1655 2031 1723 2063 haec

1032 2066 1170 2107 profecto
1198 2067 1244 2098 vis
1273 2074 1330 2105 est,
1353 2074 1388 2099 ut
1416 2069 1584 2112 lapidibus,
1609 2073 1722 2114 quibus

1032 2111 1248 2141 sternebantur
1275 2111 1344 2148 viae,
1368 2113 1465 2143 solum
1495 2125 1511 2145 e
1534 2120 1615 2146 terra
1641 2118 1720 2159 lapi-

1031 2151 1107 2183 dosa
1143 2155 1400 2191 substerneretur,
1431 2156 1480 2187 cui
1519 2158 1647 2190 solidius
1684 2171 1720 2192 ac

1030 2193 1146 2226 firmius
1179 2196 1301 2238 lapides
1334 2198 1532 2231 inhaererent.
1575 2201 1624 2232 Ac
1654 2213 1718 2233 rem

1029 2237 1073 2268 ita
1088 2249 1120 2269 se
1136 2239 1252 2271 habere
1267 2241 1376 2271 asserit
1395 2242 1538 2273 oculatus
1552 2244 1652 2281 testis,
1669 2246 1718 2276 Cl.

1028 2287 1136 2312 auctor
1157 2282 1366 2324 Antiquitatis
1389 2285 1605 2317 Schematibus
1630 2288 1718 2319 illus-

1026 2329 1129 2360 tratae,
1145 2326 1199 2366 qui
1222 2326 1333 2368 Appiae
1356 2327 1413 2358 viae
1437 2333 1556 2369 partem
1580 2330 1717 2371 aliquam

1027 2366 1197 2399 etiamnum
1230 2368 1384 2411 integram
1420 2370 1554 2412 inspexit
1584 2372 1716 2414 diligen-

1027 2409 1088 2440 tius
1110 2416 1142 2441 et
1165 2411 1346 2453 exploravit.
1392 2413 1473 2444 Eum
1489 2414 1552 2445 vid.
1567 2415 1657 2447 Tom.
1674 2418 1717 2450 V.

1024 2458 1111 2493 parte
1136 2454 1182 2484 II.
1216 2454 1434 2495 Margirmmlas
1459 2463 1543 2488 recte
1567 2458 1717 2500 Dujatius

1025 2496 1151 2536 exponit
1179 2495 1370 2538 marginibus
1403 2499 1534 2540 lapideis
1570 2502 1713 2533 munien-

1022 2537 1090 2568 das.
1134 2540 1296 2581 Margines
1322 2540 1380 2577 illi,
1400 2541 1502 2583 inquit
1526 2543 1635 2585 Raph.
1654 2546 1714 2577 Fa-

1022 2579 1141 2611 brettus
1174 2581 1206 2612 in
1236 2583 1372 2625 Apolog.
1405 2585 1445 2615 ad
1484 2585 1712 2625 Grunnovium,

1012 2623 1186 2661 firmissima
1228 2628 1267 2656 ad
1308 2628 1424 2658 viarum
1467 2629 1560 2659 latera
1604 2642 1710 2662 crasso-

1021 2675 1090 2696 rum
1120 2667 1251 2706 lapidum
1280 2670 1363 2705 serie,
1387 2671 1500 2709 duplici
1527 2674 1625 2710 etiam,
1657 2676 1711 2704 tri—

1019 2709 1147 2749 plia-ique
1180 2711 1298 2747 alicubi,
1330 2719 1364 2743 ut
1400 2715 1620 2753 observavimus,
1650 2719 1712 2748 vias

1022 2752 1098 2790 ipsas
1112 2754 1307 2785 continebant.

1064 2795 1281 2838 37*Scenam]
1307 2797 1382 2830 vid.
1406 2804 1469 2831 not.
1492 2801 1545 2832 88.
1575 2802 1615 2833 ad
1642 2803 1713 2836 XL.
