1831 3174
536 57 656 96 LIB‘
687 56 794 95 XLI.
837 57 971 94 CAP.
1001 56 1071 94 Vl.
1491 63 1513 101 7

100 168 288 215 Turdus,
325 167 366 208 in
400 165 663 207 concionibus
693 165 933 216 lacerarent,
964 165 1303 221 rogationemque
1333 168 1515 222 promul·
1528 175 1706 206 U.C.574.

96 234 257 281 gamm,
288 239 338 265 ne
369 222 554 263 Manlius
583 231 677 279 post
709 222 813 264 Idus
845 222 1022 263 Martias
1053 222 1306 278 (prorogatae
1335 238 1515 279 namque
1527 218 1616 249 A·C·
1635 216 1703 247 ¹⁷³·

96 282 334 323 consulibus
358 280 446 335 jam
469 279 509 320 in
532 295 685 320 annum
716 279 939 336 provinciae
960 282 1096 333 erant)
1128 279 1348 334 imperium
1369 280 1516 321 retine-

97 347 174 389 ret,
207 338 267 379 uti
297 352 481 378 caussam
504 336 714 392 extemplo
735 337 884 387 dicere,
912 352 1041 392 quum
1074 336 1224 377 abisset
1254 337 1515 391 magistratu,

96 404 251 452 posset3
302 393 398 434 huic
442 393 646 448 rogationi
693 395 740 444 Q.
766 393 904 434 AElius
938 393 1095 448 collega
1130 392 1372 443 intercessit,
1404 410 1517 449 mag-

97 452 240 507 nisque
280 449 612 491 contentionibus
651 450 848 500 obtinuit,
889 465 940 490 ne
987 448 1252 505 perferretur.
1330 452 1409 491 Per
1448 466 1517 492 eos

96 509 181 549 dies
212 507 279 548 Ti.
305 507 571 563 Sempronius
593 507 809 548 Gracchus
838 515 878 549 et
903 507 952 548 L.
977 506 1218 548 Postumius
1247 507 1430 548 Albinus
1464 524 1516 549 ex

97 564 301 620 Hispania
336 565 513 605 Romam
549 579 681 621 quum
711 564 989 613 revertissent,
1012 572 1177 605 senatus
1207 563 1255 604 iis
1275 579 1300 604 a
1320 565 1383 605 M.
1409 564 1518 605 Titi-

93 621 162 662 nio
200 629 377 677 praetore
417 621 540 662 datus
575 621 617 661 in
648 621 737 662 aede
779 621 961 662 Bellonae
991 620 1084 661 ¹⁸ad
1119 620 1397 662 disserendas‘
1437 637 1516 671 res,

95 693 198 733 quas
227 677 461 733 gessissent,
483 678 836 734 postulandosque
865 678 1040 718 honores
1069 677 1251 728 meritos,
1282 677 1390 719 ¹9ut‘
1426 678 1518 719 Diis

93 734 379 776 inmortalibus
427 735 651 777 haberetur
699 735 839 776 honos.
920 734 1081 775 Eodem
1122 742 1307 789 tempore
1346 743 1386 776 et
1436 734 1518 776 ²⁰in

95 791 284 833 Sardinia
311 807 509 848 magnum
539 792 768 834 tumultum
791 808 890 842 esse,
912 791 1040 833 literis
1063 792 1115 832 Τ.
1134 791 1301 833 AEbutii
1330 792 1519 848 praetoris
1531 804 1680 834 Sardinioe

94 848 306 905 cognitum
327 857 403 899 est,
426 864 530 905 quas
550 849 659 890 filius
690 850 779 905 ejus
808 849 861 890 ad
892 856 1080 890 senatum
1111 848 1330 890 adtulerat.
1393 848 1517 890 Ilien-
1529 848 1688 879 tumultus.

94 921 169 956 ses,
212 905 420 962 adjunctis
457 906 702 947 Balarorum
740 905 918 955 auxiliis,
950 913 1139 961 pacatam
1173 905 1427 960 provinciam
1457 905 1517 946 in-

94 971 303 1004 vaserant:
337 978 410 1003 nec
430 962 488 1003 eis
508 963 689 1004 invalido
719 962 919 1012 exercitu,
941 970 981 1003 et
1003 977 1153 1017 magna
1178 970 1295 1017 parte
1325 962 1517 1018 pestilen-

94 1018 152 1060 tia
187 1020 393 1070 absumto,
424 1019 557 1061 resisti
593 1028 769 1075 poterat.
850 1019 1008 1059 Eadem
1046 1027 1087 1059 et
1126 1019 1350 1059 Sardorum
1392 1019 1518 1074 legati

93 1076 366 1124 nunciabant3
418 1085 596 1127 orantes,
633 1084 681 1117 ut
717 1076 893 1117 urbibus
928 1076 1073 1116 saltem
1110 1075 1219 1130 (jam
1255 1075 1363 1115 enim
1398 1091 1519 1131 agros

93 1132 328 1188 deploratos
357 1136 462 1188 esse)
494 1149 615 1189 opem
646 1142 812 1174 senatus
841 1133 978 1173 ferret.
1040 1133 1147 1172 Haec
1176 1132 1342 1187 legatio,
1365 1140 1519 1173 totum-

93 1205 175 1245 que
210 1190 325 1245 quod
359 1190 413 1231 ad
450 1190 681 1231 Sardiniam
715 1190 965 1245 pertinebat,
1001 1188 1054 1229 ad
1089 1203 1216 1229 novos
1251 1189 1519 1244 magistratus

94 1247 293 1303 rejectum
341 1255 414 1288 est.
476 1247 618 1302 AEque
666 1246 907 1288 miserabilis
955 1245 1108 1301 legatio
1157 1245 1400 1301 Lyciorum,
1446 1246 1518 1301 qui
1532 1261 1695 1302 Lyciorum

93 1303 381 1345 crudelitatem
426 1304 704 1354 Rhodiorum,
735 1304 890 1359 quibus
925 1303 978 1344 ab
1016 1303 1066 1343 L.
1092 1302 1284 1343 Cornelio
1331 1302 1519 1358 Scipione
1531 1305 1676 1346 querelae.

93 1360 296 1402 adtributi
332 1369 463 1411 erant,
499 1362 799 1417 querebantur:
852 1360 992 1402 Fuisse
1024 1359 1094 1399 sub
1129 1360 1271 1400 ditione
1305 1359 1520 1400 Antiochi.-

93 1431 178 1458 eam
207 1419 366 1471 regiam
395 1419 638 1468 servitutem,
659 1419 854 1458 conlatam
875 1432 959 1457 cnm
980 1417 1180 1469 prcesentz‘
1204 1423 1325 1464 statu,
1351 1419 1527 1468 prcecla-

93 1489 181 1515 ram
216 1475 436 1515 libertatem
471 1476 610 1515 visam.
640 1489 718 1515 non
744 1475 904 1526 publico
936 1479 1089 1513 tantum
1119 1487 1160 1512 se
1185 1476 1317 1524 premi
1344 1474 1525 1526 imperim

91 1533 162 1572 sed
189 1532 371 1586 singulos
399 1530 584 1585 ”justum
607 1533 706 1584 pati
734 1531 949 1572 servitium.
981 1530 1014 1554 Ἠ
1011 1529 1140 1583 juxta
1161 1544 1201 1570 se
1220 1529 1405 1584 conjuges
1428 1531 1524 1572 libe-

92 1603 235 1642 rosque
274 1589 433 1629 vexari:
483 1589 523 1628 in
560 1602 710 1641 corpus,
744 1589 787 1628 z'n
830 1595 982 1642 tergum
1011 1587 1161 1628 saevz'ri:
1197 1587 1381 1639 samam,
1419 1591 1526 1641 quod

94 1646 299 1700 indignum
329 1646 397 1694 sit,
421 1647 617 1686 maculari
645 1646 992 1700 delzonestarique:
1044 1650 1082 1684 et
1105 1644 1252 1696 palam
1282 1659 1345 1685 res
1365 1646 1524 1687 odiosas

78 1703 197 1756 fieri,
228 1702 368 1757 23juris
397 1704 524 1744 etiam
553 1703 775 1757 usurpandi
803 1716 964 1749 caussa,·
1003 1716 1053 1741 ne
1079 1715 1155 1753 pro
1186 1701 1304 1742 dubio
1335 1702 1522 1753 habeant,

95 1760 198 1801 nihil
218 1761 323 1800 inter
342 1775 382 1801 se
402 1766 440 1801 et
460 1767 626 1815 argento
652 1766 801 1812 parata
832 1759 1036 1812 mancipia
1065 1758 1270 1800 interesse.'
1336 1758 1368 1782 24
1377 1759 1524 1801 Motus

97 1817 160 1859 his
190 1825 371 1868 senatus,
401 1817 541 1859 literas
572 1817 714 1873 Lyciis
743 1816 796 1858 ad
828 1816 1017 1858 Rhodios
1046 1814 1179 1857 dedit:
1230 1815 1342 1856 ²⁵nec
1381 1817 1524 1871 Lycios

503 1912 518 1936 f
531 1917 722 1946 edisserendas
738 1916 834 1948 Crev.
921 1919 937 1944 g
953 1923 980 1946 et
995 1922 1029 1945 ut
1045 1914 1127 1946 Ead.

145 2015 181 2045 18
205 2015 253 2045 Ad
272 2016 477 2057 edisserendas]
514 2015 617 2058 Vulgo
643 2017 781 2047 disseren-

879 2017 918 2046 21
944 2017 1064 2046 Justum
1079 2039 1088 2048 .
1113 2041 1119 2047 .
1144 2039 1154 2048 .
1168 2016 1333 2056 servitium]
1353 2016 1467 2046 Veram
1482 2026 1518 2046 ac

103 2059 163 2087 das.
219 2058 360 2089 Correxit
391 2058 575 2089 Gronovius.
639 2060 739 2101 Supra
761 2059 782 2090 l.

837 2061 963 2100 plenam
995 2060 1184 2090 servitutem.
1243 2058 1294 2089 Sic
1332 2057 1405 2089 alibi
1440 2058 1523 2100 apud

103 2100 258 2131 XXXIV.
289 2112 317 2132 c.
337 2102 390 2132 52.
435 2102 559 2132 Senatus
581 2108 662 2132 extra
684 2104 784 2132 urbem

104 2143 223 2177 Quintio
245 2145 283 2174 ad
306 2155 350 2174 res
371 2150 463 2186 gestas
485 2146 676 2175 edisserendas
699 2147 785 2175 datus

102 2191 152 2216 est.

146 2229 185 2259 19
210 2228 250 2259 Et
271 2235 305 2259 ut
330 2229 395 2259 Diis
421 2229 646 2270 immortalibus]
685 2229 782 2271 Adje-

103 2270 200 2302 cimus
213 2272 357 2302 voculam
371 2278 410 2307 et,
434 2278 558 2303 auctore
573 2272 682 2303 itidem
704 2273 783 2303 Gro-

103 2314 203 2345 novio.
248 2315 289 2345 Et
311 2315 356 2346 sic
379 2315 456 2346 solet
480 2315 595 2346 Livius.
649 2316 748 2357 Supra
764 2315 785 2345 1.

105 2357 268 2388 XXVIII.
300 2368 328 2388 c.
348 2359 379 2388 9.
409 2358 447 2388 In
469 2365 572 2389 senata
593 2370 683 2400 quum
709 2370 786 2388 more

103 2401 230 2429 onmium
272 2402 489 2440 imperatorum,
533 2403 663 2441 expositis
703 2403 786 2432 rebus

103 2443 138 2472 ab
151 2453 178 2473 se-
198 2445 294 2484 gestis,
315 2444 505 2484 postulassent
529 2467 537 2474 .
563 2466 572 2475 .
597 2467 604 2474 .
627 2450 703 2475 utet
721 2444 787 2474 Diis

103 2486 312 2516 immortalibus
347 2487 501 2516 haberetur
538 2488 631 2523 bonos,
666 2493 694 2516 et
721 2488 788 2526 ipsis

106 2529 351 2567 triumphantibus
373 2530 471 2559 urbem
492 2531 569 2560 inire
592 2531 700 2560 liceret.
746 2530 788 2559 Et

107 2570 181 2601 alibi
192 2570 319 2613 passim.

158 2613 201 2643 20
237 2613 274 2644 In
300 2614 438 2645 Sardinia
467 2625 606 2656 magnum
629 2616 790 2644 tumultum

107 2665 171 2691 esse,
203 2657 306 2687 litteris
336 2657 370 2687 T.
387 2657 501 2687 AEbutz'z'
526 2658 672 2698 proetoris]
727 2657 789 2687 Hie

107 2697 256 2729 habemus
271 2704 302 2730 et
316 2710 428 2730 nomen
442 2705 473 2730 et
487 2700 676 2741 provinciam
699 2700 790 2731 unius

109 2741 320 2785 epraetoribus
334 2742 425 2783 hujus
449 2742 534 2779 anni,
559 2743 647 2785 cujus
673 2743 789 2774 mentio

108 2782 305 2815 interciderat
327 2795 397 2816 cum
421 2784 459 2816 iis
481 2796 551 2826 quae
567 2797 605 2817 ex
621 2785 709 2816 initio
732 2786 787 2816 hu-

108 2825 159 2866 jus
173 2823 242 2856 libri
256 2826 418 2869 deperdita
431 2833 514 2860 sunt.

838 2107 986 2137 nostrum,
1011 2103 1046 2131 ab
1059 2105 1142 2142 justo
1157 2103 1295 2137 exercitu,
1319 2106 1350 2131 et
1369 2103 1436 2131 duoe
1452 2102 1522 2142 legi-

838 2156 903 2175 ones
917 2156 981 2175 cum
998 2148 1136 2185 suojitsto
1151 2145 1291 2185 equitatu.

881 2188 922 2217 22
946 2187 1038 2217 Jmta
1067 2199 1094 2218 se
1128 2186 1278 2227 conjuges]
1309 2186 1382 2216 Sese
1410 2185 1524 2228 pariter

839 2230 1049 2271 conjugesque
1073 2241 1109 2261 ac
1133 2230 1245 2260 liberos
1267 2228 1382 2259 vexari.
1438 2228 1523 2260 Ante

840 2273 1000 2313 Sigonium
1016 2273 1187 2314 legebatur,
1204 2272 1310 2314 procul
1326 2271 1420 2302 dubio
1436 2282 1523 2302 men-

840 2315 925 2351 dose,
933 2318 1028 2355 justos
1043 2318 1188 2357 conjuges.

889 2360 930 2389 23
969 2358 1052 2388 Juris
1089 2361 1175 2389 etiam
1212 2358 1376 2396 usurpandi
1420 2357 1522 2398 causa]

840 2401 914 2432 Non
941 2401 1057 2432 fructus
1084 2402 1215 2443 alicujus
1240 2405 1293 2430 aut
1322 2399 1521 2431 emolumenti

839 2455 904 2486 spe,
928 2444 983 2475 sed
1006 2444 1098 2486 plane
1113 2450 1145 2474 ut
1169 2443 1309 2475 dominos
1324 2452 1390 2473 sese
1413 2443 1522 2484 proba·

840 2492 917 2518 rent.

882 2530 924 2559 24
949 2529 1047 2559 Motus
1070 2530 1113 2559 his
1132 2529 1262 2569 senatus]
1295 2527 1345 2558 Sic
1369 2533 1452 2559 recte
1476 2528 1521 2557 Si-

841 2572 961 2613 gonius,
979 2583 1075 2613 quum
1089 2572 1242 2613 legeretur
1257 2577 1348 2601 motus
1364 2572 1396 2600 is.

885 2616 926 2645 25
959 2614 1022 2645 Nec
1062 2615 1165 2655 Lycios
1195 2613 1329 2653 Rhodiis]
1376 2612 1525 2653 Polybius

843 2658 990 2698 Excerpt.
1015 2658 1125 2698 Legat.
1139 2658 1189 2687 60.
1220 2656 1313 2687 tradit
1336 2656 1392 2684 hoc
1416 2654 1522 2686 decre-

842 2705 908 2730 tum
955 2700 1060 2730 multis
1103 2709 1300 2741 nequaquam
1347 2697 1521 2738 placuisse:

843 2747 1005 2784 propterea
1025 2743 1108 2784 quod
1132 2741 1266 2773 Romani
1289 2739 1465 2771 viderentur
1492 2740 1523 2771 id

843 2796 947 2825 agere,
970 2790 1006 2815 ut
1026 2784 1252 2816 committerent
1273 2782 1351 2813 inter
1377 2793 1409 2813 se
1437 2784 1524 2814 Rho-

844 2828 911 2859 dios
934 2828 1119 2869 Lyciosque,
1150 2826 1189 2856 ad
1221 2824 1444 2856 exhauriendos
1470 2837 1523 2868 ap-

924 2878 996 2912 1³4
