1805 3174
512 109 547 145 11
557 103 898 145 ISTORIARUM
931 105 1146 143 LIBROS.

109 217 284 255 Vectigalia
301 218 605 256 Carthaginiensium
632 220 740 258 praeda·
768 228 803 247 ac

146 261 258 291 divisui
298 271 363 291 csse
407 262 614 300 principibus,
657 263 803 302 prohibet

149 305 301 340 Annibal,
317 310 371 340 33,
385 308 436 333 46.
449 310 478 333 ct
491 310 544 336 47.

101 347 230 376 Vectius
247 349 394 384 Messius,
411 347 473 377 vid.
491 349 636 378 Messius.

99 390 254 421 Vectones
285 393 461 421 funduntur
496 397 527 421 et
571 394 722 431 fugantur
764 393 802 421 ab

144 436 190 464 M.
208 435 330 468 Fulvio,
345 440 486 474 pra—tore„
503 440 556 467 35.
576 441 604 467 7.

100 478 276 507 Vectonunt
302 488 433 517 magnus
462 480 615 509 exercitus
638 478 802 509 Toletanis

141 522 278 550 subsidio
295 523 391 553 venit.
408 526 463 556 35,
475 527 524 551 22.

101 565 247 593 Veientes
265 565 296 593 in
322 566 399 594 fines
429 566 591 595 Romanos
619 570 800 599 excurrunt,

147 613 175 643 1,
213 613 258 637 15.
300 618 317 637 a
348 609 483 638 Romulo
518 611 700 640 vincuntur.
724 610 799 638 ¹ibifl-

141 652 206 689 agri
233 655 320 690 parte
346 653 506 682 mulctatis
533 654 565 682 in
590 659 717 682 centum
742 661 799 681 an-

140 704 198 724 nos
228 695 361 724 induciae
387 697 480 732 datae,
510 700 557 726 15.
585 697 755 726 vincuntur
782 705 800 724 a

138 738 246 775 Tullo,
265 743 317 770 27.
333 740 397 769 vid.
414 745 443 768 et
459 745 512 769 30.
529 745 559 768 ec
575 743 625 768 42.

96 780 244 811 Veientes
269 782 476 821 Tarquinium
501 783 618 820 juvant
648 783 685 811 ad
711 791 797 821 repe<

139 826 270 855 tendum
287 835 433 865 regnum,
453 831 485 863 2,
505 830 533 856 6.
560 827 597 855 iis
623 826 800 855 restituitur

139 878 226 906 ager,
258 872 307 899 14.
344 870 508 900 Veientem
534 879 656 909 agrum,
682 870 798 898 foetlere

140 913 177 941 ad
206 913 388 942 Jauiculum
422 914 485 943 icto
517 914 667 943 Romanis
695 913 797 941 adem-

141 960 223 991 tum,
238 957 379 985 restituit
404 957 554 992 Porsena,
577 961 621 986 15.
646 957 799 995 populan-

140 1003 194 1028 tur
225 1000 439 1029 Romanorum
469 1010 591 1038 agrum,
616 1004 667 1029 43,
708 999 799 1028 mini-

139 1046 253 1072 tantur
294 1052 327 1072 se
374 1048 615 1083 oppugnaturos
654 1044 798 1075 Romam,

139 1087 213 1115 z'lzz'a'.
240 1087 396 1116 lacessunt
413 1088 571 1116 Romanos
589 1088 626 1116 ad
649 1095 799 1124 pugnam,

139 1133 190 1158 45.
208 1129 392 1167 vincuntur,
410 1134 462 1161 46.
476 1136 506 1159 et
522 1136 575 1162 47.
591 1130 710 1159 adsidui
734 1139 800 1158 ma-

137 1173 198 1211 giS‚
220 1182 313 1210 quam
334 1182 458 1214 graves,
485 1174 603 1206 hostes.
621 1178 671 1202 48.
711 1172 800 1201 Fabii

136 1216 315 1254 suscipiunt
361 1217 475 1247 bellum
522 1218 645 1256 privato
691 1219 798 1245 sumtu

136 1268 208 1288 cum
231 1259 433 1297 Veientibus,
452 1261 526 1290 ibid.
565 1260 713 1290 Veientes
736 1260 796 1289 Fa-

136 1302 261 1333 biorum
299 1304 446 1340 victores,
482 1308 532 1333 50.
573 1305 746 1333 vincuntur
779 1311 797 1331 a

135 1346 301 1383 Romanis,
327 1351 379 1377 51.
404 1349 508 1377 denuo
546 1347 697 1377 Romanis
730 1346 796 1374 bel-

136 1389 201 1419 lum
235 1390 390 1427 inferunt,
414 1395 485 1423 .53.
526 1391 690 1427 fugantur,
721 1389 798 1419 ibid.

136 1433 308 1472 impetrant
335 1434 477 1463 inducias
506 1434 715 1472 quadraginta
742 1441 798 1461 an-

138 1485 264 1512 norum,
282 1481 334 1506 54.

179 1520 413 1558 depopulantur
451 1525 589 1550 extrema
627 1519 693 1552 affri
731 1518 796 1547 Ro-

135 1564 234 1599 mani,
252 1568 283 1599 4,
312 1568 339 1592 1.
365 1564 480 1593 bellum
507 1567 659 1592 renovant
687 1562 794 1590 adver·

136 1616 189 1635 sus
221 1607 393 1643 Romanos,
420 1608 593 1636 interfectis
617 1606 710 1635 etiam
742 1614 795 1634 eo-

135 1659 202 1679 rum
231 1649 355 1688 legatis,
390 1655 438 1681 17.
463 1651 646 1686 vincuntur,
677 1653 724 1678 18.
763 1652 794 1677 et

140 1697 188 1723 19.
216 1693 279 1722 vicl.
310 1693 511 1723 Tolumnius,
541 1694 578 1722 iis
603 1693 719 1722 bellum
746 1691 795 1720 in-

137 1736 271 1773 dictum,
314 1741 366 1766 30.
407 1738 599 1776 compellunt
637 1737 795 1764 Romanos

139 1781 170 1808 in
187 1784 301 1814 castra,
319 1784 372 1810 31.
398 1782 581 1811 vincuntur.
597 1784 651 1809 33.
681 1779 794 1808 Veien-

138 1823 223 1852 tibus
245 1822 379 1853 induciae
393 1833 546 1853 annorum
572 1823 685 1861 viginti
702 1823 793 1860 datae,

137 1870 189 1895 35.
226 1867 340 1896 Veiens
368 1872 495 1897 senatus
511 1867 642 1906 superbe
668 1875 796 1904 respon-

137 1910 190 1939 det
202 1909 312 1949 legatis
329 1911 493 1949 Romanis,
515 1915 567 1942 58.
591 1911 628 1939 iis
645 1909 795 1938 indicitur

143 1953 272 1990 bellum,
288 1955 340 1982 60.

94 1997 244 2026 Veientes
269 2006 370 2035 regem
399 2001 517 2034 creant,
535 2002 566 2033 5,
587 2001 613 2026 1.
637 1997 719 2036 quod
736 1996 792 2025 im-

136 2040 287 2078 probatur
312 2041 351 2069 ab
379 2041 535 2077 Etruscis,
564 2040 639 2070 ibid.
679 2040 793 2079 septies

138 2083 337 2117 rebellarunt,
354 2087 383 2111 4.

92 2127 163 2156 Veii
187 2127 305 2156 obsessi
328 2136 345 2155 a
372 2127 535 2162 Romanis,
563 2132 595 2162 4,
615 2130 667 2156 61.
690 2127 794 2156 hiber-

136 2171 248 2199 nacula
263 2170 300 2199 ad
317 2170 425 2206 Veios,
452 2176 482 2202 5.
500 2175 532 2202 2.
555 2180 684 2209 ea,quae
697 2174 791 2208 gesta

134 2219 209 2243 sent
234 2214 268 2242 in
295 2211 451 2242 obsidione
482 2213 633 2250 Vesorum,
657 2223 790 2242 narran-

136 2262 189 2286 tur
206 2267 293 2296 capp.
323 2260 439 2286 7-21,
478 2258 546 2286 Veii
575 2257 742 2295 capiuntur
769 2265 787 2286 a

135 2300 280 2331 Camillo.
300 2300 464 2334 dictatore,
482 2305 533 2329 21.
553 2305 624 2337 post
638 2300 792 2329 decenna-

136 2344 195 2372 lcm
219 2343 425 2378 obsidionem,
448 2347 498 2371 22.
536 2344 630 2373 Veios
658 2344 787 2379 migrare

104 2387 108 2392 “
135 2387 223 2425 plebs
240 2388 382 2419 Romana
398 2387 497 2424 cupit,
515 2390 564 2416 24.
591 2387 662 2415 inde
677 2387 789 2420 turbae,

136 2429 210 2460 1h'd.
225 2435 275 2460 25.
293 2435 345 2461 29.
359 2435 389 2459 et
404 2434 457 2459 30.
475 2432 658 2468 antiquatur
682 2430 730 2459 lex
753 2431 791 2459 de

136 2473 300 2512 migrando
315 2474 423 2509 Veios,
433 2477 487 2502 30.
500 2474 596 2502 Veios
608 2473 733 2509 fugiunt
745 2483 791 2502 re-

136 2516 240 2554 liquiae
256 2517 406 2546 Alliensis
423 2517 537 2556 praelii,
555 2521 607 2547 37.
631 2516 738 2546 multis
754 2526 792 2545 eo

137 2560 383 2597 confluentibus,
399 2561 433 2589 fit
454 2560 522 2597 jam
538 2560 598 2589 vali
613 2561 640 2588 {a
665 2569 791 2595 manus,

138 2612 220 2640 quae,
238 2613 256 2632 a
271 2604 356 2632 Veiis
372 2604 523 2642 profecta,
542 2601 676 2633 Camillo
701 2605 792 2637 (luce,

139 2646 250 2683 repetit.
263 2647 407 2684 patriam.
425 2650 477 2676 46.
494 2651 524 2675 et
540 2651 591 2676 48.
609 2655 715 2675 rursus
729 2656 796 2675 mo-

139 2693 229 2718 vetur
255 2689 337 2718 actio
361 2690 603 2726 transmigrandi
618 2690 724 2723 Veios,
743 2694 796 2720 49.

141 2737 172 2760 ct
186 2736 236 2761 50.
253 2733 436 2770 antiquatur
451 2743 487 2762 ea
513 2735 647 2772 rogatio.
665 2737 718 2763 55.
742 2733 794 2771 qui

142 2776 235 2804 Veios
249 2777 382 2809 iverant,
393 2782 579 2806 revocantur
592 2781 795 2806 senatuscon-

142 2819 240 2851 sulto,
258 2822 290 2855 6,
307 2823 337 2848 4.

97 2862 280 2892 Veientanae
296 2862 406 2900 praedae
422 2862 572 2891 decimam
594 2865 711 2900 partem
740 2871 794 2890 vo

143 2909 195 2934 vet
211 2906 352 2944 Apollini
369 2905 531 2942 Camillus,
549 2909 580 2940 5,
595 2909 646 2934 21.
660 2913 795 2943 quonam

193 2961 287 2988 VOL.
320 2961 377 2988 IV.

1475 111 1548 143 433

893 216 984 244 niodo
1008 216 1059 244 illa
1083 216 1203 244 ‹lecinia
1225 226 1293 254 pars
1318 218 1420 246 solnta
1438 219 1543 255 suerit,

893 264 944 291 ²253,
964 263 1012 287 25.
1031 264 1060 288 et
1077 264 1128 288 ⁶28.

849 303 1013 332 Veientani
1030 303 1095 341 agri
1123 303 1372 342 septcnajugera
1389 305 1468 341 plebi
1497 306 1543 334 di-

894 347 968 380 visa,
985 350 1014 380 ὃ,
1031 352 1081 375 30.

852 390 1031 425 Velabrum,
1050 395 1101 423 27,
1117 393 1168 420 37.

850 434 998 462 Velamen
1018 444 1035 462 a
1060 433 1246 471 supplicum,
1276 438 1327 465 25.
1347 437 1397 462 25.
1422 438 1474 471 ij,
1498 439 1542 464 16.

894 482 947 508 033.
966 482 1015 507 ast.
1034 482 1087 513 315,
1106 481 1155 505 20.

848 520 949 555 Velia,
970 521 1053 554 regio
1075 520 1228 549 altissima
1245 520 1274 548 in
1290 520 1364 548 urhe
1383 520 1493 555 Roma,
1510 527 1540 555 2,

891 568 918 594 7.
939 564 978 592 ibi
998 565 1181 593 inaedificare
1198 564 1308 602 incipit
1335 564 1368 592 Ι).
1386 562 1542 601 Valerius,

892 607 958 636 ibid
985 608 1079 636 Veliae
1096 608 1175 636 oedes
1188 607 1328 644 subjicit,
1347 605 1422 636 ibid.

847 651 948 684 Velia,
966 652 1038 679 urbs
1057 651 1216 686 Lucaniae,
1235 654 1288 685 26,
1305 655 1358 681 39.

848 695 967 723 Velites
991 698 1024 722 ut
1042 696 1072 723 in
1090 694 1265 732 legionibus
1281 696 1396 726 essent,
1412 694 1542 724 institu-

887 741 968 772 tum,
985 741 1039 775 26,
1055 743 1085 768 4.
1104 747 1210 766 eorum
1227 741 1397 771 armatura.
1415 742 1469 772 31,
1486 743 1542 767 35.

886 786 941 817 38,
958 785 1010 810 21.

842 825 969 854 Velitroe
987 825 1018 853 in
1035 823 1170 860 Volscis,
1195 827 1227 858 2,
1247 827 1298 852 30.
1323 834 1359 853 eo
1388 824 1511 853 colonia
1526 834 1545 855 a

888 868 1037 897 Romanis
1055 868 1198 901 deducta,
1216 871 1267 896 31.
1287 876 1434 897 numerus
1456 869 1539 898 colo-

886 921 996 940 norum
1014 920 1137 947 auctus,
1155 915 1208 940 34.

842 956 993 984 Veliterni
1009 948 1168 988 deficiunt,
1182 957 1214 990 6,
1235 959 1282 983 13.
1299 959 1328 983 st
1341 958 1392 983 21.
1408 956 1540 983 vincun-

887 1003 949 1029 tur,
968 1002 1018 1026 22.
1041 999 1103 1027 vid.
1121 1003 1150 1026 et
1169 1002 1219 1028 29.
1245 999 1406 1027 incursant
1426 999 1540 1027 Roma-

888 1051 997 1070 norum
1016 1050 1138 1076 agrum,
1155 1043 1208 1070 36.
1223 1042 1542 1080 oppugnantTnscu-

889 1086 964 1115 lum,
981 1084 1057 1114 z'hae‘d.
1068 1085 1251 1113 obsidentur
1263 1095 1281 1113 a
1291 1085 1453 1119 Romanis,
1464 1085 1540 1115 ibid.

885 1131 913 1156 et
929 1131 981 1157 37.
999 1132 1049 1156 38.
1067 1132 1096 1156 ct
1112 1132 1162 1156 42.
1178 1132 1305 1157 vastant
1322 1129 1535 1158 Romanorum

885 1180 1006 1207 agrum,
1023 1175 1055 1206 7,
1078 1175 1123 1200 15.
1142 1181 1264 1200 rursum
1282 1172 1443 1206 deficiunt,
1461 1176 1491 1205 8,
1508 1177 1545 1201 3.

885 1219 914 1244 et
936 1218 984 1245 12.
995 1215 1026 1243 ἰη
1042 1223 1106 1248 eos,
1121 1214 1204 1252 quod
1219 1215 1312 1244 toties
1324 1215 1539 1249 rebellassent,

884 1259 1022 1296 graviter
1038 1258 1194 1291 saevitum,
1220 1262 1264 1287 14.
1279 1259 1360 1296 jussi
1381 1263 1468 1288 trans
1483 1260 1539 1288 Ti-

885 1301 983 1331 berim
1002 1302 1153 1335 habitare,
1170 1306 1207 1330 ut
1220 1302 1298 1339 ejus,
1316 1303 1370 1340 qui
1386 1303 1429 1331 cis
1445 1303 1539 1332 Tibe-

886 1345 943 1373 rim
962 1345 1172 1383 deprehensus
1189 1348 1282 1381 esset,
1296 1347 1442 1383 usquead
1455 1347 1539 1376 mille

886 1390 991 1425 pondo
1008 1389 1168 1423 clarigatio
1180 1392 1274 1424 esset,
1294 1387 1373 1417 ibid.

843 1431 1023 1461 Veliternus
1039 1441 1122 1470 ager,
1141 1436 1171 1465 2,
1188 1436 1240 1463 31.
1257 1436 1311 1465 30.
1325 1437 1378 1462 38.

844 1475 1010 1504 Venalium
1029 1476 1183 1509 Portoria,
1202 1476 1264 1504 vid.
1287 1477 1473 1505 Portorimn.

842 1519 977 1548 Venatio
1011 1520 1135 1548 leonum
1168 1524 1198 1546 et
1220 1520 1441 1557 pantherarum
1466 1519 1538 1548 data

884 1562 991 1591 Romae
1009 1563 1046 1591 ab
1065 1562 1111 1591 M.
1128 1562 1318 1598 Fulvio‚3.‘1,
1336 1567 1386 1590 22.

841 1606 976 1635 Venatio
993 1606 1097 1634 omnis
1113 1607 1235 1644 generis
1247 1616 1280 1635 ex
1295 1616 1347 1635 sue
1360 1609 1536 1642 mansueto,

885 1653 938 1680 35.
953 1654 1005 1679 49.

841 1693 1027 1721 Venationis
1045 1695 1193 1730 praetexta
1209 1696 1396 1730 occupatum
1420 1696 1452 1722 et
1468 1702 1538 1731 pro-

883 1736 983 1764 ditum
999 1736 1185 1771 Tarentum,
1206 1739 1259 1771 25,
1271 1740 1308 1773 ,9.

840 1779 996 1808 Veneficae
1021 1783 1171 1808 matronae
1197 1780 1234 1808 ad
1259 1783 1385 1808 centum
1411 1782 1535 1817 septua-

883 1824 972 1861 ginta
988 1823 1154 1858 damnatae,
1173 1827 1202 1856 8,
1224 1826 1270 1851 18.

839 1866 1010 1902 veneficia,
1037 1867 1135 1904 deque
1152 1866 1188 1894 iis
1213 1865 1414 1904 quaestiones,
1433 1868 1488 1899 39,
1509 1870 1524 1892 8

881 1914 934 1939 38.
951 1914 978 1938 et
995 1914 1046 1938 41.
1070 1910 1280 1938 veneficorum
1305 1911 1343 1938 ad
1361 1909 1422 1937 duo
1439 1907 1537 1936 millia

882 1953 1043 1988 damnata,
1058 1952 1132 1982 ibid.
1149 1952 1212 1982 viil.
1227 1957 1258 1981 et
1273 1956 1327 1989 40,
1345 1956 1396 1981 37.

836 1997 1002 2026 Venenum
1019 1995 1137 2025 habent
1161 2006 1246 2035 reges
1270 1997 1308 2025 ad
1332 1996 1452 2024 incerta
1478 1995 1540 2023 for-

882 2044 980 2077 tuuae,
999 2043 1054 2077 30,
1076 2043 1123 2069 15.

837 2083 960 2112 Veneni
1002 2083 1148 2121 poculum
1185 2082 1364 2118 Demetiio‚
1401 2082 1537 2120 Philippi

882 2127 963 2163 filio,
981 2127 1100 2158 datum.
1118 2130 1234 2161 4Ο,24.

840 2171 955 2199 Veneti
980 2170 1012 2198 in
1030 2169 1124 2198 ltalia
1139 2170 1177 2198 ab
1196 2169 1329 2198 Henctis
1347 2172 1377 2196 et
1392 2168 1537 2205 Trojanis

882 2213 1019 2248 oriundi,
1054 2217 1083 2248 1,
1113 2217 1141 2242 1.
1173 2212 1276 2241 sinum
1309 2213 1537 2240 circumcolunt

878 2257 970 2285 maris
995 2256 1163 2291 Adriatici,
1182 2260 1214 2291 5,
1232 2260 1286 2284 33.
1302 2255 1364 2283 vid.
1382 2260 1412 2283 et
1440 2259 1487 2292 10,
1505 2260 1538 2285 2.

877 2300 1068 2335 subiguntur
1087 2308 1104 2327 a
1121 2300 1255 2334 Caesare,
1273 2298 1359 2336 Epit.
1380 2302 1449 2327 104.

834 2343 979 2374 Venetia.
997 2347 1051 2379 41,
1077 2346 1129 2371 32.

836 2387 868 2414 P.
889 2386 1068 2419 Ventidius,
1086 2386 1172 2424 Epit.
1189 2389 1259 2416 127.

835 2429 1011 2458 Ventorum
1027 2434 1117 2458 atrox
1134 2433 1317 2467 tempestas,
1334 2432 1388 2463 40,
1406 2432 1436 2456 2.

836 2473 963 2502 Ventris
980 2478 1011 2502 et
1028 2477 1203 2502 ceterorum
1228 2472 1437 2501 membrorum
1462 2481 1538 2510 apo·

884 2516 988 2554 logus,
1008 2521 1041 2553 2,
1056 2520 1108 2546 32.

838 2559 959 2595 Venus,
984 2564 1033 2593 10,
1059 2563 1113 2589 31.
1145 2558 1212 2595 ojus
1243 2559 1322 2586 aedes
1350 2566 1445 2595 p'ope
1477 2558 1534 2585 cir-

882 2612 966 2639 cum,
994 2603 1071 2632 ibid.
1094 2603 1177 2631 facta
1201 2610 1238 2630 ex
1262 2611 1320 2630 aere
1345 2600 1537 2629 mulctaticio

882 2652 1096 2675 matronarum
1151 2644 1251 2683 stupri
1305 2645 1535 2679 damnatarum,

885 2690 958 2718 ibid-

840 2732 956 2761 Veneri
974 2736 1003 2761 et
1022 2733 1115 2761 Marti
1134 2731 1278 2769 pulvinar
1292 2728 1323 2756 in
1335 2728 1537 2764 lectisternio,

885 2780 1010 2811 22,10.

845 2820 956 2848 Venus
975 2817 1135 2852 Cloacina,
1151 2820 1183 2847 3.
1200 2819 1252 2843 48.

844 2863 958 2890 Venus
973 2861 1122 2897 Erycina,
1141 2863 1194 2893 22,
1213 2862 1242 2888 9.
1267 2857 1333 2893 ejus
1355 2857 1434 2885 aedes
1459 2859 1545 2887 dedi-

875 2904 1047 2934 eaturaQ
1065 2901 1323 2934 FabioMaximo,
1352 2904 1404 2935 23,
1433 2906 1483 2930 80,
1509 2908 1539 2931 (c

926 2957 947 2981 F
967 2949 983 2983 t·
