1805 3174
497 76 880 115 lllS'l'ORlAltUM
912 77 1118 115 LIBROS.

103 183 225 213 Thsbes
258 195 396 225 campus,
434 188 617 216 nobilitatus
655 188 789 216 carmine

149 228 287 262 Homeri,
305 235 359 266 37,
382 234 428 261 19.

102 269 247 303 Theium.
264 275 412 311 oppidum
430 273 641 305 Athamaniae,
658 278 713 309 38,
736 277 761 301 1.

144 366 213 386 cum
229 360 455 389 Andranodoro
472 360 603 388 consilia
623 361 789 390 occiditur.

144 403 197 434 24,
209 405 259 430 ⁴212.
273 407 302 430 et
314 407 362 430 25.

100 441 244 475 Thensoe.
260 450 290 481 5,
308 450 358 474 41.
387 450 419 481 9,
438 449 488 475 40.

101 485 292 522 Theodotus,
311 497 389 516 unus
421 499 455 517 vx
477 489 647 525 conjuratis
665 489 694 518 in
715 490 789 518 Ilie-

144 532 262 568 ronymi
280 532 406 567 (τι-(10111,
419 532 789 562 traditurAndranodoro

141 574 345 610 torquendus,
370 579 401 606 4,
427 579 454 603 5.
480 577 559 604 celat
580 577 734 609 conscios,
758 580 787 605 et

140 615 331 646 Thrasonem
349 618 505 647 insontem
532 619 653 648 consilii
680 622 788 648 aucto-

141 667 204 687 rem
222 661 386 695 mentitur,
404 662 475 689 ila'd.

97 701 279 731 Theodotus
295 708 325 732 ct
342 704 438 740 Sosis,
457 704 619 733 interfecto
634 704 789 742 Hierony-

140 753 204 780 mo,
238 747 328 784 regiis
352 747 438 785 equis
469 748 634 785 Syracusas
659 752 788 776 conten-

140 787 232 820 dunt,
250 793 303 827 24,
321 794 371 820 21.
395 800 446 820 eos
469 791 647 828 adloquitur
668 791 790 819 Andra-

140 831 289 868 nodorns,
306 837 363 862 22.

96 872 291 912 Theodotus,
316 877 480 914 praefectus
515 877 620 905 elassis
645 876 787 909 Rhodioe,

138 920 192 953 45,
210 922 259 947 25.
287 917 408 957 legatus
423 920 561 948 mittitur
574 921 703 948 Romam
718 929 786 948 cum

140 969 254 990 corona
263 963 374 1001 viginti
388 963 518 992 millium
532 972 705 998 aureorum,
716 964 787 992 ibid.

95 1002 290 1041 Theodotus,
307 1006 418 1034 nobilis
442 1007 629 1038 adolescens.
643 1007 785 1035 Passaro-

140 1046 188 1074 nis
205 1048 289 1076 urbis
313 1057 417 1087 portas
441 1050 538 1088 aperit
555 1050 717 1085 Romanis,
733 1053 786 1085 45,

140 1092 191 1118 26.

96 1132 293 1170 Theogenes,
309 1135 371 1162 dux
396 1134 512 1169 Persei,
530 1139 582 1167 44,
601 1139 653 1163 32.

94 1175 272 1210 TheondaS,
290 1186 428 1206 summus
456 1178 656 1216 magistratus
679 1178 785 1207 Samo-

137 1218 264 1252 thracae,
281 1223 335 1254 45,
353 1225 381 1249 5.

94 1261 261 1290 Theoxena
277 1263 333 1292 sibi
350 1273 418 1292 cum
441 1263 554 1292 marito
571 1268 601 1292 et
617 1263 721 1292 liberis
737 1274 785 1293 so-

138 1306 214 1333 roris
230 1306 355 1344 suisque
379 1316 484 1335 necem
502 1307 603 1343 affert,
619 1311 672 1339 40,
691 1311 721 1336 4.

94 1347 293 1385 Theoxenus,
331 1351 393 1378 dux
430 1350 632 1386 Achaeorum,
655 1350 785 1378 Rhodiis

136 1391 353 1426 militantium,
371 1397 424 1427 33,
447 1397 494 1422 18.

93 1433 321 1473 Thermopylae,
345 1440 399 1470 33,
416 1441 447 1465 3.
472 1441 500 1465 et
517 1439 569 1465 35.
592 1435 784 1473 Thermopy-

136 1476 173 1505 lis
189 1477 332 1516 frequens
349 1479 475 1508 Graeciae
491 1479 580 1508 statis
603 1479 711 1507 diebus
734 1488 783 1507 so-

135 1520 179 1549 let
194 1530 259 1550 csse
275 1526 461 1557 conventus,
477 1521 550 1551 ibid.

95 1561 371 1602 Thermopylarum
390 1566 486 1594 saltus
510 1569 540 1593 et
559 1568 699 1603 angustae
716 1564 782 1593 fau-

136 1616 197 1640 ces,
215 1612 269 1642 28,
287 1612 314 1636 5.
328 1612 356 1636 ct
369 1612 397 1638 7.
415 1612 469 1644 31,
489 1613 540 1637 23.
556 1612 611 1643 33,
629 1612 658 1637 3.
673 1607 711 1635 iis
727 1617 783 1637 no-

135 1659 206 1678 men
223 1651 356 1679 inditum
373 1652 411 1680 ab
427 1652 515 1689 aquis
531 1651 650 1687 calidis,
663 1654 718 1687 36,
735 1656 781 1679 15.

93 1691 244 1722 Thesauri
260 1694 325 1722 auri
342 1694 467 1731 Gallici,
485 1697 517 1730 6,
540 1698 586 1723 14.
602 1699 628 1723 et
649 1698 697 1722 15.

91 1736 242 1765 Thesauri
259 1737 461 1776 Proserpinae,
478 1738 540 1766 vid.
559 1737 751 1775 Proserpina.

91 1779 269 1809 Thesaurus
285 1781 427 1818 publicus
453 1781 605 1810 Messenae
621 1781 678 1809 sub
702 1785 783 1810 terra

136 1832 209 1851 saxo
236 1824 387 1861 quadrato
404 1829 524 1862 septus,
545 1833 607 1862 quo
624 1823 781 1863 Philopoe-

134 1874 206 1894 men
223 1867 347 1895 vinctus
364 1867 553 1904 demittitur,
571 1871 626 1904 39,
645 1871 696 1897 50.

91 1908 246 1947 Thespiae,
262 1914 314 1943 42,
330 1914 380 1939 43.

89 1952 310 1990 Thespiensis,
333 1954 387 1989 36,
406 1956 456 1981 21.
480 1962 586 1982 eorum
609 1953 780 1992 emporium

136 1995 267 2028 Crei'lsa..
284 1995 357 2024 ibid.

87 2037 266 2076 Thesproti,
278 2042 331 2072 43,
349 2042 399 2066 21.

89 2080 310 2118 Thresprotius
327 2081 424 2114 sinus,
443 2085 473 2113 8,
494 2085 545 2111 24.

89 2124 256 2153 Thessaliae
271 2125 383 2162 campi,
400 2128 455 2159 31,
471 2128 523 2152 41.
540 2128 593 2157 42.
612 2129 662 2154 54.

90 2167 246 2201 Thessali,
284 2168 402 2206 populi,
426 2168 572 2206 adscripti
596 2177 614 2196 a
637 2167 780 2207 Philippo

132 2209 322 2239 Macedonia·
346 2219 416 2248 rege
437 2211 558 2242 foederi.
575 2220 644 2239 cum
667 2212 781 2240 Roma-

132 2253 182 2282 nis
204 2253 308 2290 initio,
325 2257 379 2288 29,
399 2257 446 2281 12.
482 2254 648 2283 Thessalos
666 2254 780 2292 primos

132 2296 272 2325 omnium
285 2297 460 2325 liberandos
477 2296 623 2334 Philippo
639 2297 781 2326 nominat

131 2339 171 2368 T.
188 2339 351 2376 Quintius,
367 2344 421 2376 32,
443 2343 489 2368 10.
508 2340 592 2368 liberi
610 2341 779 2378 pronunci-

132 2385 238 2416 antur,
262 2387 318 2419 33,
336 2386 386 2411 32.
412 2383 460 2414 iis.
478 2387 589 2420 praeter
604 2383 778 2413 libertatem

132 2434 322 2462 concessam,
337 2425 447 2455 Achaei
463 2426 618 2455 Phthiotae
635 2427 711 2462 dati,
727 2431 780 2457 34.

130 2468 271 2498 Thessali
284 2478 360 2507 gens
370 2468 509 2506 inquieto
519 2469 658 2508 ingenie,
669 2473 778 2505 34‚51.

130 2510 302 2540 liberantur
324 2521 342 2540 a
363 2512 399 2541 Τ.
418 2511 564 2546 Quintio,
589 2516 620 2542 et
642 2522 678 2541 ex
694 2513 779 2542 omui

131 2554 306 2583 colluvione
331 2558 364 2583 et
387 2555 570 2584 confusione
594 2557 625 2584 in
643 2556 777 2594 aliquam

129 2596 322 2626 tolerabilem
338 2598 467 2627 formam
491 2599 685 2638 rediguntur,
703 2599 779 2630 ibid.

130 2649 237 2668 eorum
251 2641 417 2670 concilium
439 2641 582 2678 Larissae,
606 2645 661 2678 36,
678 2646 706 2670 8.
723 2646 778 2678 42,

131 2687 184 2712 38.
209 2683 435 2721 impugnantur
461 2684 501 2712 ab
525 2686 695 2718 Antioche,
722 2688 775 2719 36,

131 2729 162 2755 9.
184 2730 214 2755 ct
233 2729 282 2753 10.
303 2735 409 2756 eorum
436 2728 566 2765 querelae
590 2728 626 2757 de
649 2728 777 2758 urbibus

131 2769 194 2797 suis
217 2777 235 2797 a
257 2768 401 2807 Philippo
420 2771 580 2807 possessis,
605 2776 657 2806 39,
675 2775 726 2800 24.
748 2775 777 2800 et

131 2815 182 2841 25.
205 2821 310 2840 eorum
338 2812 498 2841 discordia:
521 2814 629 2853 sopitae
652 2815 691 2844 ab
713 2815 774 2853 Ap.

131 2854 263 2884 Claudio
284 2855 401 2893 legato,
416 2859 471 2890 42,
488 2860 519 2885 5.

87 2897 226 2928 Thessali
243 2898 374 2936 equites,
389 2902 420 2932 9,
442 2902 488 2927 19.

1459 88 1477 120 4
1485 86 1506 119 ί2
1512 89 1533 121 5

833 187 1001 216 Thessalici
1017 189 1174 226 equitatus
1192 190 1302 227 virtus,
1321 196 1373 224 42,
1391 198 1442 223 59.

834 231 1057 260 'l‘hessalonica
1081 233 1165 266 urb-3,
1182 238 1235 269 39,
1254 239 1303 264 27.
1328 240 1381 271 40,
1399 242 1426 265 4.
1452 237 1525 267 urbs

816 276 841 296 ὐ
878 275 1087 311 celeberrima,
1103 280 1156 311 45,
1170 281 1222 305 30.
1240 276 1351 306 ibidem
1370 284 1456 308 erant
1470 290 1524 309 na-

100 313 292 352 Themistns,
322 317 448 345 Gelonis
476 326 580 354 gener,
611 317 651 346 ob
674 317 792 346 sociata
827 331 840 339 ν

878 318 968 348 vilia.
986 321 1041 353 44,
1064 323 1110 347 10.
1141 324 1169 348 ct
1199 324 1249 349 32.
1274 321 1388 350 frustra
1403 332 1523 362 oppug-

879 365 971 388 natur
986 371 1004 389 ει
1021 363 1054 389 C.
1073 363 1205 399 Marcio,
1226 367 1270 391 10.
1290 364 1412 393 deditur
1425 368 1523 396 AEmi-

876 401 917 430 lin
937 404 1056 440 intuito,
1073 410 1123 435 45.
1143 408 1202 435 vicl.
1220 407 1315 436 etiam
1332 411 1384 441 42,
1403 412 1454 440 67.
1470 414 1522 446 44,

881 450 925 474 12.
946 452 997 483 45,
1014 452 1063 478 29.

833 488 1012 518 Thctidimn
1032 492 1041 518 1
1060 491 1197 520 harsalioe
1210 497 1308 528 terrm,
1324 498 1379 530 33,
1394 497 1424 524 6.
1447 504 1477 524 et
1495 502 1524 527 7.

832 532 1021 568 Theudoria,
1055 534 1127 562 urbs
1159 536 1369 573 Athamaxdae,
1404 542 1457 572 38,
1496 544 1521 570 1.

875 576 1053 605 Theudoria
1089 579 1286 615 expelluntur
1323 581 1521 620 Macedones,

876 619 905 646 ih
921 619 948 647 d.

831 661 983 693 Theuma,
1002 662 1099 697 vicus,
1115 669 1323 703 expugnatur,
1341 671 1395 705 32,
1416 671 1464 699 13.

832 705 1028 741 Thimarum,
1045 707 1207 743 oppidum,
1226 713 1281 746 32,
1301 714 1348 739 14.

831 748 950 784 Thoas,
975 752 1092 786 prix-tor
1106 751 1295 786 Aitolorurm
1319 756 1522 792 conqueritur

875 791 1004 828 injurias
1016 791 1240 831 Romanorum,
1256 799 1286 824 et
1302 805 1387 835 reges
1403 799 1440 827 ad
1458 800 1521 828 bel-

876 834 937 863 lum
954 834 1104 870 concitat,
1121 841 1175 872 35,
1195 842 1242 868 12.
1259 839 1396 869 mittitur
1411 841 1450 871 ab
1465 843 1523 872 AE-

874 878 946 906 tolis
963 878 1001 905 ad
1018 878 1226 916 Antiochum,
1242 886 1294 910 32.
1312 886 1366 918 36,
1385 888 1415 915 7.
1439 886 1521 915 frus-

874 924 922 948 tra
937 924 1039 949 tentat
1057 922 1250 961 Chalcidem,
1268 930 1322 961 35,
1341 931 1393 957 37.
1417 930 1520 958 Anni-

874 963 972 992 balem
995 965 1156 994 Antiocho
1172 973 1348 1006 suspectum
1368 971 1452 1007 facit,
1470 978 1521 1004 42.

872 1007 938 1043 ejus
954 1016 1022 1035 cum
1038 1008 1170 1037 Phaenea
1185 1013 1360 1048 contentio,
1377 1019 1428 1045 45.
1447 1018 1520 1046 mit-

872 1051 951 1078 titur
963 1051 1073 1079 iterum
1092 1052 1208 1086 legatus
1221 1054 1259 1083 ab
1270 1056 1384 1085 AEtolis
1401 1059 1436 1087 ad
1454 1061 1521 1090 An—

872 1093 1024 1125 tiochum,
1048 1097 1102 1129 36,
1128 1098 1177 1123 26.
1205 1106 1273 1126 eum
1292 1099 1348 1127 sibi
1366 1100 1433 1129 dedi
1450 1112 1521 1141 pos-

872 1136 976 1164 tulant
989 1136 1135 1173 Romani,
1147 1142 1201 1172 37,
1215 1144 1268 1169 45.
1284 1145 1338 1178 38,
1351 1147 1401 1171 38.

827 1177 962 1207 Thraces
986 1179 1140 1209 invadunt
1162 1182 1274 1211 Manlii
1290 1187 1472 1225 exercitum,
1491 1194 1522 1219 et

871 1223 979 1259 praedae
997 1228 1114 1261 partem
1132 1224 1275 1264 abigunt,
1291 1231 1405 1264 38,40.
1419 1233 1480 1261 vid.
1492 1239 1521 1262 ct

871 1267 922 1292 46.
950 1271 979 1293 ct
1003 1270 1052 1296 49.
1081 1271 1137 1302 39,
1160 1272 1184 1297 l.
1216 1278 1272 1298 eur
1287 1271 1390 1300 minus
1415 1275 1521 1307 infesti

870 1308 986 1336 fuerint
1001 1309 1150 1347 Scipioni.
1165 1315 1220 1348 38,
1236 1317 1287 1341 41.
1312 1314 1521 1348 adsumuntur

870 1350 901 1379 in
919 1352 1098 1381 societatem
1116 1363 1134 1381 a
1149 1354 1311 1393 Romanis,
1324 1362 1378 1395 42,
1402 1364 1447 1391 19.
1464 1371 1518 1392 eo-

870 1403 937 1422 rum
955 1404 1005 1423 rex
1023 1395 1130 1434 Cotys,
1149 1398 1206 1426 vid.
1226 1399 1332 1438 Cotys.

826 1435 962 1466 Thraces
975 1442 1119 1476 pugnant
1134 1439 1234 1479 longis
1251 1443 1448 1482 rhomphaeis‚
1462 1452 1517 1486 31,

869 1483 922 1509 39.
960 1491 1030 1510 cum
1056 1487 1151 1511 cantu
1173 1486 1326 1522 superfixa
1341 1493 1432 1527 capta
1448 1491 1520 1521 hos·

869 1522 948 1551 tium
966 1528 1106 1562 portant.
1124 1530 1178 1563 42,
1197 1530 1247 1555 60.

825 1564 972 1604 Thracia,
1002 1571 1055 1604 26,
1080 1573 1132 1599 25.
1161 1570 1192 1598 in
1216 1571 1380 1602 Thraciam
1404 1578 1518 1608 exerci-

868 1612 933 1638 tum
953 1611 1037 1639 ducit
1056 1613 1231 1651 Philippus.
1254 1615 1326 1645 thid.
1342 1626 1406 1647 eam
1423 1621 1517 1660 depo-

867 1653 1016 1689 pulantur
1032 1656 1126 1692 Galli,
1139 1661 1192 1690 44.
1210 1661 1260 1688 27.

824 1695 1015 1735 Thrasippus
1031 1698 1192 1737 Enlyesta„
1206 1701 1371 1738 prafectus
1394 1713 1515 1743 agema—

868 1740 908 1766 tis
922 1740 1128 1774 Macedonici,
1146 1747 1199 1776 42,
1210 1748 1263 1772 51.

824 1781 956 1816 Thraso,
974 1784 1135 1813 familiaris
1161 1786 1366 1826 HieronymO,
1386 1791 1516 1830 Syracu-

867 1834 1012 1855 sanorum
1032 1829 1106 1866 regi,
1126 1832 1178 1862 24,
1197 1834 1226 1859 5.
1243 1832 1423 1862 nominatur
1436 1836 1517 1866 inter

868 1869 1058 1906 conjuratos,
1084 1872 1157 1900 ibid.
1182 1874 1316 1904 traditur
1338 1877 1375 1904 ad
1399 1881 1515 1918 suppli-

867 1911 948 1941 cium
964 1913 1085 1950 insons,
1100 1915 1173 1943 iLz'cl.

825 1953 972 1991 Thrausi,
987 1965 1062 1991 gens
1079 1958 1248 1995 Thracum,
1265 1963 1321 1997 38,
1337 1966 1389 1990 41.

822 1997 1010 2036 Thronium,
1027 2004 1080 2034 32,
1104 2004 1156 2030 36.
1183 2006 1239 2038 33,
1264 2007 1292 2032 3.
1319 2009 1375 2044 35,
1392 2011 1442 2038 37.
1460 2012 1515 2047 36,

867 2045 916 2070 20.

824 2082 966 2120 Thnrim,
991 2084 1054 2114 sive
1076 2086 1203 2124 Thurii,
1219 2088 1291 2118 urbs
1316 2091 1348 2118 in
1365 2091 1513 2123 Sallenti-

868 2127 927 2159 nis,
944 2131 1044 2163 9,19.
1065 2132 1114 2166 10,
1130 2134 1158 2158 2.
1175 2135 1226 2165 25,
1249 2135 1297 2162 15.
1314 2137 1412 2168 27,1.

822 2170 969 2205 Thurini,
988 2171 1019 2199 in
1035 2172 1123 2201 fidem
1139 2173 1351 2206 Rmoanorum
1369 2179 1513 2217 redeunt,

867 2217 921 2248 25,
951 2217 977 2242 l.
999 2215 1150 2245 deficiunt
1174 2217 1211 2246 ad
1235 2218 1435 2254 Annibalem.
1466 2227 1512 2253 15.

865 2256 925 2284 v'd.
943 2260 972 2284 et
983 2261 1036 2293 27,
1057 2262 1085 2286 1.

823 2298 854 2327 in
883 2299 1059 2329 Thurinum
1086 2310 1191 2337 agrum
1218 2303 1340 2334 colonia
1366 2307 1511 2347 deducta,

865 2345 917 2374 34,
935 2347 986 2371 53.

822 2384 997 2414 'l'huribula
1012 2386 1205 2424 antejauuas
1214 2390 1326 2427 posita,
1338 2401 1432 2429 quum
1447 2404 1510 2423 ma-

865 2432 912 2456 ter
924 2428 1027 2457 Deum
1044 2430 1073 2458 in
1083 2431 1188 2459 urbem
1202 2432 1380 2471 inferretur,
1393 2440 1445 2472 29,
1463 2441 1510 2467 14.

821 2470 974 2509 Thurrus,
988 2473 1047 2500 vid.
1064 2473 1192 2502 Turrus.

822 2513 911 2543 Thus
940 2515 1062 2551 publice
1092 2516 1123 2545 in
1151 2518 1307 2548 sacrificiis
1332 2521 1511 2560 praebitum,

868 2560 917 2591 ιο,
936 2561 985 2586 23.

821 2599 985 2637 Thyatira,
1015 2601 1176 2638 oppidum,
1199 2607 1252 2636 37,
1278 2608 1304 2632 S.
1329 2607 1381 2635 21.
1404 2610 1434 2634 ct
1455 2611 1508 2638 37.

863 2652 894 2670 se
910 2643 994 2672 dedit
1011 2644 1175 2681 Romanis,
1190 2649 1242 2674 44.

819 2685 998 2724 Thymbris‚
1013 2686 1125 2715 fluvius
1142 2688 1311 2726 Bithyniae,
1327 2693 1381 2725 38,
1402 2694 1451 2720 18.

818 2729 984 2767 Thyrium‚
1003 2730 1065 2757 sive
1081 2730 1229 2767 Tyrenm,
1252 2731 1399 2768 oppidum
1412 2734 1510 2764 Acar-

862 2772 976 2808 naniae,
993 2774 1109 2804 36,11.
1125 2776 1154 2800 et
1174 2775 1221 2801 12.
1234 2776 1289 2809 38,
1305 2777 1336 2804 9.

816 2815 1017 2852 Thyrienses,
1031 2816 1086 2849 36,
1105 2818 1153 2842 12.

817 2857 946 2894 Thyrsis
979 2857 1102 2893 quidam
1127 2856 1306 2886 Stuberaeus
1328 2860 1508 2893 intercludit

863 2900 1023 2928 Demetrio
1037 2900 1193 2937 spiritum,
1211 2904 1264 2938 40,
1281 2905 1333 2934 24.
