1831 3194
450 106 1004 146 LIBRORDEPERD.
1375 115 1451 147 955

39 218 127 271 peii
147 219 188 258 in
211 220 333 259 vicem
356 220 507 260 missas.
561 217 748 264 Queritur
770 216 971 266 Metellus,
992 215 1023 238 ⁶²
1033 217 1208 270 gloriam
1229 216 1303 256 sibi
1323 231 1449 259 rerum

41 281 244 329 gestarum
274 290 300 315 a
325 276 516 329 Pompeio
527 274 715 328 proeripi,
738 274 807 326 qui
835 274 879 312 in
904 273 1066 314 Cretam
1095 274 1241 313 miserit
1273 274 1450 327 legatum

45 346 154 372 suum
184 334 241 372 ad
267 333 520 386 accipiendas
549 330 704 371 urbium
725 330 960 371 deditiones.
1020 331 1234 383 Pompeius
1253 331 1451 372 rationem

48 390 187 437 reddit,
210 391 283 430 hoc
304 391 495 444 sefacere
516 388 704 429 debuisse.

720 499 781 553 C.

107 618 152 659 C.
177 618 378 660 Manilius
399 618 577 659 tribunus
596 616 724 669 plebis
752 629 901 669 magna
923 616 1205 669 indignatione
1226 617 1453 658 nobilitatis

50 675 176 729 legem
213 675 315 724 tulit,
347 682 390 716 ut
420 675 614 728 Pompeio
648 673 968 713 Mithridaticum
1004 674 1144 713 bellum
1177 676 1452 714 mandaretur.

46 731 81 754 ⁶2
96 732 243 772 Concio
284 732 365 785 ejus
403 734 519 772 bona.
584 732 634 778 Q.
674 730 877 779 Metellus,
916 732 1151 782 perdomitis
1190 732 1451 779 Cretensibus,

50 788 191 829 Iibera‘
221 790 264 829 in
296 790 341 829 id
368 795 518 842 tempus
552 789 694 828 insula?
722 788 825 840 leges
855 788 979 827 dedit.
1042 789 1116 828 Cn.
1140 789 1367 841 Pompeius,
1399 791 1456 829 ad

49 846 270 899 gerendum
301 846 446 886 bellum
475 847 663 886 adversus
694 843 972 884 Mithridatem
998 843 1216 897 profectus,
1248 860 1335 885 cum
1366 860 1455 899 rege

47 903 294 943 Parthorum
315 904 501 943 Phraate
522 902 742 943 amicitiam
764 902 985 950 renovavit,
1009 904 1183 955 equestri
1194 904 1343 955 proelio
1366 903 1455 943 Mi-

46 959 265 1000 thridatem
287 961 400 1001 vicit.
448 961 657 1000 Praeterea
678 958 819 998 bellum
844 959 947 998 inter
968 959 1188 999 Phraatem
1210 960 1456 1000 Parthorum

48 1031 194 1069 regem,
223 1024 261 1057 et
288 1017 504 1070 Tigranem
535 1015 826 1063 Armeniorum,
858 1029 906 1055 ac
935 1016 1080 1055 deinde
1109 1017 1213 1057 inter
1239 1017 1457 1071 Tigranem

31 1073 176 1127 filium
194 1080 430 1128 patremque
446 1080 616 1128 gestum,
639 1072 823 1113 continet.

704 1186 795 1239 CI.

110 1304 181 1345 Cn.
202 1305 418 1357 Pompeius
437 1304 743 1352 Mithridatem,
767 1309 957 1344 nocturno
986 1302 1124 1355 praelio
1143 1303 1304 1352 victum,
1326 1305 1458 1358 coegit

51 1362 256 1415 Bosporon
274 1362 503 1416 profligere.
566 1360 786 1416 Tigranem
808 1361 852 1400 in
872 1361 1117 1400 deditionem
1138 1362 1305 1413 accepit,
1328 1362 1456 1414 eique,

50 1419 217 1460 ademtis
247 1419 377 1473 Syria,
405 1419 610 1466 Phaenice,
645 1418 808 1465 Cilicia,
840 1431 1004 1470 regnum
1035 1417 1236 1457 Armeniae
1263 1419 1458 1458 restituit.

53 1474 289 1529 Conjuratio
310 1490 452 1525 eorum,
471 1476 538 1529 qui
558 1476 601 1515 in
616 1474 818 1528 petitione
839 1475 1064 1514 consulatus
1083 1473 1255 1514 ambitus
1275 1475 1460 1515 damnati

51 1539 178 1581 erant,
197 1533 324 1586 sacta
359 1534 408 1572 de
442 1531 725 1582 interficiendis
760 1531 994 1581 consulibus,
1027 1530 1213 1583 obpressa
1247 1537 1316 1572 est.
1386 1531 1458 1572 Cn.

53 1590 282 1641 Pompeius,
305 1604 422 1643 quum
444 1589 727 1630 Mithridatem
742 1594 1058 1640 persequeretur,
1081 1588 1125 1628 in
1156 1588 1323 1627 ultimas
1343 1589 1459 1642 igno-

55 1653 192 1701 tasque
219 1653 358 1700 gentes
382 1646 627 1699 penetravit.
688 1644 822 1684 Iberos
851 1644 1120 1698 Albanosque,
1151 1644 1221 1697 qui
1252 1646 1459 1686 transitum

51 1717 133 1743 non
163 1704 330 1754 dabant,
345 1703 489 1756 praelio
518 1703 632 1744 vicit.
693 1702 907 1742 Praeterea
921 1701 1075 1755 jugam
1098 1701 1360 1742 Mithridatis
1383 1716 1461 1754 per

53 1761 229 1809 Colchos,
246 1760 565 1814 Heniochosque,
587 1767 625 1801 et
645 1773 706 1801 res
725 1758 776 1798 ab
797 1772 842 1798 eo
861 1759 906 1799 in
926 1759 1110 1812 Bosporo
1123 1764 1260 1812 gestas
1278 1760 1463 1800 continet.

699 1883 818 1936 CII.

115 2001 187 2043 Cn.
212 2001 420 2053 Pompeius
440 2001 481 2041 in
500 2000 707 2052 provinciae
716 1998 894 2052 sormam
914 2000 1088 2039 Pontum
1107 1999 1275 2053 redegit.
1326 1998 1466 2038 Phar-

56 2072 184 2105 naces,
194 2057 312 2107 filius
334 2057 610 2106 Mithridatis,
627 2057 768 2097 bellum
784 2057 894 2109 patri
915 2057 1064 2097 intulit.
1097 2056 1159 2096 Ab
1174 2071 1218 2097 eo
1234 2055 1464 2095 Mithrida-

55 2121 114 2155 tes
132 2114 303 2155 obsessus
332 2115 374 2154 in
403 2114 526 2167 regia,
549 2128 665 2167 qzcum
685 2127 828 2154 veneno
853 2119 977 2153 sumto
989 2126 1141 2165 parum
1155 2111 1389 2165 profecisset
1409 2116 1466 2154 ad

55 2177 229 2220 mortem,
251 2185 276 2209 a
307 2170 436 2211 milite
459 2171 593 2218 Gallo,
615 2171 776 2211 nomine
793 2169 827 2193 ⁶³
840 2171 1006 2218 Bitoeto,
1028 2184 1055 2209 a
1076 2183 1166 2223 quo,
1189 2176 1233 2210 ut
1253 2169 1466 2223 adjuvaret

56 2242 111 2276 se,
135 2228 328 2281 petierat,
351 2225 577 2278 interfectus
612 2234 678 2267 est.
740 2227 814 2268 Cn.
848 2227 1063 2280 Pompeius
1089 2228 1254 2269 Judceos
1286 2227 1435 2280 subegit
1451 2246 1463 2266 .-

43 2285 199 2339 fanum
222 2299 353 2325 eorum
375 2286 420 2325 in
440 2284 742 2339 Hierosolyma,
763 2284 996 2325 inviolatum
1017 2284 1074 2324 ad
1094 2284 1140 2324 id.
1160 2290 1323 2337 tempus,
1345 2285 1464 2336 cepit.

101 2418 140 2448 61
167 2418 298 2449 Gloriam
319 2429 419 2449 rerum
445 2421 480 2449 ab
506 2430 533 2449 se
553 2425 702 2460 gestarum
723 2431 742 2448 a
785 2418 934 2449 mandus:
963 2419 1088 2459 gloriam
1113 2420 1165 2448 sibi
1193 2429 1289 2448 rerum
1316 2424 1465 2458 gestarum

62 2461 194 2500 Pompeio
206 2462 366 2502 praeterirz']
406 2462 511 2502 Vulgo
544 2462 594 2492 hic
630 2461 741 2502 legitur
784 2473 803 2490 a
821 2462 954 2501 Pompeio
966 2462 1097 2500 praeripi.

59 2515 79 2533 a
94 2503 227 2543 Pompeio
241 2505 382 2534 sublatamv
403 2506 561 2543 prater-iri.
602 2504 665 2535 Sed
679 2509 741 2534 tes·
828 2505 869 2534 62
895 2506 1001 2535 Cone-io
1023 2506 1087 2543 ejus
1109 2503 1195 2544 bona]
1243 2503 1305 2533 Hic
1329 2502 1466 2544 suspica-

61 2550 143 2576 tatur
181 2546 356 2577 Gronovius
392 2546 595 2588 penultimam
634 2557 741 2577 vocem
786 2556 853 2576 mur
875 2546 994 2587 aliquid
1018 2557 1084 2577 esse
1100 2545 1177 2576 vitii.
1222 2546 1283 2576 Sed
1307 2545 1394 2588 parvi
1419 2556 1467 2576 res

62 2588 170 2618 abesse
185 2589 224 2618 ab
241 2589 360 2630 aliquot
375 2589 470 2620 MSS.
495 2590 606 2630 Itaque
626 2600 695 2620 eam
710 2594 745 2619 ut
788 2594 846 2620 est.

62 2640 285 2671 supervacuam
315 2637 345 2662 et
374 2632 582 2672 inelegantem
609 2631 743 2663 resecui-
831 2632 871 2662 63
896 2631 1024 2671 Bituito]
1044 2631 1127 2661 Ante
1143 2630 1301 2671 Sigonium
1316 2629 1367 2659 hic
1383 2629 1466 2668 lege-

62 2683 140 2702 mus.
198 2673 400 2704 Manifestum
442 2680 488 2705 est
530 2674 676 2705 mendum
712 2674 745 2705 in
787 2674 878 2704 batur
902 2673 1029 2703 Bithoco.
1075 2674 1135 2704 Ille
1161 2673 1210 2703 edi
1234 2672 1325 2713 jussit
1350 2671 1466 2706 Βίτανῑο,

65 2715 157 2745 verbo
180 2717 332 2753 proeteriri.
377 2718 437 2747 Pro
461 2727 497 2747 eo
520 2717 603 2748 idem
624 2717 743 2748 Grono-
789 2716 863 2758 quia
883 2716 965 2757 apud
981 2716 1160 2757 Appianum
1175 2721 1301 2746 vocatur
1323 2713 1373 2742 hic
1390 2712 1467 2743 Gal-

66 2757 134 2787 vius
155 2756 280 2797 subjicit
301 2759 447 2798 intercipi.
489 2759 551 2790 Sed
573 2770 669 2800 quum
685 2759 745 2790 duo
788 2760 836 2790 lus
852 2758 988 2792 Βῖτοιτος.
1033 2759 1094 2789 Sed
1111 2757 1266 2789 Gallicum
1292 2765 1402 2785 nomen
1422 2760 1469 2784 est

64 2799 186 2830 codices
223 2799 358 2830 habeant
390 2803 514 2840 gloriam
550 2803 602 2832 sibi
635 2813 745 2838 rerum,
791 2802 932 2837 Bituitus,
963 2800 1116 2842 quomodo
1151 2798 1377 2830 Freinshemius
1413 2807 1467 2827 ex-

66 2847 148 2872 totus
169 2841 219 2872 hic
245 2842 330 2873 locus
353 2842 471 2875 videtur
496 2844 597 2886 potius
620 2845 664 2875 sic
687 2845 745 2875 for·
790 2844 909 2886 pressit,
925 2844 1004 2875 infra
1019 2853 1047 2874 c.
1064 2844 1115 2873 55.
