1805 3174
461 89 541 125 DE
587 86 1125 130 PONDERIBUS‚&c.
1456 91 1517 127 ciii

119 197 252 238 Libra
272 198 463 238 Romana
484 205 524 238 et
546 196 658 237 mina
679 196 839 245 Attica,
863 197 1080 237 unciarum
1104 195 1398 239 Paris-{ensium
1418 200 1507 253 123.
1525 210 1687 240 ludicutus

118 254 256 295 Uncia
278 255 482 304 Romana,
502 268 729 308 granorum
752 252 847 294 600.
1523 255 1699 292 ponderum

118 311 342 361 Denarius,
360 312 391 351 si
410 312 461 352 ad
479 326 661 351 severam
684 311 998 352 aestimationem
1017 310 1269 365 exigeretur,
1283 326 1507 366 granorum
1522 305 1723 378 ffiffiffl‘g'w,

62 383 150 408 esse
164 368 366 409 debuerat
383 370 449 411 75.
468 368 539 408 sed
561 368 662 423 quia
684 383 761 408 usu
786 377 999 423 receptum
1017 368 1169 416 fuerat,
1193 376 1240 409 ut
1258 376 1424 409 centum
1442 368 1510 409 de·
1524 387 1626 411 terum
1644 392 1683 411 vx

60 425 165 465 narii
196 426 238 465 in
270 425 415 465 libram
447 425 771 480 imputarentur,
794 425 964 466 habitus
994 433 1055 465 est
1085 440 1110 465 a
1137 425 1255 465 nobis
1285 440 1509 480 granorum
1526 426 1638 473 ¹¹⁰⁸&ss
1650 434 1728 462 1’011·

61 482 352 522 tantummodo
374 483 439 524 72.
1525 469 1709 540 ῗῇἷζξζζξω

119 539 331 579 Draclnna
350 554 426 594 par
447 547 637 580 censetur
657 539 839 579 denario.
1524 563 1610 584 tum.

119 596 360 646 QuinariuS,
382 611 608 651 granorum
630 595 697 637 36.

120 653 358 703 Sestertius,
379 668 605 707 granorum
628 654 694 693 18.

119 709 380 760 Sestertium,
403 711 488 751 sive
515 710 627 751 mille
656 711 891 760 nummum,
921 725 1152 751 marcarum
1183 710 1344 766 argenti
1376 707 1414 751 3.
1439 726 1514 751 un-

58 767 219 807 ciarum
241 768 277 810 7.
300 782 526 823 granorum
548 768 643 807 144.

118 824 347 866 Talentum
370 825 581 875 Atticum,
604 839 836 866 marcarum
858 824 1018 879 argenti
1041 825 1108 868 93.
1133 824 1350 865 unciarum
1373 823 1411 865 6.

115 881 195 930 As,
224 881 414 937 quandiu
445 881 540 922 deni
572 881 804 931 denarium,
835 881 922 922 bini
953 896 1049 922 cuin
1079 882 1246 922 semisse
1277 882 1512 922 sestertium

57 938 347 988 conficiebant,
379 939 609 980 aestimatus
639 955 662 979 a
693 939 811 979 nobis
840 947 902 980 est
931 939 1072 993 granis
1101 939 1262 993 argenti
1294 939 1360 989 72¹5:
1402 947 1515 994 post-

58 1010 236 1050 eaquam
267 995 451 1036 senideni
473 997 515 1036 in
536 995 769 1046 denarium,
792 992 984 1051 quaterni
1006 996 1048 1036 in
1072 992 1307 1036 sestertium
1340 996 1513 1051 conjecti

58 1060 172 1101 sunt,
194 1053 334 1108 granis
354 1053 516 1108 argenti
539 1053 602 1103 [ἑὲ.

118 1110 225 1150 Haec
246 1109 365 1150 nobis
386 1110 608 1150 aestimatio
629 1125 679 1150 ex
702 1109 935 1165 ponderum
958 1108 1116 1149 ratione
1139 1108 1319 1148 suffecit:
1364 1109 1407 1148 in
1430 1124 1515 1164 qua

59 1166 93 1206 si
114 1167 189 1220 qui
217 1167 271 1207 ob
298 1167 560 1207 insolentiam
590 1166 764 1207 fortasse
794 1166 1030 1214 haerebunt,
1053 1173 1093 1205 et
1115 1164 1299 1220 aliquam
1331 1165 1515 1205 obscuri-

60 1223 158 1264 tatis
179 1223 427 1264 nubeculam
459 1238 671 1279 superesse
702 1231 947 1278 querentur,
972 1223 1325 1276 Turonensesque
1355 1221 1515 1262 libellas

58 1287 101 1320 et
129 1280 295 1330 solidos,
318 1281 481 1321 notiora
510 1281 691 1330 nomina,
723 1280 1036 1329 desiderabunt,
1064 1279 1114 1319 iis
1144 1278 1389 1318 facillimum
1420 1279 1514 1328 erit,

59 1335 233 1378 definito
261 1337 385 1377 semel
414 1337 458 1377 in
494 1336 645 1377 libellis
673 1336 900 1392 solidisque
934 1335 1254 1376 Turonensibus
1281 1350 1515 1375 marcarum

59 1393 152 1433 auri
173 1401 215 1434 et
235 1394 397 1448 argenti
427 1394 578 1449 pretio,
600 1394 653 1435 ad
678 1393 785 1434 illud
814 1392 1001 1449 pondera
1030 1407 1127 1447 quae
1154 1391 1196 1431 in
1226 1392 1335 1432 notis
1364 1392 1516 1432 nostris

59 1465 255 1506 expressa
273 1451 501 1506 repererint
523 1451 700 1506 exigere.

120 1508 318 1563 Superest
340 1516 388 1548 ut
410 1507 572 1563 aliquid
593 1508 645 1548 de
661 1507 865 1548 mensuris
886 1506 1019 1561 longis
1041 1514 1081 1546 et
1098 1505 1208 1545 cavis
1228 1505 1412 1546 breviter
1433 1504 1513 1545 dis·
1527 1516 1580 1544 DJ:
1601 1523 1688 1544 Μεκ-

60 1579 257 1605 seramus.
320 1565 497 1605 Initium
527 1564 595 1604 hic
616 1580 641 1605 a
659 1564 780 1620 pede,
803 1562 1159 1620 quemadmodum
1186 1562 1229 1603 in
1257 1561 1641 1618 ponderibussffls·

61 1637 86 1661 a
106 1621 226 1670 libra,
248 1620 486 1662 faciendum
507 1621 688 1662 videtur.

119 1679 199 1718 Pes
221 1679 438 1719 Romanus
470 1678 735 1734 Capitolinus
755 1678 808 1718 ab
833 1676 1162 1733 diligentissimis
1192 1675 1339 1717 talium
1370 1690 1512 1716 rerum
1528 1683 1586 1713 Pes
1603 1685 1720 1713 Roma-

59 1734 392 1790 indagatoribus,
410 1735 483 1776 sed
498 1744 539 1777 et
562 1735 960 1776 Mathematicarum
981 1733 1294 1789 disciplinarum
1316 1733 1514 1787 peritissi-
1526 1736 1586 1755 '¹¹¹³
1603 1728 1699 1756 unde-

61 1792 140 1832 mis
160 1792 274 1843 vlris,
293 1792 472 1833 Pieardo
493 1801 533 1833 et
555 1793 762 1842 Auzutio,
780 1808 847 1832 ma
877 1806 931 1831 na
946 1805 1041 1831 cum
1063 1805 1163 1830 cura
1178 1790 1436 1839 observatus,
1453 1790 1514 1829 in-
1525 1770 1676 1850 {limaz

61 1856 212 1890 ventus
233 1857 294 1890 est
314 1857 454 1905 partes
468 1850 622 1890 habere
643 1848 738 1896 653.
753 1849 819 1889 vel
869 1850 961 1900 535.
980 1847 1124 1903 quales
1144 1862 1217 1902 pes
1237 1854 1376 1887 noster
1399 1847 1514 1886 Pari-
1528 1856 1624 1885 Pam.

61 1906 205 1947 siensis
234 1906 361 1947 habet
383 1907 483 1949 720:
515 1922 562 1947 ac
582 1906 758 1962 proinde
787 1921 870 1946 non
900 1913 1010 1946 totos
1040 1904 1191 1944 habere
1213 1903 1404 1943 undecim
1428 1903 1515 1958 pol-

63 1962 161 2003 lices
192 1963 457 2014 Pansienses,
489 1964 682 2019 quamvis
712 1963 764 2004 ab
795 1963 845 2003 iis
875 1976 1025 2018 parum
1055 1961 1178 2011 absit,
1209 1975 1358 2015 nempe
1389 1959 1516 2015 paulo

61 2019 159 2076 plus
179 2034 264 2060 una
293 2019 454 2060 decima
483 2020 644 2076 pollicis
664 2028 795 2076 parte.
858 2020 953 2060 Hoc
980 2018 1202 2058 discrimen
1232 2017 1340 2058 inter
1362 2016 1516 2057 Roma-

62 2091 163 2117 num
184 2084 495 2133 nostratenlque
515 2077 642 2133 pedes
661 2076 776 2117 haud
805 2091 900 2117 sane
921 2090 1099 2131 parvum
1128 2082 1200 2115 est.
1264 2074 1426 2114 Tamen
1447 2088 1516 2129 pe-

63 2133 158 2174 dem
190 2134 444 2184 Romanum,
466 2142 508 2175 et
538 2135 628 2190 ejus
657 2142 812 2189 partes,
843 2142 884 2174 et
914 2132 1082 2172 omnino
1112 2145 1326 2171 mensuras
1356 2129 1514 2185 longas,

63 2198 217 2246 praeter
239 2190 422 2231 stadium
443 2199 484 2232 et
504 2191 695 2241 milliare,
717 2190 771 2230 ad
792 2190 921 2230 nostri
942 2188 1062 2245 pedis
1082 2188 1186 2243 regii
1208 2186 1379 2227 modum
1401 2202 1517 2227 revo-

62 2262 156 2287 care
177 2247 220 2287 in
239 2247 349 2288 notis
369 2248 645 2303 negleximus,
665 2255 887 2303 propterea
914 2244 1030 2301 quod
1050 2260 1125 2285 nec
1147 2244 1252 2286 tanti
1273 2259 1359 2284 esse
1380 2243 1515 2284 visum

64 2312 141 2353 est,
163 2312 204 2345 et
224 2319 289 2344 res
310 2304 518 2345 facillima.

124 2361 205 2401 Sed
234 2376 373 2416 operae
402 2362 585 2416 pretium
616 2369 677 2402 est
705 2375 823 2401 nosse
850 2374 977 2416 quam
1009 2358 1211 2400 rationem
1241 2357 1441 2398 haberent
1462 2355 1516 2396 ad

63 2417 212 2473 pedem
233 2426 381 2458 ceterae
401 2419 673 2473 antiquorum
693 2432 910 2458 mensurae.

123 2475 202 2515 Pes
231 2475 448 2515 Romanus
478 2474 684 2515 dividitur
703 2474 747 2515 in
767 2482 951 2530 quatuor
980 2472 1154 2529 palmos,
1177 2470 1399 2512 duodecim
1427 2468 1515 2525 pol-
1531 2476 1621 2525 Pedi?-
1637 2477 1700 2505 Ro-

64 2530 176 2580 lices,
199 2531 353 2586 digitos
374 2532 564 2573 sedecim.
1529 2528 1614 2589 {32⁰¹
1632 2528 1700 2556 “³“

123 2587 320 2639 Cubitus,
341 2589 385 2629 in
406 2589 511 2630 duas
533 2588 775 2644 spithamas,
798 2603 869 2628 sex
889 2587 1063 2643 palmos,
1081 2586 1222 2627 decem
1244 2593 1285 2625 et
1305 2591 1399 2624 octo
1427 2581 1515 2637 pol·
1531 2583 1663 2633 cu'bitus
1678 2613 1733 2641 par

65 2643 177 2693 lices,
200 2652 383 2699 quatuor
403 2654 444 2687 et
465 2645 616 2701 viginti
636 2645 803 2700 digitos.
866 2645 1020 2699 Itaque
1042 2643 1211 2684 cubitus
1231 2655 1307 2696 par
1328 2647 1416 2679 erat
1437 2654 1516 2679 ses-
1529 2648 1719 2685 sesquipedi.

65 2701 254 2756 (1111110111.
1433 2750 1441 2759 ⁴

102 2758 109 2761 ‘⁷
122 2759 151 2797 J
156 2772 334 2812 ugerum
355 2766 473 2800 actus
488 2758 595 2801 duos
615 2758 844 2815 quadratos
864 2757 1117 2806 continebat,
1135 2767 1317 2810 quorum
1339 2749 1516 2816 quillbet
1530 2759 1549 2789 J
1555 2768 1697 2799 ugerum.

67 2822 236 2856 centum
257 2823 299 2857 et
314 2814 464 2870 viginti
479 2815 605 2871 pedes
621 2822 961 2872 quaquaversum
977 2812 1171 2855 habebat.
1233 2811 1386 2864 Itaque
1397 2822 1520 2864 juge—

816 2890 892 2924 04·
