1831 3194
527 68 902 105 Hls'romAnUM
935 70 1140 111 Limnos.

115 173 333 210 Piucinnatns,
349 175 411 206 vfd.
429 175 591 208 Quintius.

116 217 226 245 Cincin.
249 218 294 246 lox
314 219 350 246 de
366 219 454 248 (lonis
478 223 509 249 et
531 221 725 258 muneribus,
741 226 795 259 34,

154 264 186 289 4.

112 303 254 338 Cincius,
263 304 390 339 diligens
403 307 596 335 vetustorum
609 316 792 338 monumen-

152 350 255 374 torum
272 351 392 384 auctor,
411 352 441 381 7.
459 352 488 377 3.
506 349 583 378 Idem
599 352 653 387 qni

110 390 146 420 L.
163 390 290 418 Cincius
307 391 495 427 Alimentus,
513 396 620 431 captus
637 394 676 423 ab
693 396 794 424 Anni-

152 431 233 467 bale,
257 437 309 465 21,
332 438 383 462 38.
408 438 532 472 proetor,
559 439 611 469 26,
630 441 680 466 23.
704 439 731 467 ci
754 440 792 468 ad

149 476 351 505 obtinendam
369 477 502 507 Siciliam
517 479 696 509 Cannenses
711 483 791 511 mili-

149 521 195 547 tes
209 519 284 553 dati,
296 523 346 549 28.
360 520 390 548 in
404 530 521 550 annum
535 527 719 562 prorogatur
732 525 790 554 im-

148 562 280 599 perium,
300 566 354 597 27,
370 568 400 594 7.
417 565 550 602 legatuS,
567 570 618 596 29.

105 604 152 633 M.
171 602 300 634 Cincius
317 606 508 643 Alimentus,
523 609 789 649 tribunusplebis,

146 648 184 676 ad
201 648 375 686 Scipionem
393 651 540 684 mittitur,
559 657 611 684 29,
630 658 680 681 20.

102 690 147 719 Μ.
159 691 297 728 Cincius,
312 694 474 730 praefectus
484 695 575 732 Pisis,
587 696 623 724 dc
635 697 786 733 Ligurum

144 735 360 772 conjuratione
377 738 414 766 ad
430 741 572 768 senatum
594 740 713 778 scribit,
731 744 786 779 34,

144 780 194 806 56.

102 819 231 854 Cimbri,
249 821 334 861 Epit.
350 826 400 852 6³.
418 826 469 853 (38.

99 864 292 893 cimbricum
310 866 436 900 bellum,
455 867 539 905 Epit.
557 867 607 897 67.
625 871 677 898 68.

101 903 234 936 Cinctus
251 909 406 947 Gabinus,
423 915 454 946 5,
471 914 525 940 46.
543 915 573 947 Θ,
590 916 619 942 9.

98 949 245 986 Cingilia,
264 954 411 991 oppidum
428 954 642 990 Vestinorum,
661 957 782 995 capitur

139 1002 157 1021 a
173 993 336 1030 Romanis,
355 1001 386 1030 8,
404 1001 456 1028 29.

95 1034 207 1071 Cinna,
224 1039 287 1067 vicl.
304 1039 478 1074 Cornelius,
496 1045 525 1069 ct
542 1041 687 1071 Helvius.

95 1078 197 1114 Circe,
221 1081 301 1118 Dea,
325 1091 343 1111 a
366 1092 427 1121 qua
453 1083 604 1113 oriundus
627 1085 778 1114 Octavius

136 1123 296 1153 Mamilius
312 1126 521 1162 Tusculanus,
544 1132 571 1162 1,
588 1132 639 1158 49.

92 1166 214 1199 Circeii,
237 1171 264 1204 1,
282 1171 332 1197 56.
351 1174 381 1206 2,
398 1174 449 1201 39.
470 1170 598 1200 colonos
617 1171 776 1201 Romanos

132 1209 204 1239 inde
227 1212 353 1248 expellit
375 1213 511 1242 Marcius
531 1214 729 1250 Coriolanus,
745 1218 776 1244 ct

132 1252 237 1283 urbem
250 1254 372 1284 Volscis
387 1257 496 1292 tradit,
511 1257 584 1286 ibid.
599 1258 659 1287 vicl.
676 1262 707 1286 ct
723 1263 775 1293 27,

130 1300 162 1326 9.
185 1301 238 1330 29,
267 1301 312 1326 15,
341 1300 377 1328 de
406 1299 542 1334 Circeiis,
569 1301 651 1338 quod
682 1311 774 1339 pecu-

131 1339 214 1369 niam
239 1340 414 1380 militesque
438 1343 586 1372 Romanis
610 1349 773 1384 negarant,

129 1386 450 1419 senatusconsultum,
467 1387 540 1416 ibid.

87 1425 276 1456 Circeienses
298 1429 471 1459 moliuntur
493 1429 714 1469 defectionem,
737 1433 770 1469 6,

132 1473 182 1499 12.
197 1474 226 1498 ct
243 1475 295 1500 21.

86 1512 230 1542 circense
246 1513 410 1549 ludicrum,
427 1518 482 1552 44,
498 1520 528 1547 9.

84 1555 277 1586 Circensium
300 1557 442 1588 ludorum
466 1567 604 1589 crescens
627 1559 769 1599 magnifi-

127 1599 243 1636 centia,
259 1604 314 1636 44,
335 1605 383 1630 18.

85 1641 192 1671 Circus
209 1643 414 1682 Apollinaris,
429 1649 461 1678 3,
479 1647 532 1675 63.

101 1701 144 1709 -
159 1686 344 1722 Flaminius,
360 1691 394 1723 3,
409 1691 459 1716 54.
479 1692 531 1723 27,
549 1691 598 1717 21.
616 1687 649 1717 in
664 1697 700 1718 eo
716 1696 768 1718 ara

127 1728 283 1767 Neptuni,
302 1734 355 1766 28,
376 1735 424 1761 ll.

101 1785 144 1794 ·—
160 1772 338 1802 Maritimus
354 1774 436 1812 apud
454 1773 621 1807 Hernicos,
638 1778 668 1809 9,
686 1779 737 1805 42.

99 1831 142 1839 -
158 1815 327 1852 Maximus,
343 1826 360 1845 a
371 1817 543 1855 Tarquinio
557 1818 659 1846 Prisco
672 1818 765 1847 aedifi-

120 1861 220 1892 catus,
239 1863 267 1897 1,
279 1864 332 1889 35.
345 1861 428 1889 foros
444 1861 475 1889 in
493 1869 530 1890 eo
545 1860 620 1889 facit
632 1861 765 1899 Tarqui-

120 1901 192 1930 nius
205 1901 376 1942 Superbus,
390 1906 438 1932 56.
453 1904 485 1932 in
497 1913 534 1932 eo
547 1903 648 1932 factus
661 1904 763 1934 fornix

119 1945 158 1973 de
168 1946 340 1982 manubiis,
349 1952 378 1975 et
391 1946 503 1975 fornici
516 1947 662 1986 imposita
673 1948 764 1987 signa

119 1992 238 2024 aurata,
254 1993 309 2025 33,
322 1993 372 2020 27.
389 1990 478 2028 signa
499 1990 532 2019 in
555 1999 604 2027 eo,
619 1999 689 2020 cum
709 2001 761 2021 co-

118 2029 248 2064 lumnis,
265 2032 378 2070 quibus
401 2033 634 2072 superstabant,
650 2035 762 2064 evertit

117 2077 206 2103 atrox
221 2078 402 2113 tempestas,
420 2079 474 2112 40,
491 2080 520 2105 2.

76 2115 108 2144 in
125 2116 215 2146 Circo
230 2127 364 2148 carceres
385 2119 510 2157 quando
534 2119 668 2158 primunr
696 2122 760 2149 sta-

115 2160 192 2197 tuti,
214 2165 243 2192 8.
261 2165 313 2191 20.
336 2171 405 2194 ova,
426 2165 480 2195 41,
501 2166 554 2191 82.
578 2163 610 2191 in
633 2172 670 2192 eo
694 2163 758 2193 ludi

114 2212 169 2240 per
184 2204 384 2242 quatriduum
402 2205 490 2242 facti,
505 2209 560 2242 80,
576 2209 627 2236 27.
667 2206 758 2236 Circo

114 2245 280 2283 inundato,
294 2248 358 2277 ludi
374 2248 569 2287 Apollinares
585 2251 672 2278 extra
686 2259 757 2288 por-

112 2291 177 2318 tam
196 2290 350 2320 Collinam
366 2292 480 2331 parati,
496 2295 550 2327 30,
567 2296 620 2321 33.

73 2330 196 2371 Cirrha,
213 2337 267 2371 42,
284 2337 332 2362 15.

72 2372 172 2412 Cirta,
198 2380 251 2410 29,
276 2381 328 2406 32.
357 2380 451 2416 caput
478 2377 565 2416 regni
592 2377 754 2416 Syphacis,

111 2422 166 2453 30,
185 2422 232 2448 12.
250 2429 282 2448 se
297 2421 381 2449 dedit
395 2421 583 2456 Masinissae,
597 2421 671 2449 ibici.
688 2431 754 2452 earn

111 2461 288 2492 Masinissae
304 2463 400 2493 donat
417 2463 535 2503 Scipio,
549 2467 602 2494 44.
617 2464 755 2503 obsessa,

111 2503 197 2541 Epit.
214 2508 266 2534 64.

69 2544 246 2585 Cistophori
265 2549 398 2585 nummi,
415 2554 470 2586 37,
482 2551 534 2579 46.
550 2554 603 2584 39,
620 2553 651 2581 7.

69 2587 307 2628 Circumpadani
324 2592 436 2631 campi,
453 2597 506 2626 21,
522 2597 574 2622 35.

69 2630 170 2669 Cirta,
194 2638 286 2671 caput
309 2636 395 2674 regni
420 2636 581 2675 Syphacis,
599 2637 750 2668 Romanis

109 2674 244 2712 deditur,
260 2681 315 2712 30,
336 2682 384 2707 12.

67 2715 228 2755 Cisalpina
244 2720 356 2753 Gallia,
372 2722 434 2751 vid.
451 2722 566 2759 Gallia,
582 2727 611 2751 ct
627 2724 719 2753 Galli.

67 2759 254 2790 Cithaeronis
271 2763 382 2799 saltus,
398 2769 457 2801 31,
471 2768 523 2795 26.

63 2802 193 2838 Citium,
210 2805 400 2837 Macedoniae
415 2809 577 2848 oppidum,
594 2814 647 2848 42,
666 2813 717 2839 51.

122 2858 212 2887 voL.
247 2860 260 2887 1
269 2861 304 2888 V.

1458 90 1531 125 :305

840 179 952 217 Citius,
969 191 1070 217 mons,
1090 189 1142 218 43,
1161 190 1211 216 28.

841 223 946 252 Civica
962 234 1089 263 corona,
1108 227 1168 259 vid.
1186 230 1319 262 Corona.

839 266 927 295 Cives
945 268 1016 296 novi
1033 271 1129 304 censi,
1148 276 1178 306 Η,
1201 277 1249 304 17.

840 310 965 339 Civium
982 311 1230 345 Romanorumn:
1249 321 1406 352 centurias
1419 324 1521 354 ‹listri-

879 352 980 387 butio,
999 359 1026 390 1,
1041 360 1091 390 43,
1110 367 1256 389 uumerus
1271 366 1409 402 tempore
1424 367 1518 397 Servii

878 396 1049 433 '1·unn‚‹1‹1.

838 438 936 468 Civile
955 440 1020 477 jus,
1046 442 1076 471 in
1104 448 1313 482 penetralibus
1336 451 1518 488 pontificum

878 484 1060 521 repositum,
1092 489 1128 516 C.
1169 488 1294 520 l·'lavius
1333 496 1391 523 Cn.
1427 496 1520 531 filius,

877 527 988 561 scriba,
1004 529 1138 564 evulgat,
1156 536 1187 569 9,
1203 537 1255 564 46.

836 568 1038 606 Civismarus,
1055 574 1178 609 regulus
1195 577 1366 615 Gallorum,
1383 582 1467 612 cadit
1485 584 1517 612 in

877 613 1002 650 proelio,
1015 618 1065 648 24,
1083 621 1134 646 42.

834 654 952 683 civitas
969 656 1000 685 in
1018 658 1092 687 ‹lnas
1110 666 1211 697 partes
1228 663 1370 702 discedit,
1387 672 1419 702 9,
1435 672 1486 698 46.

832 698 978 727 Civitatis
987 700 1086 731 forma
1096 708 1244 741 mutatur,
1255 716 1273 736 a
1285 711 1465 740 consulibus
1478 714 1515 742 ad

873 742 1059 773 decemviros
1075 748 1225 778 translato
1242 750 1382 790 imperio,
1396 760 1428 788 3,
1442 760 1494 785 33.

831 782 918 819 Cius,
939 786 1026 824 urbs,
1048 788 1190 820 funditus
1213 801 1328 829 eversa,
1345 800 1400 832 32,
1417 801 1468 827 83.
1485 803 1516 828 ec

872 833 925 862 34.

829 871 954 901 Clamor
970 873 1001 902 in
1018 875 1141 913 proelio,
1161 881 1191 915 8,
1213 881 1258 907 16.
1275 885 1303 909 (t
1318 886 1370 911 33.
1387 886 1442 920 25,
1460 889 1513 915 21.

869 920 899 944 et
915 920 964 944 41.
982 921 1038 954 30,
1055 922 1108 948 34.

827 957 952 988 Clamor
967 959 1059 990 initio
1074 971 1200 1002 pugnoe,
1218 964 1308 995 index
1323 971 1463 1004 eventus.
1478 975 1511 1008 4,

867 1005 918 1033 37.

825 1043 1011 1083 Clampetia,
1026 1047 1057 1076 in
1071 1048 1219 1087 Bruttiis,
1232 1051 1353 1090 capitur
1365 1062 1383 1082 a
1395 1054 1509 1085 Roma·

866 1088 926 1122 nis,
945 1093 998 1126 29,
1013 1095 1064 1119 38.
1082 1096 1137 1128 30,
1159 1096 1207 1123 19.

823 1130 1006 1170 clarigatio,
1026 1137 1057 1169 Β,
1078 1138 1126 1162 14.

821 1172 958 1204 Classico
981 1176 1095 1206 milites
1119 1178 1157 1207 ad
1180 1179 1361 1211 concionem
1388 1192 1504 1213 convo-

863 1218 936 1254 cati,
955 1222 985 1254 7,
1001 1222 1052 1248 36.
1072 1225 1103 1257 8,
1123 1225 1150 1251 7.
1167 1226 1198 1250 ce
1212 1227 1265 1252 32.

820 1260 936 1290 Classis
949 1263 1146 1298 Achaeorum,
1161 1268 1216 1302 35,
1232 1268 1283 1295 26.

839 1321 882 1328 —
895 1305 1010 1343 Attali,
1027 1310 1082 1343 32,
1102 1310 1151 1337 16.

838 1361 881 1369 -—-
896 1348 1087 1385 Graecorum,
1099 1351 1137 1379 ad
1150 1350 1249 1381 Italiae
1262 1352 1353 1382 litora
1363 1354 1503 1393 appulsa,

862 1394 911 1426 10,
931 1396 959 1420 2.

837 1449 880 1455 —-
896 1434 1039 1469 Nabidis,
1056 1440 1111 1474 85,
1130 1439 1181 1466 26.

836 1492 879 1499 —-
894 1478 1024 1511 Punica,
1046 1483 1100 1515 21,
1123 1484 1173 1509 22.
1192 1483 1294 1510 vastat
1317 1481 1504 1522 Sardiniam,

858 1524 911 1558 27,
940 1524 969 1550 6.
998 1520 1135 1551 vincitur
1165 1532 1183 1553 a
1212 1524 1367 1563 Romana,
1397 1530 1448 1557 29.
1475 1531 1504 1558 ct

858 1567 911 1599 28,
926 1568 956 1592 4.

834 1621 876 1629 -
891 1607 1098 1645 Rhodiorum,
1113 1613 1169 1645 32,
1189 1613 1237 1639 16.

833 1665 875 1673 -
890 1650 1118 1688 Romanorum,
1136 1657 1169 1688 9,
1191 1657 1243 1681 30.
1266 1658 1296 1682 ct
1318 1658 1370 1683 38.
1393 1655 1500 1686 classis

855 1691 903 1721 die
915 1695 1148 1733 quadragesimo
1161 1696 1288 1733 quinto,
1297 1706 1387 1735 quam
1399 1707 1436 1727 ex
1448 1699 1501 1728 sil-

854 1734 900 1765 vis
917 1738 1047 1767 materia
1070 1738 1209 1768 detracta
1232 1743 1310 1776 erat,
1327 1742 1360 1769 in
1385 1750 1496 1780 aquam

853 1779 1027 1814 deducitur,
1047 1785 1099 1817 28,
1115 1786 1166 1810 45.
1183 1783 1401 1821 proficiscitur,
1417 1786 1497 1814 duce

852 1821 1010 1861 Scipione,
1026 1824 1058 1852 in
1075 1825 1225 1859 Africam,
1243 1830 1298 1862 29,
1313 1831 1363 1855 25.
1379 1832 1410 1856 et
1426 1831 1480 1858 26.

810 1865 971 1896 elassibus
987 1871 1160 1906 pugnatum
1177 1869 1215 1898 ad
1232 1869 1377 1906 Fidenas,
1390 1875 1424 1906 4,
1441 1875 1495 1902 34.

809 1910 962 1939 classium
979 1919 997 1939 a
1013 1912 1118 1940 servio
1134 1911 1239 1941 Tullio
1261 1913 1410 1943 instituta
1432 1914 1495 1944 dis·

848 1952 974 1989 tinctio,
994 1958 1020 1988 1,
1037 1958 1088 1983 43.
1105 1959 1136 1987 4,
1153 1959 1184 1985 4.

807 1994 1005 2033 Clastidium,
1020 1997 1120 2034 vicus,
1142 1998 1283 2037 proditur
1301 1999 1418 2037 Poenis,
1436 2005 1491 2038 21,

847 2042 898 2067 48.
922 2040 983 2068 fuit
1001 2040 1143 2070 horreum
1160 2041 1279 2077 Poenis,
1296 2042 1368 2071 ibid.
1386 2053 1418 2072 se
1440 2045 1492 2074 de-

846 2081 892 2110 dit
908 2083 1072 2119 Romanis,
1086 2088 1139 2118 32,
1156 2088 1207 2115 29.
1223 2084 1414 2122 incenditur,
1425 2091 1480 2116 31.

805 2124 937 2154 Claudia
950 2126 1083 2163 Quinta,
1100 2131 1256 2165 matrona,
1267 2127 1306 2157 ab
1323 2131 1490 2160 sacerdoti-

845 2167 902 2196 bus
922 2169 1036 2198 ldaeam
1062 2171 1196 2200 Matrem
1219 2171 1345 2210 accipit,
1364 2177 1417 2208 29,
1438 2177 1487 2204 14.

844 2210 911 2247 ejus
928 2212 1090 2249 pudicitia,
1105 2213 1179 2243 ibid.

803 2253 933 2283 Claudia
944 2265 1020 2294 gens
1033 2256 1147 2292 omnis,
1159 2266 1224 2291 cur,
1237 2259 1268 2285 et
1285 2259 1409 2295 quando
1422 2268 1485 2288 sor-

843 2297 960 2334 didata,
973 2301 1002 2331 6,
1015 2303 1065 2327 20.
1084 2299 1255 2337 majestatis
1272 2301 1397 2330 Patrum
1414 2312 1486 2340 pro-

842 2342 1023 2379 pugnatrix,
1038 2346 1092 2371 41.
1108 2343 1235 2372 inimica
1247 2344 1342 2381 plebi,
1358 2350 1391 2381 9,
1405 2349 1458 2374 34.

799 2383 930 2413 Claudia
952 2384 1052 2414 tribus
1075 2386 1114 2415 ab
1137 2387 1200 2425 Ap.
1222 2387 1353 2417 Claudio
1379 2389 1483 2427 appel-

840 2426 916 2462 la·a,
940 2431 972 2464 2,
994 2431 1041 2456 16.

797 2468 970 2500 Claudiana
985 2474 1097 2506 castra,
1112 2476 1165 2507 23,
1176 2476 1228 2502 81.
1242 2475 1293 2503 39.
1313 2477 1343 2502 et
1359 2478 1409 2503 48.
1427 2477 1481 2511 25,

839 2516 892 2544 22.

797 2554 946 2586 Claudius
959 2556 1139 2591 historicus,
1157 2561 1188 2594 8,
1207 2562 1255 2589 19.
1271 2563 1304 2595 9,
1318 2563 1346 2588 5.
1359 2564 1414 2594 33,
1430 2564 1478 2588 10.

837 2599 965 2629 annales
980 2601 1140 2630 Acilianos
1163 2611 1198 2630 ex
1215 2602 1325 2631 Grteco
1345 2603 1377 2630 in
1394 2602 1478 2631 Lati-

836 2650 910 2671 num
925 2645 1030 2678 vertit,
1047 2648 1101 2681 25,
1117 2648 1170 2675 39.
1185 2648 1239 2678 35,
1258 2648 1306 2673 14.

794 2683 944 2715 Claudius
969 2687 1092 2716 Asellus
1114 2691 1232 2725 pugnat
1255 2696 1323 2715 cum
1339 2686 1478 2716 ,Iubellio

833 2728 956 2758 Taurea
974 2731 1146 2768 Campano,
1164 2734 1216 2761 23.
1233 2731 1284 2757 46.
1301 2734 1331 2757 et
1347 2733 1398 2759 47.

790 2770 850 2809 Ap.
864 2772 1027 2806 Claudius,
1045 2781 1158 2807 magna
1173 2772 1331 2800 clientium
1349 2773 1477 2802 comita-

831 2818 883 2843 tus
893 2824 1002 2855 manu,
1012 2816 1050 2846 ab
1060 2815 1185 2854 Regillo
1196 2815 1328 2844 Romam
1338 2816 1474 2845 transfu-

861 2870 889 2896 X
