1805 3174
505 81 1134 125 fssSTORIAnuailstBROS.

156 186 324 225 potestate,
356 191 388 225 6,
417 194 468 220 81.
500 192 618 229 primus
649 194 798 231 magister

155 229 295 265 equitum
320 233 356 261 dc
380 233 467 271 plebe
490 235 604 269 dictus,
621 239 671 266 89.
690 238 750 267 vid.
768 242 795 266 cl

160 273 258 306 10,8.

111 309 147 338 C·
164 314 314 355 Licinius,
333 319 450 357 legatus
472 320 694 359 Carthaginem
718 325 791 353 mis-

155 366 219 395 sus,
237 364 289 393 21.
312 365 357 391 18.

110 397 146 429 C.
163 401 626 445 Lici11ius,praefectuspraesidii
639 410 790 440 Rhizonis

151 448 182 472 et
198 446 326 485 Olcinii,
342 449 479 484 urbium,
495 455 549 486 45,
569 454 618 480 QG.

108 486 143 517 C.
160 488 300 519 Licinius
324 492 451 529 Calvus,
475 495 597 531 consul,
615 499 646 531 7,
663 500 692 527 9.
712 496 789 526 idem

147 536 193 560 est
216 534 271 571 qai
288 535 322 563 C.
340 535 478 565 Licinius
498 535 612 566 Calvus
635 539 736 576 Stolo,
755 541 790 569 de

146 584 204 613 quo
220 576 252 604 iu
272 586 316 607 ra.

105 616 139 645 C.
157 618 295 648 Licinius
328 621 470 655 Crassus,
502 627 624 661 pra‘tor.
657 627 788 656 sortitur

139 660 390 697 jurisdictionem
404 666 568 704 urbanam,
585 673 639 705 42,
655 673 684 700 9.
697 674 723 699 el
741 674 785 699 10.

143 705 241 734 reficit
264 708 404 742 classem,
424 714 475 740 97.
496 711 603 740 dextro
626 722 735 747 cornu,
753 715 785 743 in

141 749 252 786 proelio
268 751 413 781 adversus
430 754 551 790 Persea,
569 757 754 794 praepositus
768 767 785 787 a

140 791 234 821 fratre
250 796 391 832 consule,
406 800 456 824 58.
474 802 596 827 creatur
611 801 734 837 consul,
753 806 785 830 et

125 830 263 866 'obtinet
280 838 413 873 Italiam,
431 843 486 875 44,
507 844 553 872 17.
570 842 636 879 ejus
653 853 699 873 res
715 854 783 881 ges-

138 882 177 907 1ae
194 878 225 907 in
243 881 354 915 Gallia,
371 886 425 918 45,
448 887 493 911 12.
515 890 700 925 prorogatur
723 888 780 917 im·

136 923 269 960 perium,
290 928 337 956 17.
357 925 478 963 legatus
498 927 531 956 in
549 929 778 968 Macedoniam,

137 964 214 996 ibid.

95 1005 130 1033 C·
149 1009 290 1038 Licinius
312 1011 473 1049 Lucullus,
490 1014 650 1051 tribunus,
667 1017 777 1046 trium-

133 1052 180 1080 vir
199 1053 300 1091 Epulo
317 1059 448 1088 creatur,
466 1058 518 1094 qui
542 1058 640 1095 legem
660 1061 696 1088 de
713 1071 776 1090 cre-

131 1095 220 1124 andis
242 1096 413 1127 triumviris
428 1099 626 1137 Epulonibus
649 1103 775 1136 tulerat,

129 1142 185 1175 33,
197 1143 249 1168 42.
263 1140 408 1170 triumvir
421 1144 477 1172 aedi
493 1143 674 1174 Juventatis
691 1148 775 1177 dedi-

130 1183 249 1218 candae,
265 1185 319 1218 36,
337 1187 388 1212 36.

90 1220 125 1249 C·
148 1225 289 1255 Licinius
299 1227 556 1267 Nerva,legatus,
571 1233 701 1262 nunciat
712 1234 774 1262 vic·

129 1269 242 1298 toriam
259 1270 295 1298 de
312 1271 441 1308 Gentio,
458 1277 511 1308 45,
528 1278 557 1302 3.
575 1280 699 1312 praetor,
722 1282 770 1307 14.

128 1313 259 1342 sortitur
289 1313 475 1353 Hispaniam
506 1315 699 1354 ulteriorem,
724 1323 771 1349 16.

128 1353 259 1393 legatus,
273 1357 391 1387 reducit
407 1359 529 1389 obsides
545 1360 577 1390 in
591 1362 770 1400 Thraciam,

126 1401 180 1428 42.

85 1438 119 1465 C·
136 1441 276 1471 Licinius
294 1444 407 1474 Calvus
424 1445 524 1482 Stolo,
541 1447 692 1484 plebeius,
711 1451 767 1479 mi-

125 1493 232 1514 norem
249 1486 293 1514 M.
311 1487 399 1516 Fabii
416 1489 565 1518 Ambusti
581 1491 674 1520 filiam
692 1502 767 1523 uxo-

124 1537 187 1557 rem
216 1529 314 1566 ducit,
337 1532 370 1566 6,
392 1536 445 1560 54.
472 1536 594 1562 creatur
620 1536 765 1566 tribunus

122 1571 233 1610 plebis,
244 1576 296 1602 35.
311 1573 392 1612 leges
405 1575 550 1604 adversus
563 1579 764 1614 patriciorum

122 1623 196 1653 opes
213 1617 402 1655 promulgat,
420 1619 494 1647 ibid.
517 1621 649 1649 refectus
666 1623 764 1652 tribu-

122 1667 181 1687 nus
195 1658 304 1697 plebis,
318 1668 381 1688 non
399 1662 518 1698 patitur
533 1665 627 1693 creari
644 1667 764 1696 curules

120 1702 335 1740 magistratus,
351 1703 424 1732 ibid.
442 1706 594 1736 decimum
619 1708 765 1739 tribunus

119 1745 218 1783 plebis
232 1745 377 1783 refectus,
391 1756 461 1777 suas
479 1749 560 1787 leges
573 1752 700 1789 perfert,
710 1757 761 1782 42.

118 1792 242 1817 creatur
264 1790 385 1824 consul,
403 1795 433 1825 7,
455 1796 484 1821 2.
508 1793 632 1832 iterum,
652 1800 681 1826 9.
706 1806 762 1826 sua

117 1831 215 1869 ipsius
231 1832 298 1871 lege
313 1833 489 1869 damnatur,
511 1839 560 1866 16.

73 1871 108 1902 L.
127 1874 279 1912 Licinius,
296 1881 421 1915 praetor,
439 1882 491 1913 27,
508 1884 535 1908 8.

72 1916 107 1945 L.
123 1918 263 1948 Licinius
277 1920 389 1957 Pollio,
401 1919 533 1958 legatus,
551 1927 605 1959 27,
621 1929 671 1955 29.

72 1959 108 1991 L.
127 1961 266 1991 Licinius
278 1963 439 2001 Lucullus,
452 1966 548 1995 aedilis
561 1969 689 2004 curulis,
699 1972 755 2006 30,

115 2008 168 2034 39.

71 2045 107 2077 Ι..
125 2047 264 2077 Licinius
280 2049 440 2084 Lucullus,
455 2060 517 2080 cos.
535 2061 553 2080 a
565 2053 699 2083 tribunis
712 2057 753 2094 pl.

113 2090 145 2119 in
158 2100 308 2121 carcerem
321 2093 501 2130 conjicitur,
515 2096 602 2133 Epit.
614 2101 666 2125 48.

69 2133 106 2163 1..
121 2134 271 2164 Lucullus
294 2145 355 2164 cos.
379 2137 414 2166 L.
435 2138 468 2166 F.
490 2138 522 2166 L.
543 2139 583 2168 N.
610 2150 754 2179 prospere

109 2177 255 2207 adversus
279 2179 495 2210 Mithridatem
519 2186 653 2220 pugnat,
667 2185 753 2224 Epit.

108 2224 161 2251 94.

67 2261 112 2290 Μ.
130 2263 285 2301 Licinius,
298 2265 447 2294 tribunus
470 2267 619 2306 militum,
637 2271 751 2300 occidi-

108 2308 161 2335 tur
176 2307 209 2335 in
225 2307 349 2345 proelio,
368 2313 422 2345 27,
443 2312 490 2338 12.

65 2347 113 2379 M.
129 2349 267 2379 Licinius
296 2352 426 2382 Crassus
457 2362 520 2382 uon
551 2356 671 2392 patitur
698 2367 752 2396 per

106 2388 238 2423 fundum
254 2403 345 2424 suum
362 2404 474 2434 aquam
486 2397 570 2434 duci,
585 2403 640 2434 40,
655 2404 706 2431 51.

64 2433 112 2464 Μ.
126 2436 265 2466 Licinius
294 2438 457 2473 Lucullus,
484 2445 610 2478 praetor,
637 2446 691 2479 89,
716 2447 747 2474 6.

104 2479 235 2509 sortitur
245 2480 496 2518 jurisdictionem
517 2485 598 2514 inter
614 2488 746 2526 peregri-

105 2530 176 2558 noS,
194 2527 223 2552 8.
240 2528 270 2552 et
289 2528 340 2554 18.

62 2563 108 2594 Μ.
122 2565 271 2596 Lucullus
285 2568 422 2598 Thraces
445 2569 574 2607 subigit,
590 2572 675 2610 Epit.
692 2577 743 2605 97.

61 2607 106 2635 Μ.
125 2607 264 2639 Licinius
284 2611 408 2649 Strabo,
424 2613 570 2643 tribunus
593 2615 743 2654 militum,

102 2650 271 2681 fortissime
293 2654 456 2691 dimicans,
478 2657 516 2686 ab
534 2657 623 2687 Istris
646 2660 743 2689 inter-

102 2694 218 2731 ficitur,
235 2699 291 2732 41,
309 2700 339 2725 6.

60 2737 94 2766 Ρ.
110 2737 249 2767 Licinius
264 2739 389 2778 Calvus,
401 2743 518 2780 primus
534 2754 570 2773 ex
586 2743 676 2783 plebe
688 2747 742 2775 tri-

102 2779 205 2813 bunus
235 2782 370 2813 militum
401 2787 556 2816 consulari
586 2792 742 2825 potestate

100 2828 233 2859 creatus,
247 2830 279 2862 5,
295 2829 344 2858 12.
357 2837 451 2865 quum
467 2829 578 2860 iterum
595 2832 740 2862 tribunus

119 2879 210 2907 VOL.
244 2881 300 2907 IV.

1459 100 1532 135 353

884 195 1018 226 militum
1030 198 1184 228 consulari
1194 203 1349 237 potestate
1360 211 1525 245 crearetur,

882 244 961 273 orat,
980 244 1015 269 ut
1038 241 1078 277 is,
1095 243 1145 279 qui
1170 244 1227 272 sibi
1244 245 1448 286 deferebatur,
1466 252 1523 280 ho-

882 292 937 311 nos
961 283 1024 312 filio
1047 294 1103 314 suo
1127 288 1302 321 mandetur.
1325 294 1370 318 18.
1396 293 1461 329 ejus
1485 296 1522 324 de

881 327 982 363 proeda
998 328 1146 358 Veiorum
1163 333 1332 369 sententia,
1352 338 1402 362 20.

837 368 870 397 1¹.
888 370 1026 399 Licinius
1055 373 1180 407 Calvus,
1208 375 1354 405 tribunus
1385 379 1520 410 militum

879 414 1033 442 consulari
1050 420 1218 454 potestate,
1238 422 1269 455 5,
1294 424 1340 450 18.
1357 426 1387 449 et
1404 426 1454 452 20.

836 455 868 484 P.
887 456 1024 486 Licinius
1049 460 1176 488 Crassus
1199 463 1339 499 pontifex
1367 466 1519 496 maximus

878 504 999 528 creatur
1021 507 1094 531 ante
1116 504 1307 543 aedilitatem,
1326 511 1378 544 95,
1403 513 1430 537 5.
1456 519 1520 540 ma-

877 542 973 579 gister
986 546 1139 581 equitum,
1155 551 1207 584 27,
1219 554 1246 578 5.
1260 559 1382 588 censor,
1398 555 1425 581 6.
1438 563 1517 591 proe-

877 590 939 623 tor,
958 591 1008 616 21.
1022 590 1413 628 sortiturjurisdictionem
1431 607 1517 635 pere-

875 629 1008 667 grinam,
1026 636 1064 660 22
1092 635 1214 669 consul,
1233 640 1287 670 23.
1304 641 1356 667 38.
1372 639 1515 670 Bruttios

871 674 1061 710 provinciam
1079 682 1165 706 extra
1180 684 1293 709 sortem
1315 682 1440 721 accipit,
1459 688 1513 721 29,

874 719 900 745 1.
915 717 1000 755 gravi
1018 720 1126 749 morbo
1148 722 1304 760 adficitur,
1320 726 1366 753 uti
1391 730 1421 755 et
1444 728 1511 764 ejus

868 761 1032 794 exercitus,
1052 766 1099 792 10.
1111 764 1137 792 ei
1152 771 1334 802 prorogatur
1347 768 1511 808 imperium

872 807 920 832 13.
940 805 1037 842 copiis
1064 808 1241 844 conjunctis
1268 819 1339 840 cum
1368 815 1509 851 consule,

867 852 988 885 pugnat
1005 858 1074 878 cum
1092 860 1128 879 eo
1144 853 1289 882 adversus
1306 856 1509 894 Annibalem,

864 892 916 919 36.
934 891 999 928 ejus
1016 892 1133 931 laudes,
1146 900 1199 927 80.
1220 900 1243 924 1.
1262 902 1355 935 negat
1371 899 1459 930 ludos
1472 911 1508 931 ex

864 932 982 963 incerta
998 938 1130 973 pecunia
1145 940 1248 968 voveri
1267 941 1387 976 debere,
1405 948 1459 980 31,
1477 948 1507 975 9.

863 977 924 1006 vicl.
941 981 970 1006 et
985 982 1039 1014 34,
1058 984 1111 1011 44.
1128 986 1234 1012 votum
1260 985 1347 1022 praeit
1371 988 1506 1025 consuli,

862 1022 915 1053 36,
930 1025 957 1049 2.
971 1026 1056 1051 vetat
1070 1024 1111 1055 Q.
1125 1025 1255 1056 Fabium
1270 1028 1422 1059 Pictorem
1435 1032 1505 1060 Fla-

861 1062 975 1093 minem
997 1065 1206 1104 Quirinalem,
1223 1071 1276 1107 qui
1299 1075 1366 1101 tum
1391 1077 1506 1111 praetor

861 1111 938 1142 erat,
964 1108 1007 1137 ire
1034 1109 1067 1137 in
1096 1112 1270 1142 Sardiniam
1294 1116 1504 1154 provinciam,

859 1153 913 1185 37,
931 1154 982 1180 51.
998 1153 1143 1188 moritur,
1160 1160 1215 1191 39,
1234 1159 1284 1185 46.
1302 1158 1420 1189 funeris
1437 1161 1502 1198 ejus

859 1202 968 1222 caussa
986 1195 1148 1227 visceratio
1164 1199 1248 1236 data,
1264 1205 1296 1228 et
1314 1202 1502 1240 gladiatores

859 1242 984 1266 centum
1003 1239 1116 1277 rig-inti
1133 1249 1364 1282 pugnaverunt,
1383 1247 1456 1276 ibid.

815 1276 846 1304 P.
864 1279 1003 1310 Licinius
1021 1283 1150 1313 Crassus
1166 1291 1288 1316 creatur
1303 1292 1428 1326 praetor,
1445 1295 1499 1328 41,

861 1326 910 1352 18.
926 1329 1053 1355 excusat
1069 1336 1101 1356 sc
1117 1329 1273 1359 sacrificiis
1295 1332 1498 1364 sollemnibus

855 1365 1010 1404 impediri,
1024 1378 1061 1398 ne
1078 1370 1109 1399 in
1126 1373 1327 1409 provinciam,
1347 1375 1497 1414 Hispani-

854 1418 902 1437 am
917 1411 1103 1449 citeriorem,
1116 1418 1178 1451 eat,
1195 1419 1242 1446 19.
1257 1417 1292 1446 fit
1304 1420 1428 1457 consul,
1442 1425 1497 1456 112,

854 1456 904 1480 28.
920 1454 1135 1485 Macedoniam
1148 1460 1338 1496 provinciam
1351 1463 1495 1501 sortitur,

850 1499 904 1526 32.
917 1497 1138 1538 proficiscitur,
1152 1506 1203 1532 49.
1217 1504 1297 1532 male
1309 1511 1428 1543 pugnat
1442 1509 1480 1537 ad

850 1547 956 1569 versus
973 1541 1096 1579 Persea,
1119 1548 1170 1574 58.
1188 1550 1217 1574 et
1234 1551 1285 1577 59.
1310 1557 1416 1585 pacem
1440 1560 1492 1588 pe-

849 1582 943 1615 tenti,
963 1584 1071 1615 Perseo
1099 1592 1202 1626 negat,
1229 1592 1279 1618 62.
1304 1592 1400 1621 altera
1425 1594 1492 1631 ejus

848 1634 954 1664 pugna
977 1637 1046 1657 cum
1072 1631 1192 1668 Perseo,
1216 1634 1342 1663 meliore
1363 1641 1491 1675 eventu,

849 1670 902 1698 66.
916 1671 1081 1701 crudeliter
1094 1674 1132 1703 ab
1148 1685 1185 1704 eo
1197 1685 1347 1715 avareque
1361 1679 1392 1707 iu
1405 1681 1491 1709 Grae·

847 1711 894 1740 cia
912 1712 1072 1751 bellatum,
1084 1720 1138 1753 43,
1154 1723 1184 1748 4.
1202 1719 1319 1755 legatus
1331 1722 1369 1750 ad
1382 1723 1488 1753 Gallos

846 1754 880 1783 in
899 1756 1018 1794 Asiam,
1035 1762 1089 1796 45,
1106 1765 1159 1790 34.
1184 1762 1386 1802 interimitur,
1402 1766 1489 1806 Epit.

847 1801 897 1829 59.

802 1840 835 1870 Ρ.
851 1841 989 1872 Licinius
1001 1844 1120 1884 Tegula
1135 1856 1256 1877 carmen
1270 1851 1389 1887 condit,
1403 1854 1485 1890 quod

844 1885 883 1913 ab
907 1889 954 1916 ter
976 1890 1106 1917 novenis
1129 1891 1302 1930 virginibus
1326 1895 1395 1924 cani
1414 1896 1484 1933 jus-

843 1937 924 1964 sum,
942 1934 995 1961 31,
1018 1935 1066 1960 12.

799 1970 832 1999 P.
846 1971 984 2002 Licinius
999 1975 1111 2013 Varus,
1125 1977 1222 2007 aedilis
1239 1979 1368 2017 curulis,
1385 1985 1436 2014 ι27,
1451 1985 1480 2012 6.

840 2018 967 2052 praetor,
985 2021 1036 2047 21.

798 2056 848 2096 Sp.
865 2058 1015 2093 Licinius.
1041 2062 1187 2092 tribunus
1215 2064 1324 2102 plebis,
1349 2069 1480 2107 suscipit

837 2111 899 2130 rem
918 2103 1082 2133 militarem
1100 2106 1339 2144 impediendam,
1356 2115 1387 2144 Ξ,
1405 2116 1457 2142 43.

797 2144 937 2181 Licinus,
953 2147 1014 2175 vid.
1032 2148 1066 2176 L.
1085 2149 1212 2178 Porcius
1230 2152 1368 2183 Licinus.

793 2187 932 2217 Lictores
948 2198 966 2218 a
981 2190 1116 2220 Romulo
1139 2193 1278 2224 instituti
1303 2197 1477 2233 duodecim,

837 2233 913 2266 1,s

812 2289 857 2296 -
872 2278 1006 2312 quatuor
1020 2280 1052 2305 et
1067 2277 1180 2317 viginti
1197 2286 1349 2320 apparent
1364 2292 1477 2313 consu-

834 2317 929 2353 libus,
946 2323 978 2354 2,
997 2323 1047 2349 55.

811 2378 854 2384 —
869 2361 1114 2392 decemvirorum
1143 2369 1269 2396 eentum
1301 2371 1331 2397 et
1362 2369 1474 2405 viginti

832 2403 933 2433 forum
950 2406 1094 2444 implent,
1107 2411 1141 2444 3,
1155 2412 1206 2438 36.

805 2462 849 2469 -
859 2454 1000 2485 praeeunt
1014 2451 1281 2488 proficiscentibus
1294 2454 1331 2482 ad
1345 2454 1472 2492 bellum,

835 2494 1094 2528 10‚25.41.14.

787 2533 894 2563 Lictor
911 2536 1045 2565 Horatio
1068 2537 1211 2575 laqueum
1236 2539 1349 2577 injicit,
1369 2545 1397 2576 l,
1418 2543 1467 2569 96.

827 2577 943 2615 deligat
959 2580 995 2608 ad
1013 2579 1130 2618 palum,
1144 2582 1218 2612 ibid.
1231 2586 1258 2611 ct
1277 2586 1306 2616 8,
1321 2587 1349 2614 7.
1363 2583 1426 2612 vid.
1441 2586 1469 2612 et

828 2622 881 2653 26,
901 2624 949 2652 16.

803 2681 847 2687 —-
863 2664 1005 2703 Sulpicii,
1030 2666 1148 2695 tribuni
1174 2668 1320 2698 militurn.
1340 2669 1376 2696 de
1399 2669 1466 2697 foro

826 2707 949 2736 domum
982 2718 1014 2737 se
1042 2710 1233 2749 recipientis,
1260 2711 1354 2739 sorem
1379 2712 1466 2751 virga

825 2752 972 2788 percutit,
990 2755 1022 2788 6,
1039 2756 1093 2782 34.

781 2791 889 2832 Lignis
905 2803 1012 2823 carens
1026 2799 1119 2826 terra.
1132 2798 1186 2830 38,
1208 2799 1253 2823 18·

782 2836 924 2874 Ligures,
937 2839 1056 2876 populi,
1072 2842 1103 2875 5,
1116 2842 1165 2868 35.
1181 2838 1212 2866 in
1228 2837 1356 2876 Ligures
1368 2839 1461 2878 legati

826 2892 888 2917 Aa
