1816 3159
303 79 377 112 438

305 194 375 215 cum
391 184 521 214 Volanis
539 184 665 220 bellum,
680 189 712 219 4,
730 189 782 215 49.

306 228 451 258 Volanus
468 237 552 266 ager,
568 233 600 260 4,
620 232 673 257 51.

304 273 342 302 ad
359 271 537 301 Volaterras
554 281 625 300 cum
643 270 784 300 Etruscis
801 270 921 298 incerta
935 269 997 298 vic-

348 315 430 344 toria
445 318 634 353 pugnatum,
653 318 704 346 10,
726 317 774 343 12.

305 358 505 388 Volaterrani
550 358 759 386 interamenta
795 355 921 383 navium
968 357 1000 383 et

349 401 540 430 frumentum
558 400 746 439 pollicentur
767 398 917 437 Scipioni,
943 402 997 434 28,

350 448 401 473 45.

307 488 428 523 Volcae,
452 491 505 523 21,
522 489 572 515 26.

308 531 475 560 Volcentes
490 530 528 558 ab
547 528 700 557 Annibale
717 528 866 557 deficiunt
882 528 918 556 ad
934 528 999 557 Ro-

352 583 473 608 manos,
490 577 542 605 27,
562 576 610 600 15.

309 617 422 645 Volero
437 615 602 650 Publilius,
617 614 678 643 vid.
696 614 857 644 Publilius.

308 661 476 688 Volerones
497 659 535 687 ab
560 659 620 696 Ap.
648 658 779 687 Claudio
801 657 920 687 tribuni
937 657 1000 695 pie-

353 704 399 731 bis
413 702 528 737 vocati,
544 705 577 736 2,
594 705 645 731 57.

309 746 459 779 Volones,
483 745 513 774 id
535 747 595 780 est,
613 744 691 773 servi
708 744 739 772 in
762 744 908 773 militiam
925 752 999 772 con-

350 789 471 827 scripti,
504 793 558 824 22,
583 792 632 819 57.
651 792 703 823 23,
727 791 778 816 32.
804 792 858 824 24,
892 791 939 816 11.
966 787 1001 814 li-

350 833 502 862 bertatem
533 831 638 860 tacitis
664 830 746 859 votis
786 831 999 869 expostulant,

351 880 406 912 24,
428 879 477 904 14.
506 875 541 903 iis
564 875 740 903 libertatem
763 874 923 912 promittit
951 873 1001 901 Ti.

352 918 525 955 Gracchus,
552 917 758 947 referentibus
795 918 899 956 capita
929 917 1002 945 hos-

352 963 445 998 tium,
472 961 546 990 ibid.
575 961 678 999 capita
709 960 847 989 hostium
878 960 1001 989 abscin—

352 1006 445 1041 dunt,
475 1013 543 1043 quae
582 1005 714 1042 abjicere
749 1004 915 1041 jubentur,
952 1007 1002 1031 15.

352 1049 391 1078 iis
421 1049 513 1077 datur
541 1048 682 1083 libertas,
710 1049 757 1075 16.
782 1047 943 1085 segniores
966 1055 1001 1074 ex

354 1093 391 1121 iis
432 1093 595 1125 notantur,
634 1089 709 1119 ibid.
750 1089 923 1119 Beneventi
969 1089 1001 1117 in

353 1134 479 1174 publico
516 1134 623 1173 pileati
671 1133 837 1171 epulantur
881 1141 1002 1167 omnes,

353 1178 429 1207 ibid.
453 1178 654 1207 simulacrum
682 1176 828 1204 celebrati
853 1176 920 1213 ejus
941 1176 1001 1203 diei

354 1221 513 1250 Gracchus
530 1221 637 1250 Romae
654 1219 742 1258 pingi
764 1219 856 1256 jubet
879 1219 910 1246 in
938 1219 1002 1246 aede

353 1264 521 1300 libertatis,
537 1263 612 1291 ibid.
629 1263 690 1291 vid.
713 1266 743 1291 et
764 1266 818 1298 25,
838 1266 886 1290 20.
904 1265 934 1289 st
951 1266 1002 1290 22.

355 1308 492 1337 Volones
518 1307 551 1335 in
575 1305 837 1334 undevicesimam
865 1308 896 1333 et
921 1304 1001 1333 vice-

356 1352 464 1380 simam
480 1350 618 1389 legiones
646 1349 765 1387 scripti,
784 1353 838 1385 27,
861 1352 913 1376 38.
939 1348 1002 1377 vid.

356 1398 384 1423 et
402 1398 455 1430 23,
467 1395 519 1422 46.

313 1438 419 1468 Volsci
444 1439 597 1476 petuntur
612 1434 693 1464 bello
720 1444 738 1464 a
755 1434 929 1472 Tarquinio
946 1434 1005 1461 Su-

352 1481 461 1522 perbo,
482 1484 509 1513 l,
522 1484 571 1508 53.

395 1525 429 1553 in
467 1522 597 1552 Volscos
628 1522 713 1550 missi
743 1522 780 1551 ad
811 1522 1001 1549 frumentum

353 1567 611 1606 comparandum,
657 1569 688 1601 2,
715 1569 745 1595 9.
785 1562 892 1593 Volsci
918 1572 1002 1592 coni-

353 1613 466 1651 parant
503 1610 630 1644 auxilia,
667 1618 734 1647 quae
758 1609 889 1637 mittant
918 1606 1004 1635 Lati-

354 1655 418 1691 nis,
464 1656 516 1682 22.
560 1652 681 1682 obsides
726 1652 802 1681 dant
845 1654 1003 1679 trecentos

353 1697 529 1737 principum
570 1696 697 1730 liberos,
730 1694 802 1724 ibid.
844 1694 1002 1722 occultum

352 1744 466 1780 parant
504 1739 633 1774 bellum,
677 1738 752 1767 ibsd.
789 1737 922 1766 veniunt
965 1737 1002 1764 ad

352 1783 596 1824 oppugnandam
627 1781 748 1817 urbem,
777 1785 828 1810 24.
872 1780 1005 1808 vincun-

353 1831 417 1860 tur,
457 1830 511 1857 25.
557 1825 661 1854 Volsci
692 1825 843 1853 Romanis
887 1820 1000 1851 bellum

353 1870 505 1904 inferunt,
535 1873 588 1898 30.
630 1868 813 1903 vincuntur,
853 1866 928 1894 ibid.
966 1866 1003 1894 iis

355 1913 539 1943 Veliternus
553 1921 625 1950 ager
641 1912 796 1945 ademtus,
813 1913 866 1938 31.
897 1908 1002 1937 Volsci

353 1956 500 1985 Antiates
516 1955 604 1991 victi,
618 1959 671 1984 33.
697 1954 734 1982 ad
761 1953 850 1982 ludos
866 1953 1002 1990 Magnos

353 2008 468 2038 magna
493 1996 679 2028 Volscorum
706 1997 753 2025 vis
782 1997 914 2025 Romam
954 2005 1002 2024 ve-

355 2043 417 2079 nit,
434 2046 487 2073 37.
506 2041 608 2070 exacti
633 2040 723 2075 urbe,
747 2039 820 2068 ibid.
851 2039 1003 2068 concitati

353 2086 392 2114 ab
416 2086 484 2114 Att.
508 2084 611 2117 Tullo,
641 2083 792 2112 deficiunt
807 2091 824 2111 a
841 2082 1003 2119 Romanis,

353 2132 406 2158 38.
429 2132 460 2158 et
486 2132 539 2159 39.
569 2131 651 2156 retro
677 2127 875 2156 abducuntur
896 2135 914 2154 a
943 2124 1004 2154 Co-

354 2171 487 2205 riolano,
512 2175 563 2200 40.
588 2171 720 2199 redeunt
750 2170 781 2198 in
807 2177 914 2207 agrum
940 2169 1003 2198 Ro-

353 2223 496 2250 manum,
521 2213 596 2242 ibid.
624 2213 789 2249 rebellant,
819 2215 871 2240 42.
902 2216 1004 2241 castra

353 2262 479 2297 ponunt
494 2257 527 2286 in
542 2257 657 2285 Latino
682 2266 769 2295 agro,
792 2255 844 2285 sed
872 2256 1003 2284 vincun-

354 2306 419 2337 tur,
447 2306 478 2331 et
518 2300 640 2329 nullum
678 2309 775 2335 genus
816 2298 1003 2327 calamitatis

352 2342 615 2381 contumeliaeque
631 2351 693 2372 non
721 2343 840 2372 editum
867 2341 900 2371 in
931 2343 1004 2371 Vol-

354 2397 437 2424 scos,
450 2392 501 2417 53.
524 2387 561 2415 iis
585 2386 717 2415 induciae
743 2387 777 2415 in
801 2395 900 2415 annos
926 2394 1002 2423 qua-

353 2431 498 2468 draginta
514 2430 604 2463 datae,
623 2433 673 2458 54.
697 2428 805 2459 Volsci
827 2429 1004 2457 instaurant

355 2473 485 2509 bellum,
510 2476 563 2501 58.
588 2472 721 2501 vincunt
750 2472 922 2505 Romanos,
951 2475 1002 2502 59.

355 2519 541 2556 oppugnant
568 2518 670 2543 castra
694 2516 924 2552 Romanorum,
950 2517 1002 2544 64.

356 2561 539 2592 vincuntur,
564 2560 618 2586 65.

397 2602 576 2642 praedantur
601 2608 691 2638 agros
717 2600 939 2637 Hernicorum,
967 2605 1001 2636 3,

355 2648 385 2675 6.
417 2643 603 2684 perguntin
629 2652 718 2682 agros
749 2643 919 2677 Romanos,
951 2643 1002 2672 sed

356 2689 519 2718 caeduntur
535 2695 648 2721 magno
663 2695 806 2722 numero,
831 2689 864 2714 et
888 2695 1001 2714 nornen

356 2741 462 2761 eorum
487 2739 581 2768 prope
605 2729 738 2765 deletur,
764 2733 793 2759 7.
811 2733 841 2757 et
858 2734 888 2758 8.
926 2729 1001 2757 Vol-

357 2775 400 2803 sci
417 2778 450 2803 et
473 2773 569 2811 AEqni
585 2772 699 2801 bellum
727 2772 918 2808 instaurant,
954 2776 1001 2800 10.

357 2818 539 2853 vincuntur,
555 2819 605 2846 22.
621 2816 682 2844 vid.
696 2818 723 2844 et
737 2817 789 2846 60.

743 73 922 111 INDEX
954 74 1012 111 IN
1043 73 1089 110 T.
1120 72 1259 109 LIVII

1128 182 1273 212 obsidtnt
1303 183 1450 216 Ardeam,
1467 187 1499 220 4,
1517 188 1545 214 9.
1571 193 1589 212 a
1619 184 1735 212 Roma-

1086 225 1135 254 nis
1171 227 1366 260 obsidentur,
1396 226 1472 255 ibid.
1507 227 1595 259 victi,
1629 227 1733 254 dedito

1085 270 1175 306 duce,
1216 270 1273 298 sub
1304 267 1417 308 jugum
1458 269 1643 305 mittuntur,
1686 273 1736 298 10.

1086 321 1156 340 cum
1183 312 1292 350 AEqnis
1322 313 1424 341 denuo
1443 313 1594 342 Romanis
1620 311 1735 341 bellurn

1086 355 1238 388 inferunt,
1256 359 1307 384 26.
1333 361 1518 394 oppugnant
1542 358 1644 384 eastra
1659 364 1735 384 con-

1086 398 1174 432 sulis,
1202 402 1254 429 27.
1282 404 1383 427 castra
1398 400 1581 428 Volscorum
1605 399 1737 437 capiun-

1086 446 1150 475 tur,
1183 445 1234 472 29.
1271 443 1400 479 captivi,
1431 446 1541 480 praeter
1565 447 1735 473 senatores,

1086 486 1330 521 venumdantur,
1369 486 1441 514 ihscl.
1481 486 1582 514 denuo
1620 483 1736 513 bellum

1087 527 1225 556 inferunt
1252 529 1416 561 Romanis,
1444 532 1498 561 37,
1524 533 1574 558 55.
1613 532 1644 556 et
1684 530 1736 556 56.

1087 571 1271 606 vincuntur,
1319 575 1370 602 57.
1414 573 1542 610 capiunt
1586 571 1735 609 Verrugi-

1088 623 1169 647 nem,
1207 614 1368 652 oppidum,
1408 619 1459 644 58.
1496 624 1601 643 eorum
1646 622 1736 652 agros

1087 657 1319 695 depopulantur
1333 657 1479 695 Romani,
1498 662 1548 688 59.
1567 659 1738 686 vincuntur

1088 700 1207 736 Volsci,
1226 702 1279 729 61.

1130 744 1307 782 praesidium
1332 743 1477 772 obsident
1501 744 1538 773 ad
1562 745 1683 777 Anxur,
1707 747 1737 777 5,

1092 789 1138 815 16.
1156 795 1261 825 pacem
1278 787 1460 824 impetrant,
1473 792 1523 816 23.

1131 829 1243 859 iterum
1288 830 1416 867 capiunt
1460 839 1546 859 arma
1589 830 1736 858 adversus

1088 873 1259 906 Romanos,
1289 875 1321 908 6,
1338 877 1367 901 2.
1393 882 1498 901 corum
1525 877 1626 902 castra.
1651 872 1733 908 capit

1089 916 1251 953 Camillus,
1283 915 1358 943 ibid.
1388 917 1425 944 ξιτ]
1450 917 1637 945 deditionem
1663 915 1738 943 sub-

1088 959 1234 997 iguntur,
1260 957 1337 987 ibid.
1368 964 1517 988 renovato
1547 959 1644 995 bello,
1670 959 1738 986 vin-

1089 1006 1216 1038 cuntur,
1245 1004 1340 1031 6-8.
1367 1003 1528 1035 rebellant,
1561 1007 1610 1030 11.
1654 1001 1737 1029 unde

1089 1046 1211 1074 Volscis
1227 1049 1258 1074 et
1280 1045 1389 1082 AEquis
1415 1047 1509 1075 toties
1530 1045 1620 1074 victis
1645 1045 1736 1073 suffe-

1089 1089 1189 1118 cerint
1222 1088 1348 1123 milites,
1377 1092 1426 1118 12.
1458 1091 1643 1123 vincuntur,
1689 1092 1737 1116 13.

1088 1132 1289 1161 Praenestinis
1334 1132 1510 1168 conjuncti,
1554 1134 1739 1170 expugnant

1089 1176 1260 1211 Satricum,
1278 1179 1329 1203 22.
1346 1176 1530 1211 vincuntur,
1556 1179 1608 1203 23.
1629 1179 1659 1202 st
1685 1178 1736 1202 24.

1088 1219 1280 1256 populantur
1306 1227 1413 1256 agrum
1434 1219 1661 1253 Romanorum,
1685 1221 1737 1245 31.

1088 1271 1193 1290 corum
1218 1261 1280 1296 agri
1309 1261 1509 1290 devastantur
1533 1270 1551 1289 a
1575 1260 1738 1296 Romanis,

1090 1303 1164 1333 ibid.
1178 1304 1367 1338 funduntur,
1384 1308 1436 1333 32.

1133 1348 1317 1382 vincuntur,
1335 1351 1366 1379 7,
1384 1351 1435 1378 27.

1132 1400 1238 1420 eornm
1270 1390 1424 1419 exercitus
1455 1389 1595 1418 consedit
1622 1389 1659 1417 ad
1685 1388 1739 1417 Sa-

1089 1434 1213 1468 tricum,
1243 1438 1274 1469 8,
1312 1436 1337 1461 l.
1383 1443 1451 1462 cuin
1487 1433 1607 1461 Volscis
1644 1432 1738 1461 dubio

1089 1477 1192 1506 Marte
1208 1481 1395 1515 pugnatum,
1417 1476 1492 1505 ibid.
1516 1476 1640 1511 fugiunt
1665 1485 1738 1504 noc-

1089 1525 1132 1557 te,
1146 1519 1222 1549 ibid.

1047 1563 1151 1593 Volsci
1168 1563 1328 1599 Antiates,
1345 1567 1376 1599 2,
1394 1567 1445 1592 33,

1047 1607 1157 1636 Volsci
1170 1607 1327 1642 Ecetrani,
1344 1611 1375 1641 2,
1387 1611 1437 1635 25.

1047 1651 1179 1679 Volscus
1195 1660 1277 1686 ager,
1298 1654 1349 1685 10,
1370 1654 1396 1679 1.

1047 1691 1191 1729 Volscus,
1204 1694 1267 1723 vid.
1279 1693 1439 1721 Publilius.

1046 1737 1218 1768 Volsciani,
1247 1736 1411 1773 Hispaniae
1452 1734 1570 1772 popuii,
1599 1739 1654 1768 21,
1690 1738 1739 1764 19.

1089 1789 1142 1809 eos
1175 1783 1284 1808 contra
1311 1780 1424 1808 Poeuos
1450 1778 1619 1806 sollicitant
1646 1778 1738 1815 legati

1090 1823 1237 1858 Romani,
1271 1822 1343 1850 ibid.
1382 1830 1487 1850 eorum
1530 1819 1647 1849 celebre
1685 1831 1737 1858 pei·

1091 1866 1278 1904 Hispaniam
1303 1865 1341 1893 ad
1372 1865 1490 1903 legatos
1515 1864 1670 1892 Romanos
1693 1874 1738 1892 re-

1091 1918 1252 1948 sponsum,
1267 1908 1341 1936 thid.

1048 1953 1092 1981 M.
1112 1952 1254 1981 Volscius
1279 1952 1399 1987 Fictor,
1423 1951 1476 1988 qui
1506 1949 1650 1978 tribunus
1676 1950 1740 1987 ple-

1090 1996 1136 2024 bis
1154 1995 1268 2031 fuerat,
1284 1994 1374 2024 testis
1400 1993 1432 2021 in
1458 1994 1616 2022 Caesonem
1635 1993 1740 2024 Quin-

1089 2040 1168 2068 tium
1195 2037 1312 2072 existit,
1335 2041 1368 2073 3,
1393 2041 1441 2065 13.
1469 2036 1497 2065 ei
1523 2036 1602 2064 diem
1629 2037 1738 2065 dicunt

1089 2083 1129 2112 A.
1152 2081 1314 2111 Cornelius
1343 2084 1373 2109 et
1399 2080 1439 2110 Q.
1471 2079 1631 2115 Servilius,
1655 2089 1737 2117 quae-

1090 2129 1201 2161 stores,
1228 2124 1309 2162 quod
1338 2123 1451 2152 falsum
1477 2131 1532 2160 pro
1555 2123 1739 2151 testimonio

1089 2168 1231 2204 dixisset,
1261 2171 1312 2196 24.
1344 2167 1508 2196 damnatus
1537 2169 1568 2194 et
1597 2166 1628 2194 in
1659 2165 1737 2194 exsi-

1090 2212 1166 2241 lium
1182 2211 1225 2240 ire
1236 2210 1357 2247 jussus,
1373 2213 1423 2240 29.

1047 2254 1271 2287 Volsinienses,
1285 2254 1333 2282 vel
1348 2252 1494 2288 Volsinii,
1506 2260 1580 2290 gens
1591 2251 1735 2287 Etrusca,

1089 2299 1251 2327 incursant
1264 2305 1352 2336 agros
1368 2297 1536 2329 Romanos,
1550 2299 1580 2327 5,
1594 2298 1649 2322 31.
1669 2294 1735 2323 vin-

1089 2346 1213 2374 cuntur,
1228 2344 1281 2369 32.
1297 2340 1334 2368 iis
1349 2338 1480 2368 induciae
1497 2338 1527 2366 in
1545 2337 1656 2375 viginti
1680 2346 1735 2366 an-

1091 2394 1147 2413 nos
1174 2384 1265 2417 datae,
1282 2382 1355 2411 ibid.
1380 2382 1460 2420 apud
1476 2380 1633 2409 Volsinios
1657 2381 1736 2409 clavi

1089 2427 1174 2456 fuere
1190 2426 1306 2455 indices
1322 2433 1487 2460 annorum,
1506 2423 1561 2451 fixi
1578 2423 1739 2461 intemplo

1090 2470 1226 2506 Nortiae,
1242 2469 1380 2498 Etruscae
1397 2468 1485 2501 Deae,
1501 2470 1533 2502 7,
1549 2470 1578 2494 3.
1596 2466 1735 2495 Volsini-

1089 2514 1208 2542 ensium
1220 2512 1338 2549 aliquot
1353 2509 1478 2539 castella
1489 2510 1517 2537 vi
1529 2509 1612 2546 capit
1628 2510 1661 2538 P.
1671 2510 1735 2538 Dc-

1089 2557 1167 2590 cius,
1183 2555 1303 2587 consul,
1321 2558 1354 2588 9,
1366 2558 1383 2582 4
1394 2557 1533 2581 l.e0rum
1547 2561 1619 2590 ager
1631 2556 1735 2581 vasta-

1089 2603 1141 2627 tur
1153 2598 1192 2627 ab
1205 2598 1238 2626 1..
1255 2596 1428 2631 Postumio,
1445 2595 1582 2629 consule,
1600 2599 1648 2632 10,
1662 2600 1715 2626 37.

1047 2641 1196 2677 Volsinii,
1215 2640 1300 2675 urbs,
1321 2643 1372 2675 10,
1387 2644 1439 2669 37.
1457 2643 1509 2671 27,
1527 2642 1577 2667 23.

1047 2686 1226 2716 Voltumnae
1243 2683 1361 2715 fanum,
1377 2686 1408 2715 4,
1427 2686 1476 2710 23.
1496 2686 1525 2715 5,
1546 2685 1591 2712 17.
1605 2681 1643 2709 ad
1660 2679 1736 2709 Vol-

1087 2732 1204 2756 tumnae
1217 2727 1322 2755 fanum
1336 2725 1501 2754 concilium
1515 2724 1735 2753 omniEtrurioe

1088 2770 1251 2802 indictum,
1269 2773 1300 2801 4,
1318 2773 1367 2797 23.
1387 2772 1440 2803 25,
1456 2770 1508 2797 Gi.
1525 2772 1554 2796 ct
1575 2772 1607 2803 5,
1629 2770 1676 2796 17.
1701 2767 1735 2794 lit

1088 2813 1128 2841 ibi
1146 2811 1323 2851 conjuratio
1338 2812 1482 2840 adversus
1497 2811 1737 2845 Romanos‚6,e-
