1805 3174
520 123 905 163 HISTORIARUM
937 126 1142 166 LIBROS.

161 226 192 254 et
210 226 329 263 quare?
357 234 387 265 7,
404 235 433 260 2.
449 240 503 269 per
524 234 722 270 quatriduum
740 236 802 275 pri-

160 276 245 298 mum
260 270 334 300 facti
351 272 389 302 ab
406 274 545 303 aedilibus
564 278 735 314 curulibus,
749 283 801 312 24,

158 315 210 339 43.
221 315 383 351 magnifice
393 323 600 357 apparateque
610 321 697 355 facti,
706 326 760 357 31,
772 326 800 351 4-

118 352 197 382 Ludi
213 356 363 394 Taurilia,
379 363 434 394 39,
454 364 503 389 22.

116 394 274 428 Ludorum
291 401 453 431 sollemnia
466 403 644 442 intermitti,
657 407 754 442 nefas,
771 412 802 445 5,

164 444 188 468 1.
213 442 290 472 Ludi
315 445 352 473 ad
377 446 518 476 aedilibus
545 458 581 477 cx
608 451 802 480 mulctaticia

157 486 290 522 pecunia
299 487 384 524 facti,
399 493 449 525 10,
463 494 514 521 23.
525 491 682 521 Ludorum
693 503 802 524 caussa

155 529 281 565 epulum
296 531 396 565 Jovis,
416 536 469 569 25,
488 537 516 562 2.
535 539 588 571 27,
604 539 656 565 36.
676 541 729 572 29,
747 542 799 567 38.

155 570 188 599 iu
205 572 299 602 Ludis
323 577 480 605 senatoria
497 578 564 606 loca
579 583 696 609 secreta
711 589 729 609 a
744 591 799 619 po·

155 614 243 652 pulo,
255 620 310 653 34,
328 621 377 646 54.
395 619 553 650 Ludorum
577 626 711 657 sumtus,
729 634 798 662 gra-

155 666 207 686 ves
224 667 287 687 non
310 661 403 690 modo
419 662 517 694 Italiae
536 673 571 693 ac
588 667 678 695 sociis
695 667 799 697 Latini

153 701 302 739 nominis,
312 704 363 732 scd
374 704 466 735 etiam
476 707 643 746 provinciis
651 712 798 745 externis,

152 743 391 785 circumscripti,
418 753 473 786 40,
499 755 549 780 44.
577 758 736 783 sumtuum
766 755 798 783 in

152 787 258 818 Ludos
272 789 322 818 vix
337 791 506 823 tolerabilis
522 796 679 833 opulentis
693 799 796 837 reguis

152 829 286 868 insania,
304 837 336 869 7,
353 838 383 863 2.

110 873 189 902 Ludi
206 874 339 912 primum
364 878 400 907 de
423 878 544 909 incerta
566 883 701 920 pecunia
715 886 794 923 voti,

150 921 207 953 31,
224 922 255 948 9.

106 960 200 996 Ludi,
212 961 335 998 injussu
351 968 478 994 senatus
494 967 572 1003 voti,
586 977 648 997 non
664 970 744 999 fiunt
757 971 794 1000 de

149 1012 208 1032 aere
236 1005 374 1042 publico,
399 1010 453 1044 36,
476 1012 527 1039 36.
552 1013 713 1048 pontifices
740 1024 793 1043 ne·

148 1049 225 1081 gant
237 1048 391 1086 pertinere
408 1052 444 1080 ad
463 1053 657 1092 religionem,
675 1062 793 1094 quanta

149 1089 291 1128 impensa
307 1092 385 1121 Ludi
402 1094 491 1131 fiant,
505 1100 561 1132 39,
578 1101 608 1126 5.

105 1131 211 1162 Ludos
235 1133 276 1163 ob
299 1144 345 1164 res
369 1136 447 1166 bene
469 1142 569 1173 gestas
587 1142 712 1178 quando
727 1144 790 1182 pri·

150 1185 234 1205 mum
253 1179 394 1208 coronati
412 1183 646 1219 spectaverint?
673 1188 722 1222 10,
737 1191 790 1218 47.

105 1218 262 1249 Ludiones
275 1230 311 1249 ex
328 1221 455 1253 Etruria
471 1225 574 1263 acciti,
592 1231 623 1263 7,
641 1232 670 1256 2.

101 1262 791 1310 Ludionumconvivaliaoblectamentaquan-

145 1306 184 1334 do
196 1307 328 1344 primum
341 1309 447 1339 Romae
457 1311 564 1341 addita
573 1315 688 1351 equlis?
701 1320 787 1353 39‚6.

101 1348 182 1377 Ludi
200 1347 357 1380 literarum
383 1353 414 1381 in
436 1355 575 1385 tabernis
598 1358 631 1386 in
655 1359 735 1396 foro,
753 1365 786 1396 3,

143 1395 195 1420 44.
208 1396 352 1432 strepunt
362 1396 786 1438 discentiumvocibus,6,25.

99 1434 197 1464 Lunae
207 1436 329 1467 defectu
341 1440 478 1477 crepitus
489 1443 557 1471 aeris
570 1447 661 1474 nocte
677 1446 787 1476 silente

143 1478 216 1507 cieri
232 1478 323 1516 solet,
341 1484 392 1514 26.
411 1486 440 1511 5.

102 1521 201 1550 Lunae
225 1523 347 1561 eclipsis
377 1527 524 1563 praedicta
547 1537 565 1557 a
589 1530 623 1558 C.
648 1531 786 1571 Sulpicio

142 1564 246 1601 Gallo,
261 1567 390 1597 tribuno
402 1570 552 1608 militum,
567 1575 622 1609 44,
639 1578 692 1605 37.

100 1607 198 1636 Lunae
215 1609 297 1638 aedes
314 1610 344 1639 in
363 1612 535 1650 Aventino,
553 1619 605 1650 40,
625 1620 656 1646 2.

99 1651 202 1686 Luna,
220 1652 306 1689 urbs,
320 1658 374 1690 39,
392 1659 441 1683 21.
460 1661 513 1691 48,
536 1662 584 1687 11.

97 1694 194 1722 Lunae
211 1698 331 1732 portus,
348 1701 403 1732 34,
422 1702 448 1727 8.
466 1703 520 1736 39,
540 1705 591 1731 21.
608 1704 637 1730 et
651 1707 704 1732 32.

96 1737 273 1768 Lunensem
283 1748 390 1779 agrum
402 1741 632 1781 depopulantur
643 1746 783 1786 LigureS,

137 1784 193 1817 34,
209 1782 260 1810 56.

96 1823 291 1854 Lunensium
309 1828 341 1854 et
355 1827 539 1859 Pisanorum
556 1830 593 1859 de
608 1831 690 1869 agris
707 1841 781 1862 con-

138 1868 301 1904 troversia,
317 1873 369 1904 45,
387 1875 435 1900 13.

94 1910 185 1948 Lupa
195 1919 345 1941 mammas
357 1913 492 1944 Romulo
503 1919 534 1945 et
543 1916 642 1947 Remo
653 1919 782 1960 praebet,

136 1957 169 1981 et
182 1953 290 1992 lingua
301 1964 412 1993 pueros
424 1958 547 1996 lambit,
567 1965 595 1997 1,
612 1965 641 1990 4.
656 1963 782 1991 simula-

135 2004 188 2025 cra
199 1996 382 2036 infantium,
396 2002 594 2032 conditorum
609 2005 708 2043 urbis,
723 2007 780 2036 sub

137 2039 283 2070 uberibus
301 2042 396 2081 Lupae
411 2045 526 2083 posita,
548 2050 600 2084 10,
616 2052 667 2078 23.

92 2081 258 2120 Lupercal,
280 2088 309 2120 1,
326 2089 354 2114 5.

92 2125 238 2164 Luperci,
254 2127 341 2165 Epit.
361 2131 431 2158 116.

92 2168 201 2207 Lupus
214 2169 247 2198 in
260 2170 362 2200 Gallia
374 2172 459 2207 vigili
474 2173 624 2211 gladium,
638 2184 654 2205 e
667 2177 780 2215 vagina

135 2217 272 2250 raptum,
300 2214 442 2253 abstulit,
466 2220 520 2254 21,
543 2220 594 2246 62.
617 2219 680 2250 vid.
703 2221 778 2251 Pro-

134 2255 163 2283 di
189 2255 227 2284 ia.

91 2265 186 2336 Lupig
196 2299 283 2328 ferrei
308 2300 340 2329 in
364 2306 584 2341 oppugnantes
604 2304 711 2334 urbem
728 2306 776 2335 iu-

130 2341 221 2378 jecti,
239 2346 292 2376 28,
309 2347 340 2373 3.

90 2384 252 2422 Luporum
269 2386 481 2423 simulacrum,
499 2392 551 2425 22,
572 2393 599 2419 l.

89 2426 257 2465 Luscinus,
275 2430 400 2469 regulus
417 2430 582 2470 Hispaniae
605 2433 776 2472 ulterioris,

131 2474 187 2506 33,
204 2475 257 2500 21.

88 2511 268 2551 Lusitania,
292 2518 347 2550 21,
372 2519 425 2545 43.
450 2520 504 2554 27,
529 2521 582 2547 20.
606 2519 776 2550 Lusitaniae

131 2559 269 2593 montes,
285 2561 340 2594 21,
359 2562 413 2587 43.

88 2598 233 2628 Lusitani
256 2599 428 2630 vincuntur
449 2611 467 2631 a
488 2604 522 2633 P.
540 2604 687 2634 Cornelio
710 2605 776 2636 Sci-

131 2641 236 2680 pione,
248 2643 333 2671 caesis
343 2644 503 2674 duodecim
519 2645 668 2682 millibus,
681 2652 775 2686 35,1.

131 2685 257 2714 caedunt
273 2686 446 2725 Romanos,
462 2693 516 2724 37,
532 2692 585 2719 46.
598 2690 777 2722 funduntur

130 2736 149 2757 a
165 2728 199 2756 L.
211 2728 337 2758 AEmilio
349 2729 470 2767 Paullo,
484 2742 625 2770 caesaque
637 2740 713 2765 sunt
724 2737 776 2765 de-

131 2780 197 2800 cem
211 2774 243 2800 et
255 2773 325 2801 octo
338 2772 436 2802 millia
444 2779 646 2812 armatorum,
657 2782 712 2815 37,
725 2784 777 2811 57.

130 2817 164 2843 et
179 2823 230 2843 sex
247 2814 347 2843 millia
361 2824 380 2843 a
392 2816 426 2844 C.
439 2817 551 2847 Atinio
566 2824 709 2858 pratore,
719 2827 776 2863 39,

134 2860 185 2886 21.
210 2858 246 2887 de
270 2857 431 2889 Lusitanis
454 2860 628 2901 triumphat
652 2865 687 2894 C.
707 2865 775 2895 Cal-

1466 142 1539 182 357

893 237 1024 275 purnins
1038 239 1121 276 Piso,
1134 244 1260 278 praetor,
1275 248 1327 278 39,
1344 251 1395 275 42.
1408 247 1444 276 iis
1461 249 1533 278 sub-

893 281 982 315 actis,
1003 282 1177 321 triumphat
1195 286 1230 315 L.
1244 286 1424 318 Postumius
1444 292 1534 320 Albi-

895 332 966 359 nus,
982 328 1036 360 41,
1053 330 1085 355 3.
1103 330 1129 355 et
1150 332 1198 356 11.

848 366 1532 412 LustratioexercitusapudMacedonas,40,6.

847 409 993 439 Lustrata
1008 412 1090 445 urbs,
1107 418 1162 450 35,
1181 420 1211 446 9.

848 453 1026 483 Lustratum
1043 457 1206 495 oppidum,
1222 463 1276 491 42,
1294 463 1345 489 20.

847 495 1008 533 Lustrum,
1028 504 1152 537 propter
1177 502 1366 540 Capitolium
1391 508 1529 543 captum,

889 542 921 567 et
942 541 1077 571 occisum
1102 545 1272 580 consulem,
1291 547 1381 576 condi
1406 550 1526 588 religio-

888 591 955 611 sum
973 588 1032 620 est,
1050 590 1082 619 3,
1102 591 1151 616 22.

846 625 959 654 Lustra
975 628 1070 665 varia,
1094 634 1122 666 1,
1139 635 1190 659 44.
1214 636 1247 666 3,
1263 636 1294 661 8.
1317 636 1478 670 et24.1o,
1497 640 1527 666 9.

886 673 916 696 ct
931 674 982 700 47.
1001 675 1054 707 27,
1071 673 1121 701 36.
1139 678 1193 711 39,
1209 679 1262 705 37.
1277 680 1331 713 35,
1347 681 1379 707 9.
1401 683 1456 716 38,
1474 682 1528 709 36.

887 715 941 747 41,
960 717 988 742 2.
1008 718 1061 747 42,
1085 720 1131 743 10.

843 754 1005 792 Lutarius,
1024 757 1185 788 Gallorum
1205 761 1341 798 regulus,
1359 767 1414 800 38,
1435 767 1483 795 16.

843 799 877 827 C.
893 798 1052 837 Lutatius,
1069 802 1212 832 triumvir
1229 805 1358 834 coloniae
1373 807 1527 838 deducen-

884 841 941 875 dae,
959 852 977 871 a
992 844 1079 873 Boiis
1095 848 1380 885 comprehenditur,
1399 855 1452 888 21,
1469 856 1523 882 25.

883 888 955 922 post
977 891 1096 917 sextum
1120 890 1272 919 decimum
1289 901 1407 922 annum
1432 895 1527 924 servi-

882 931 950 956 tute
965 931 1111 961 eximitur
1123 941 1141 961 a
1157 933 1299 971 Servilio,
1312 937 1454 973 consule,
1469 943 1523 972 30,

887 975 932 1001 19.

840 1014 898 1042 Cn.
914 1015 1059 1045 Lutatius
1077 1018 1184 1053 Cerco,
1200 1023 1254 1053 42,
1271 1022 1300 1048 6.

838 1056 876 1088 Q.
895 1057 1039 1087 Lutatius
1053 1060 1163 1097 Cerco,
1175 1071 1211 1090 eo
1223 1062 1364 1100 consule,
1378 1074 1438 1103 pax
1451 1067 1525 1097 data

881 1101 1206 1140 Carthaginiensibus,
1222 1110 1275 1140 30,
1293 1111 1347 1136 44.

835 1143 940 1171 Luxus
952 1145 1085 1174 Romam
1100 1147 1241 1177 invectus
1254 1149 1293 1178 ab
1306 1150 1442 1180 exercitu
1452 1153 1524 1182 Asi-

878 1187 973 1224 atico,
997 1192 1052 1226 39,
1077 1191 1105 1218 6.
1129 1190 1192 1221 vid.
1215 1195 1243 1220 et
1267 1197 1322 1229 34,
1345 1198 1377 1223 4.
1413 1195 1522 1226 Romae

877 1232 1042 1260 coissrcetur
1057 1242 1074 1261 a
1090 1235 1283 1271 censoribus,
1299 1240 1354 1272 39,
1370 1241 1422 1267 44.

833 1271 999 1310 Lycaonia,
1018 1279 1071 1310 37,
1088 1281 1139 1307 54.
1159 1278 1294 1309 donatur
1311 1279 1522 1319 Eumeni,38,

874 1320 928 1347 39.

832 1358 970 1397 Lyceum
986 1360 1123 1390 Atheni».-
1146 1363 1308 1396 incensum
1325 1376 1344 1396 a
1361 1367 1518 1407 Philippo,

873 1407 930 1439 31,
947 1406 997 1431 24,

831 1445 950 1483 Lyceus
966 1447 1044 1483 Pau,
1067 1451 1096 1483 1,
1115 1452 1144 1478 5.

830 1488 938 1526 Lycia,
957 1493 1012 1526 33,
1029 1493 1082 1519 41.
1100 1495 1154 1526 37,
1177 1496 1225 1523 15.

829 1531 931 1569 Lyciae
947 1536 1052 1571 caput,
1071 1535 1193 1571 Patara,
1211 1536 1284 1566 ibid.

830 1574 916 1612 Lycii
930 1575 992 1604 fusi
1009 1577 1171 1615 fugatique
1185 1588 1203 1607 a
1217 1580 1377 1616 Romanis,
1393 1588 1450 1620 37,
1467 1586 1517 1614 16.

871 1618 1017 1648 attributi
1035 1620 1178 1654 Rhodiis,
1196 1626 1249 1656 38,
1267 1628 1318 1655 39.
1342 1631 1516 1664 queruntur

871 1661 908 1690 de
940 1663 1123 1692 crudelitate
1151 1665 1357 1702 Rhodiorum,
1384 1673 1438 1706 41,
1464 1674 1513 1699 10.

869 1709 1024 1735 vexantur
1037 1706 1117 1736 bello
1131 1707 1169 1736 ab
1181 1709 1322 1745 Rhodiis,
1336 1716 1390 1742 30.
1399 1713 1515 1750 juben-

869 1750 923 1776 tur
938 1757 1005 1778 esse
1021 1749 1123 1786 liberi,
1139 1755 1193 1788 44,
1210 1755 1275 1781 15.’

826 1789 1019 1829 Lychnidus,
1043 1793 1205 1832 oppidum,
1228 1797 1363 1834 capitur,
1386 1802 1439 1836 27,
1460 1803 1512 1829 32.

869 1834 933 1863 vid.
950 1837 979 1863 et
994 1839 1048 1872 43,
1066 1841 1095 1867 9.
1117 1840 1163 1865 10.
1181 1843 1211 1866 ct
1227 1842 1280 1868 21.

827 1877 987 1915 Lyciscus‚
1000 1878 1176 1909 AEtolorum
1193 1885 1318 1920 praetor,
1330 1887 1384 1921 42,
1395 1888 1448 1916 38.
1458 1889 1512 1923 45,

869 1923 921 1950 28.

824 1962 932 2001 Lycho
944 1964 1091 2003 Achaeus,
1104 1966 1268 2004 praefectus
1284 1967 1462 2000 AEtolorum
1480 1975 1512 2001 et

867 2007 1053 2038 Boeotorum
1069 2009 1101 2038 iu
1116 2010 1217 2040 Persei
1229 2014 1378 2047 exercitu,
1392 2018 1447 2048 42,
1459 2018 1511 2046 51.

823 2049 983 2088 LycortaS,
999 2051 1297 2091 Megalopolitanus,
1311 2056 1454 2096 princeps
1468 2058 1511 2087 le·

865 2093 1003 2130 gationis
1015 2095 1203 2125 Achaeorum
1220 2098 1258 2127 ad
1270 2099 1442 2138 Romanos,
1455 2106 1510 2139 38,

865 2140 917 2164 32.
934 2140 1048 2175 praetor
1062 2139 1262 2178 Acbaeorum,
1278 2142 1389 2172 indicit
1404 2145 1509 2173 conci-

866 2179 956 2215 lium,
972 2184 1025 2213 39,
1042 2185 1095 2211 35.
1117 2182 1184 2220 ejus
1207 2185 1245 2213 ad
1262 2186 1323 2224 Ap.
1343 2187 1508 2218 Claudium

866 2222 979 2259 oratio,
995 2225 1048 2252 36.

822 2265 955 2303 Lyctus,
967 2266 1055 2302 urbs,
1072 2268 1158 2307 Epir.
1175 2273 1226 2300 99.

821 2308 954 2346 Lycurgi
970 2309 1146 2348 disciplina,
1159 2313 1209 2341 cui
1226 2322 1280 2351 per
1291 2315 1508 2354 septingentos

865 2360 965 2380 annos
981 2353 1187 2384 adsueverant
1203 2356 1439 2396 Lacedaemouii,
1453 2361 1507 2390 ab·

866 2398 1007 2433 rogatur,
1022 2401 1078 2433 38,
1094 2402 1145 2427 34.
1162 2403 1216 2431 39,
1233 2403 1286 2428 33.
1302 2404 1332 2429 et
1347 2406 1401 2434 37.

822 2437 995 2477 Lycurgus,
1011 2441 1164 2478 tyrannus
1188 2442 1507 2485 Lacedaemoniorum,

864 2484 919 2517 34,
937 2483 988 2511 26.

820 2523 922 2561 Lycus
939 2524 972 2553 in
990 2523 1192 2564 Dassaretiis,
1210 2532 1264 2562 32,
1282 2533 1313 2560 9.

820 2566 918 2604 Lydia
932 2567 1069 2597 donatur
1084 2569 1233 2608 Eumeni,
1249 2576 1304 2609 38,
1322 2577 1374 2604 39.

822 2609 996 2648 Lyncestae,
1011 2612 1133 2650 populi,
1149 2617 1202 2647 45,
1218 2617 1272 2644 30.

820 2651 956 2691 Lyncus,
974 2655 1138 2693 oppidum,
1156 2659 1210 2690 26,
1228 2660 1279 2686 25.
1294 2661 1349 2693 31,
1366 2662 1417 2686 33.

821 2695 1029 2734 Lysimachia,
1052 2699 1138 2733 urbs,
1158 2703 1213 2735 32,
1229 2703 1283 2728 34.
1306 2703 1360 2736 34,
1376 2704 1425 2730 57.
1449 2705 1503 2736 36,

865 2743 914 2768 23.
933 2743 988 2773 37,
1005 2744 1056 2769 35.
1074 2741 1219 2779 diripitur
1240 2745 1272 2770 et
1294 2742 1472 2773 incenditur
1487 2754 1505 2775 a

864 2782 1052 2817 Thracibus,
1066 2788 1121 2819 33,
1132 2787 1182 2812 38.
1198 2793 1265 2813 eam
1278 2785 1438 2816 restituere
1450 2797 1504 2817 cu-

862 2825 911 2863 pit
933 2826 1124 2862 Antiochus,
1140 2826 1214 2856 ibid.
1230 2830 1266 2856 ut
1289 2827 1416 2858 Seleuco
1440 2831 1503 2860 filio

863 2877 929 2897 cam
943 2869 991 2898 det
1004 2869 1088 2904 regni
1098 2869 1212 2908 sedem,
1223 2874 1273 2901 40.
1285 2871 1344 2902 vid.
1353 2877 1382 2901 ct
1391 2877 1500 2912 35,15.
