<?xml version="1.0" encoding="UTF-8"?>
<!DOCTYPE html PUBLIC "-//W3C//DTD XHTML 1.0 Transitional//EN"
    "http://www.w3.org/TR/xhtml1/DTD/xhtml1-transitional.dtd">
<html xmlns="http://www.w3.org/1999/xhtml" xml:lang="en" lang="en">
 <head>
  <title>
</title>
<meta http-equiv="Content-Type" content="text/html;charset=utf-8" />
  <meta name='ocr-system' content='tesseract 3.04.00' />
  <meta name='ocr-capabilities' content='ocr_page ocr_carea ocr_par ocr_line ocrx_word'/>
</head>
<body>
  <div class='ocr_page' id='page_1' title='image "./historiarumaburb04livyuoft/historiarumaburb04livyuoft_0217.png"; bbox 0 0 1831 3194; ppageno 0'>
   <div class='ocr_carea' id='block_1_1' title="bbox 70 135 1697 2084">
    <p class='ocr_par' dir='ltr' id='par_1_1' title="bbox 70 135 1697 2084">
     <span class='ocr_line' id='line_1_1' title="bbox 458 135 1506 182; baseline 0.001 -8"><span class='ocrx_word' id='word_1_1' title='bbox 458 136 521 174; x_wconf 93' lang='lat' dir='ltr'><em>LI</em></span> <span class='ocrx_word' id='word_1_2' title='bbox 537 137 578 174; x_wconf 86' lang='grc' dir='ltr'><em>Β.</em></span> <span class='ocrx_word' id='word_1_3' title='bbox 610 135 731 175; x_wconf 77' lang='lat' dir='ltr'><em>XLV.</em></span> <span class='ocrx_word' id='word_1_4' title='bbox 778 137 809 173; x_wconf 91' lang='lat' dir='ltr'>C</span> <span class='ocrx_word' id='word_1_5' title='bbox 823 136 858 172; x_wconf 92' lang='lat' dir='ltr'><strong>A</strong></span> <span class='ocrx_word' id='word_1_6' title='bbox 874 135 913 172; x_wconf 91' lang='lat' dir='ltr'><em>P.</em></span> <span class='ocrx_word' id='word_1_7' title='bbox 946 135 1139 173; x_wconf 86' lang='lat' dir='ltr'>XXXIX.</span> <span class='ocrx_word' id='word_1_8' title='bbox 1431 141 1506 182; x_wconf 77' lang='lat'><em>209</em></span> 
     </span>
     <span class='ocr_line' id='line_1_2' title="bbox 84 243 1697 298; baseline 0.001 -13"><span class='ocrx_word' id='word_1_9' title='bbox 84 250 175 285; x_wconf 86' lang='lat' dir='ltr'><em>runt</em></span> <span class='ocrx_word' id='word_1_10' title='bbox 193 262 204 285; x_wconf 81' lang='grc'><em>.-</em></span> <span class='ocrx_word' id='word_1_11' title='bbox 235 244 333 285; x_wconf 85' lang='lat' dir='ltr'><em>satis</em></span> <span class='ocrx_word' id='word_1_12' title='bbox 352 244 509 298; x_wconf 84' lang='lat' dir='ltr'><em>insuper</em></span> <span class='ocrx_word' id='word_1_13' title='bbox 525 259 550 284; x_wconf 90' lang='lat' dir='ltr'><em>a</em></span> <span class='ocrx_word' id='word_1_14' title='bbox 570 244 675 285; x_wconf 86' lang='lat' dir='ltr'><em>vobis</em></span> <span class='ocrx_word' id='word_1_15' title='bbox 694 244 735 284; x_wconf 86' lang='lat' dir='ltr'><em>in</em></span> <span class='ocrx_word' id='word_1_16' title='bbox 761 244 812 285; x_wconf 89' lang='lat' dir='ltr'><em>P.</em></span> <span class='ocrx_word' id='word_1_17' title='bbox 831 243 1041 294; x_wconf 70' lang='lat' dir='ltr'><em>Africano.</em></span> <span class='ocrx_word' id='word_1_18' title='bbox 1089 243 1242 284; x_wconf 76' lang='lat' dir='ltr'><em>Literni</em></span> <span class='ocrx_word' id='word_1_19' title='bbox 1262 243 1504 286; x_wconf 78' lang='lat' dir='ltr'><em>domicilium</em></span> <span class='ocrx_word' id='word_1_20' title='bbox 1518 259 1560 291; x_wconf 88' lang='lat' dir='ltr'><em>U.</em></span> <span class='ocrx_word' id='word_1_21' title='bbox 1571 259 1611 292; x_wconf 83' lang='lat' dir='ltr'><em>c.</em></span> <span class='ocrx_word' id='word_1_22' title='bbox 1622 259 1697 291; x_wconf 73' lang='lat'><strong>585.</strong></span> 
     </span>
     <span class='ocr_line' id='line_1_3' title="bbox 82 300 1696 354; baseline 0.001 -13"><span class='ocrx_word' id='word_1_23' title='bbox 82 308 123 340; x_wconf 80' lang='lat' dir='ltr'><em>et</em></span> <span class='ocrx_word' id='word_1_24' title='bbox 142 302 272 342; x_wconf 82' lang='lat' dir='ltr'><em>sedem</em></span> <span class='ocrx_word' id='word_1_25' title='bbox 282 300 413 354; x_wconf 76' lang='lat' dir='ltr'><em>fuisse</em></span> <span class='ocrx_word' id='word_1_26' title='bbox 431 302 635 343; x_wconf 75' lang='lat' dir='ltr'><em>domitoris</em></span> <span class='ocrx_word' id='word_1_27' title='bbox 653 302 694 342; x_wconf 87' lang='lat' dir='ltr'><em>A</em></span> <span class='ocrx_word' id='word_1_28' title='bbox 686 300 806 354; x_wconf 68' lang='lat' dir='ltr'><em>fricco</em></span> <span class='ocrx_word' id='word_1_29' title='bbox 819 301 835 340; x_wconf 71' lang='lat' dir='ltr'><em>l</em></span> <span class='ocrx_word' id='word_1_30' title='bbox 862 300 897 325; x_wconf 76' lang='lat'><em>⁸⁶</em></span> <span class='ocrx_word' id='word_1_31' title='bbox 905 302 1068 342; x_wconf 80' lang='lat' dir='ltr'><em>Literni</em></span> <span class='ocrx_word' id='word_1_32' title='bbox 1087 302 1307 354; x_wconf 85' lang='lat' dir='ltr'><em>sepulcrum</em></span> <span class='ocrx_word' id='word_1_33' title='bbox 1327 304 1478 343; x_wconf 79' lang='lat' dir='ltr'><em>ostendi</em></span> <span class='ocrx_word' id='word_1_34' title='bbox 1491 303 1506 342; x_wconf 85' lang='lat'><em>.&#39;</em></span> <span class='ocrx_word' id='word_1_35' title='bbox 1517 302 1558 335; x_wconf 87' lang='lat' dir='ltr'><em>A.</em></span> <span class='ocrx_word' id='word_1_36' title='bbox 1572 304 1610 335; x_wconf 90' lang='lat' dir='ltr'><em>C.</em></span> <span class='ocrx_word' id='word_1_37' title='bbox 1626 304 1696 334; x_wconf 86' lang='lat'>167.</span> 
     </span>
     <span class='ocr_line' id='line_1_4' title="bbox 80 357 1505 414; baseline 0.001 -16"><span class='ocrx_word' id='word_1_38' title='bbox 80 358 390 410; x_wconf 85' lang='lat' dir='ltr'><em>Erubescamus,</em></span> <span class='ocrx_word' id='word_1_39' title='bbox 411 359 543 413; x_wconf 82' lang='lat' dir='ltr'><em>gloria</em></span> <span class='ocrx_word' id='word_1_40' title='bbox 564 359 598 400; x_wconf 86' lang='lat' dir='ltr'><em>si</em></span> <span class='ocrx_word' id='word_1_41' title='bbox 615 373 691 412; x_wconf 85' lang='lat' dir='ltr'><em>par</em></span> <span class='ocrx_word' id='word_1_42' title='bbox 710 359 791 399; x_wconf 86' lang='lat' dir='ltr'><em>illis</em></span> <span class='ocrx_word' id='word_1_43' title='bbox 810 359 906 400; x_wconf 84' lang='lat' dir='ltr'><em>viris</em></span> <span class='ocrx_word' id='word_1_44' title='bbox 927 360 977 400; x_wconf 89' lang='lat' dir='ltr'><em>L.</em></span> <span class='ocrx_word' id='word_1_45' title='bbox 998 359 1182 407; x_wconf 80' lang='lat' dir='ltr'><em>Paullus,</em></span> <span class='ocrx_word' id='word_1_46' title='bbox 1205 357 1355 414; x_wconf 75' lang='lat' dir='ltr'><em>injuria</em></span> <span class='ocrx_word' id='word_1_47' title='bbox 1369 367 1505 401; x_wconf 86' lang='lat' dir='ltr'><em>vestra</em></span> 
     </span>
     <span class='ocr_line' id='line_1_5' title="bbox 80 415 1505 472; baseline 0.002 -17"><span class='ocrx_word' id='word_1_48' title='bbox 80 424 320 471; x_wconf 76' lang='lat' dir='ltr'><em>exaequetur.</em></span> <span class='ocrx_word' id='word_1_49' title='bbox 382 417 486 458; x_wconf 84' lang='lat' dir='ltr'><em>Haec</em></span> <span class='ocrx_word' id='word_1_50' title='bbox 504 417 630 472; x_wconf 85' lang='lat' dir='ltr'><em>igitur</em></span> <span class='ocrx_word' id='word_1_51' title='bbox 648 417 821 470; x_wconf 84' lang='lat' dir='ltr'><em>primum</em></span> <span class='ocrx_word' id='word_1_52' title='bbox 850 416 1019 470; x_wconf 84' lang='lat' dir='ltr'><em>infamia</em></span> <span class='ocrx_word' id='word_1_53' title='bbox 1049 417 1240 467; x_wconf 78' lang='lat' dir='ltr'><em>deleatur,</em></span> <span class='ocrx_word' id='word_1_54' title='bbox 1251 415 1369 468; x_wconf 76' lang='lat' dir='ltr'><em>faeda</em></span> <span class='ocrx_word' id='word_1_55' title='bbox 1395 420 1505 470; x_wconf 81' lang='lat' dir='ltr'><em>apud</em></span> 
     </span>
     <span class='ocr_line' id='line_1_6' title="bbox 81 473 1501 529; baseline 0.001 -16"><span class='ocrx_word' id='word_1_56' title='bbox 81 473 185 514; x_wconf 79' lang='lat' dir='ltr'><em>alias</em></span> <span class='ocrx_word' id='word_1_57' title='bbox 211 481 361 529; x_wconf 84' lang='lat' dir='ltr'><em>gentes,</em></span> <span class='ocrx_word' id='word_1_58' title='bbox 384 476 577 515; x_wconf 80' lang='lat' dir='ltr'><em>damnosa</em></span> <span class='ocrx_word' id='word_1_59' title='bbox 608 476 716 526; x_wconf 77' lang='lat' dir='ltr'><em>apud</em></span> <span class='ocrx_word' id='word_1_60' title='bbox 743 481 908 515; x_wconf 87' lang='lat' dir='ltr'><em>nostros.</em></span> <span class='ocrx_word' id='word_1_61' title='bbox 975 475 1075 523; x_wconf 74' lang='lat' dir='ltr'><em>Quis</em></span> <span class='ocrx_word' id='word_1_62' title='bbox 1095 474 1194 515; x_wconf 80' lang='lat' dir='ltr'><em>enim</em></span> <span class='ocrx_word' id='word_1_63' title='bbox 1217 482 1284 515; x_wconf 86' lang='lat' dir='ltr'><em>aut</em></span> <span class='ocrx_word' id='word_1_64' title='bbox 1304 473 1501 527; x_wconf 81' lang='lat' dir='ltr'><em>Africani,</em></span> 
     </span>
     <span class='ocr_line' id='line_1_7' title="bbox 79 532 1502 588; baseline 0.002 -18"><span class='ocrx_word' id='word_1_65' title='bbox 79 537 153 571; x_wconf 65' lang='lat' dir='ltr'><em>avit</em></span> <span class='ocrx_word' id='word_1_66' title='bbox 175 532 327 582; x_wconf 84' lang='lat' dir='ltr'><em>Paulli,</em></span> <span class='ocrx_word' id='word_1_67' title='bbox 349 532 489 573; x_wconf 82' lang='lat' dir='ltr'><em>similis</em></span> <span class='ocrx_word' id='word_1_68' title='bbox 509 547 590 573; x_wconf 84' lang='lat' dir='ltr'><em>esse</em></span> <span class='ocrx_word' id='word_1_69' title='bbox 619 533 661 573; x_wconf 87' lang='lat' dir='ltr'><em>in</em></span> <span class='ocrx_word' id='word_1_70' title='bbox 684 533 848 588; x_wconf 82' lang='lat' dir='ltr'><em>ingrata</em></span> <span class='ocrx_word' id='word_1_71' title='bbox 869 539 905 573; x_wconf 87' lang='lat' dir='ltr'><em>et</em></span> <span class='ocrx_word' id='word_1_72' title='bbox 934 532 1093 573; x_wconf 85' lang='lat' dir='ltr'><em>inimica</em></span> <span class='ocrx_word' id='word_1_73' title='bbox 1123 533 1231 573; x_wconf 80' lang='lat' dir='ltr'><em>bonis</em></span> <span class='ocrx_word' id='word_1_74' title='bbox 1261 533 1418 574; x_wconf 82' lang='lat' dir='ltr'><em>civitate</em></span> <span class='ocrx_word' id='word_1_75' title='bbox 1437 547 1502 574; x_wconf 80' lang='lat' dir='ltr'><em>ve-</em></span> 
     </span>
     <span class='ocr_line' id='line_1_8' title="bbox 79 587 1502 645; baseline 0.002 -17"><span class='ocrx_word' id='word_1_76' title='bbox 79 587 162 628; x_wconf 67' lang='lat' dir='ltr'><em>tit?</em></span> <span class='ocrx_word' id='word_1_77' title='bbox 189 589 234 631; x_wconf 85' lang='lat' dir='ltr'><em>Si</em></span> <span class='ocrx_word' id='word_1_78' title='bbox 252 589 422 642; x_wconf 80' lang='lat' dir='ltr'><em>infamia</em></span> <span class='ocrx_word' id='word_1_79' title='bbox 451 591 563 631; x_wconf 87' lang='lat' dir='ltr'><em>nulla</em></span> <span class='ocrx_word' id='word_1_80' title='bbox 589 597 702 640; x_wconf 82' lang='lat' dir='ltr'><em>esset,</em></span> <span class='ocrx_word' id='word_1_81' title='bbox 726 598 764 631; x_wconf 89' lang='lat' dir='ltr'><em>et</em></span> <span class='ocrx_word' id='word_1_82' title='bbox 786 591 835 630; x_wconf 79' lang='lat' dir='ltr'><em>de</em></span> <span class='ocrx_word' id='word_1_83' title='bbox 861 590 996 644; x_wconf 84' lang='lat' dir='ltr'><em>gloria</em></span> <span class='ocrx_word' id='word_1_84' title='bbox 1029 596 1188 630; x_wconf 81' lang='lat' dir='ltr'><em>tantum</em></span> <span class='ocrx_word' id='word_1_85' title='bbox 1209 595 1414 645; x_wconf 75' lang='lat' dir='ltr'><em>ageretur,</em></span> <span class='ocrx_word' id='word_1_86' title='bbox 1435 590 1502 645; x_wconf 86' lang='lat' dir='ltr'><em>qui</em></span> 
     </span>
     <span class='ocr_line' id='line_1_9' title="bbox 77 647 1500 703; baseline 0.001 -17"><span class='ocrx_word' id='word_1_87' title='bbox 77 647 235 687; x_wconf 73' lang='lat' dir='ltr'><em>tandem</em></span> <span class='ocrx_word' id='word_1_88' title='bbox 259 648 475 701; x_wconf 78' lang='lat' dir='ltr'><em>triumphus</em></span> <span class='ocrx_word' id='word_1_89' title='bbox 494 663 570 689; x_wconf 88' lang='lat' dir='ltr'><em>non</em></span> <span class='ocrx_word' id='word_1_90' title='bbox 586 662 826 689; x_wconf 79' lang='lat' dir='ltr'><em>communem</em></span> <span class='ocrx_word' id='word_1_91' title='bbox 849 648 1016 688; x_wconf 85' lang='lat' dir='ltr'><em>nominis</em></span> <span class='ocrx_word' id='word_1_92' title='bbox 1036 648 1212 688; x_wconf 83' lang='lat' dir='ltr'><em>Romani</em></span> <span class='ocrx_word' id='word_1_93' title='bbox 1228 648 1405 703; x_wconf 81' lang='lat' dir='ltr'><em>gloriam</em></span> <span class='ocrx_word' id='word_1_94' title='bbox 1426 648 1500 689; x_wconf 86' lang='lat' dir='ltr'><em>ha-</em></span> 
     </span>
     <span class='ocr_line' id='line_1_10' title="bbox 75 702 1498 759; baseline 0.002 -16"><span class='ocrx_word' id='word_1_95' title='bbox 75 702 176 743; x_wconf 66' lang='lat' dir='ltr'><em>bet?</em></span> <span class='ocrx_word' id='word_1_96' title='bbox 229 705 308 746; x_wconf 88' lang='lat' dir='ltr'><em>Tot</em></span> <span class='ocrx_word' id='word_1_97' title='bbox 337 708 385 746; x_wconf 83' lang='lat' dir='ltr'><em>de</em></span> <span class='ocrx_word' id='word_1_98' title='bbox 409 705 545 747; x_wconf 83' lang='lat' dir='ltr'><em>Gallis</em></span> <span class='ocrx_word' id='word_1_99' title='bbox 573 707 771 759; x_wconf 80' lang='lat' dir='ltr'><em>triumphi,</em></span> <span class='ocrx_word' id='word_1_100' title='bbox 796 712 852 746; x_wconf 86' lang='lat' dir='ltr'><em>tot</em></span> <span class='ocrx_word' id='word_1_101' title='bbox 884 707 933 746; x_wconf 77' lang='lat' dir='ltr'><em>sle</em></span> <span class='ocrx_word' id='word_1_102' title='bbox 952 705 1164 759; x_wconf 75' lang='lat' dir='ltr'><em>Hispanis,</em></span> <span class='ocrx_word' id='word_1_103' title='bbox 1188 712 1244 746; x_wconf 85' lang='lat' dir='ltr'><em>tot</em></span> <span class='ocrx_word' id='word_1_104' title='bbox 1275 707 1325 746; x_wconf 87' lang='lat' dir='ltr'><em>cle</em></span> <span class='ocrx_word' id='word_1_105' title='bbox 1350 706 1498 756; x_wconf 87' lang='lat' dir='ltr'><em>Poenis,</em></span> 
     </span>
     <span class='ocr_line' id='line_1_11' title="bbox 74 761 1500 817; baseline 0.002 -17"><span class='ocrx_word' id='word_1_106' title='bbox 74 761 250 812; x_wconf 85' lang='lat' dir='ltr'><em>ipsorum</em></span> <span class='ocrx_word' id='word_1_107' title='bbox 287 769 439 804; x_wconf 82' lang='lat' dir='ltr'><em>tantum</em></span> <span class='ocrx_word' id='word_1_108' title='bbox 475 764 768 816; x_wconf 76' lang='lat' dir='ltr'><em>imperatorum,</em></span> <span class='ocrx_word' id='word_1_109' title='bbox 801 778 851 804; x_wconf 91' lang='lat' dir='ltr'><em>an</em></span> <span class='ocrx_word' id='word_1_110' title='bbox 884 763 1025 817; x_wconf 79' lang='lat' dir='ltr'><em>populi</em></span> <span class='ocrx_word' id='word_1_111' title='bbox 1062 764 1249 812; x_wconf 79' lang='lat' dir='ltr'><em>Romani,</em></span> <span class='ocrx_word' id='word_1_112' title='bbox 1282 762 1500 805; x_wconf 67' lang='lat' dir='ltr'><em>dicuntur?</em></span> 
     </span>
     <span class='ocr_line' id='line_1_12' title="bbox 77 817 1499 878; baseline 0.003 -20"><span class='ocrx_word' id='word_1_113' title='bbox 77 817 422 866; x_wconf 72' lang='lat' dir='ltr'><em>Quemadmodum</em></span> <span class='ocrx_word' id='word_1_114' title='bbox 453 836 530 861; x_wconf 89' lang='lat' dir='ltr'><em>non</em></span> <span class='ocrx_word' id='word_1_115' title='bbox 561 823 611 862; x_wconf 85' lang='lat' dir='ltr'><em>a&#39;e</em></span> <span class='ocrx_word' id='word_1_116' title='bbox 644 823 800 878; x_wconf 72' lang='lat' dir='ltr'><em>Pyrrho</em></span> <span class='ocrx_word' id='word_1_117' title='bbox 835 822 964 871; x_wconf 80' lang='lat' dir='ltr'><em>modo,</em></span> <span class='ocrx_word' id='word_1_118' title='bbox 986 836 1055 861; x_wconf 86' lang='lat' dir='ltr'><em>nec</em></span> <span class='ocrx_word' id='word_1_119' title='bbox 1085 822 1135 861; x_wconf 77' lang='lat' dir='ltr'><em>de</em></span> <span class='ocrx_word' id='word_1_120' title='bbox 1163 820 1406 871; x_wconf 76' lang='lat' dir='ltr'><em>Hannibale,</em></span> <span class='ocrx_word' id='word_1_121' title='bbox 1427 822 1499 862; x_wconf 83' lang='lat' dir='ltr'><em>sed</em></span> 
     </span>
     <span class='ocr_line' id='line_1_13' title="bbox 74 877 1499 934; baseline 0.002 -18"><span class='ocrx_word' id='word_1_122' title='bbox 74 877 123 916; x_wconf 71' lang='grc' dir='ltr'><em>ἀρ</em></span> <span class='ocrx_word' id='word_1_123' title='bbox 150 877 325 930; x_wconf 83' lang='lat' dir='ltr'><em>Epirotis</em></span> <span class='ocrx_word' id='word_1_124' title='bbox 353 878 830 934; x_wconf 79' lang='lat' dir='ltr'><em>Karthaginiensibusque</em></span> <span class='ocrx_word' id='word_1_125' title='bbox 856 879 1043 931; x_wconf 77' lang='lat' dir='ltr'><em>triumphi</em></span> <span class='ocrx_word' id='word_1_126' title='bbox 1077 879 1158 920; x_wconf 85' lang='lat' dir='ltr'><em>acti</em></span> <span class='ocrx_word' id='word_1_127' title='bbox 1190 885 1279 919; x_wconf 86' lang='lat' dir='ltr'><em>sunt</em></span> <span class='ocrx_word' id='word_1_128' title='bbox 1292 895 1308 927; x_wconf 89' lang='lat'><strong><em>;</em></strong></span> <span class='ocrx_word' id='word_1_129' title='bbox 1339 879 1395 919; x_wconf 86' lang='lat' dir='ltr'><em>sic</em></span> <span class='ocrx_word' id='word_1_130' title='bbox 1423 893 1499 919; x_wconf 89' lang='lat' dir='ltr'><em>non</em></span> 
     </span>
     <span class='ocr_line' id='line_1_14' title="bbox 75 932 1498 988; baseline 0.002 -15"><span class='ocrx_word' id='word_1_131' title='bbox 75 932 160 976; x_wconf 73' lang='lat' dir='ltr'><em>M.</em></span> <span class='ocrx_word' id='word_1_132' title='bbox 186 936 323 976; x_wconf 83' lang='lat' dir='ltr'><em>Curius</em></span> <span class='ocrx_word' id='word_1_133' title='bbox 353 943 522 985; x_wconf 76' lang='lat' dir='ltr'><em>tanturn,</em></span> <span class='ocrx_word' id='word_1_134' title='bbox 556 952 625 977; x_wconf 86' lang='lat' dir='ltr'><em>nec</em></span> <span class='ocrx_word' id='word_1_135' title='bbox 652 939 704 979; x_wconf 85' lang='lat' dir='ltr'><em>P.</em></span> <span class='ocrx_word' id='word_1_136' title='bbox 730 937 947 984; x_wconf 80' lang='lat' dir='ltr'><em>Cornelius,</em></span> <span class='ocrx_word' id='word_1_137' title='bbox 972 938 1040 977; x_wconf 76' lang='lat' dir='ltr'><em>sesl</em></span> <span class='ocrx_word' id='word_1_138' title='bbox 1072 936 1250 976; x_wconf 83' lang='lat' dir='ltr'><em>Romani</em></span> <span class='ocrx_word' id='word_1_139' title='bbox 1279 937 1498 988; x_wconf 84' lang='lat' dir='ltr'><em>triumpha-</em></span> 
     </span>
     <span class='ocr_line' id='line_1_15' title="bbox 70 993 1500 1048; baseline 0.002 -17"><span class='ocrx_word' id='word_1_140' title='bbox 70 999 175 1033; x_wconf 81' lang='lat' dir='ltr'><em>runt.</em></span> <span class='ocrx_word' id='word_1_141' title='bbox 240 993 417 1035; x_wconf 75' lang='lat' dir='ltr'><em>Militum</em></span> <span class='ocrx_word' id='word_1_142' title='bbox 439 995 595 1048; x_wconf 79' lang='lat' dir='ltr'><em>quidem</em></span> <span class='ocrx_word' id='word_1_143' title='bbox 614 996 774 1047; x_wconf 85' lang='lat' dir='ltr'><em>propria</em></span> <span class='ocrx_word' id='word_1_144' title='bbox 794 1001 851 1035; x_wconf 86' lang='lat' dir='ltr'><em>est</em></span> <span class='ocrx_word' id='word_1_145' title='bbox 873 1008 1039 1040; x_wconf 74' lang='lat' dir='ltr'><em>caussa,·</em></span> <span class='ocrx_word' id='word_1_146' title='bbox 1074 995 1141 1046; x_wconf 87' lang='lat' dir='ltr'><em>qui</em></span> <span class='ocrx_word' id='word_1_147' title='bbox 1162 1001 1199 1034; x_wconf 91' lang='lat' dir='ltr'><em>et</em></span> <span class='ocrx_word' id='word_1_148' title='bbox 1219 994 1294 1046; x_wconf 81' lang='lat' dir='ltr'><em>ipsi</em></span> <span class='ocrx_word' id='word_1_149' title='bbox 1316 994 1500 1043; x_wconf 88' lang='lat' dir='ltr'><em>laureati,</em></span> 
     </span>
     <span class='ocr_line' id='line_1_16' title="bbox 74 1050 1499 1106; baseline 0.001 -17"><span class='ocrx_word' id='word_1_150' title='bbox 74 1055 111 1089; x_wconf 85' lang='lat' dir='ltr'><em>et</em></span> <span class='ocrx_word' id='word_1_151' title='bbox 124 1050 286 1105; x_wconf 82' lang='lat' dir='ltr'><em>quisque</em></span> <span class='ocrx_word' id='word_1_152' title='bbox 297 1053 421 1102; x_wconf 78' lang='lat' dir='ltr'><em>(lonis,</em></span> <span class='ocrx_word' id='word_1_153' title='bbox 437 1052 572 1105; x_wconf 80' lang='lat' dir='ltr'><em>quibus</em></span> <span class='ocrx_word' id='word_1_154' title='bbox 584 1053 725 1092; x_wconf 81' lang='lat' dir='ltr'><em>donati</em></span> <span class='ocrx_word' id='word_1_155' title='bbox 736 1058 835 1100; x_wconf 74' lang='lat' dir='ltr'><em>sunt,</em></span> <span class='ocrx_word' id='word_1_156' title='bbox 854 1051 1042 1106; x_wconf 78' lang='lat' dir='ltr'><em>insignes,</em></span> <span class='ocrx_word' id='word_1_157' title='bbox 1056 1050 1331 1104; x_wconf 74' lang='lat' dir='ltr'><em>8⁷triumphum</em></span> <span class='ocrx_word' id='word_1_158' title='bbox 1346 1051 1499 1091; x_wconf 88' lang='lat' dir='ltr'><em>nomine</em></span> 
     </span>
     <span class='ocr_line' id='line_1_17' title="bbox 73 1107 1498 1163; baseline 0.001 -16"><span class='ocrx_word' id='word_1_159' title='bbox 73 1107 187 1156; x_wconf 82' lang='lat' dir='ltr'><em>cient,</em></span> <span class='ocrx_word' id='word_1_160' title='bbox 210 1122 379 1163; x_wconf 72' lang='lat' dir='ltr'><em>suasque</em></span> <span class='ocrx_word' id='word_1_161' title='bbox 393 1118 430 1151; x_wconf 87' lang='lat' dir='ltr'><em>et</em></span> <span class='ocrx_word' id='word_1_162' title='bbox 446 1109 696 1161; x_wconf 79' lang='lat' dir='ltr'><em>imperatoris</em></span> <span class='ocrx_word' id='word_1_163' title='bbox 712 1110 850 1150; x_wconf 79' lang='lat' dir='ltr'><em>laudes</em></span> <span class='ocrx_word' id='word_1_164' title='bbox 866 1116 1051 1149; x_wconf 75' lang='lat' dir='ltr'><em>canentes</em></span> <span class='ocrx_word' id='word_1_165' title='bbox 1067 1123 1137 1160; x_wconf 85' lang='lat' dir='ltr'><em>per</em></span> <span class='ocrx_word' id='word_1_166' title='bbox 1150 1109 1282 1149; x_wconf 85' lang='lat' dir='ltr'><em>urbem</em></span> <span class='ocrx_word' id='word_1_167' title='bbox 1301 1109 1498 1149; x_wconf 80' lang='lat' dir='ltr'><em>incedunt.</em></span> 
     </span>
     <span class='ocr_line' id='line_1_18' title="bbox 72 1165 1499 1220; baseline 0.001 -16"><span class='ocrx_word' id='word_1_168' title='bbox 72 1165 116 1205; x_wconf 85' lang='lat' dir='ltr'><em>Si</em></span> <span class='ocrx_word' id='word_1_169' title='bbox 149 1167 305 1219; x_wconf 80' lang='lat' dir='ltr'><em>quando</em></span> <span class='ocrx_word' id='word_1_170' title='bbox 336 1181 410 1207; x_wconf 87' lang='lat' dir='ltr'><em>non</em></span> <span class='ocrx_word' id='word_1_171' title='bbox 442 1167 644 1218; x_wconf 81' lang='lat' dir='ltr'><em>deportati</em></span> <span class='ocrx_word' id='word_1_172' title='bbox 677 1182 729 1208; x_wconf 79' lang='lat' dir='ltr'><em>ex</em></span> <span class='ocrx_word' id='word_1_173' title='bbox 757 1166 964 1220; x_wconf 84' lang='lat' dir='ltr'><em>provincia</em></span> <span class='ocrx_word' id='word_1_174' title='bbox 999 1166 1137 1206; x_wconf 80' lang='lat' dir='ltr'><em>milites</em></span> <span class='ocrx_word' id='word_1_175' title='bbox 1171 1167 1227 1206; x_wconf 87' lang='lat' dir='ltr'><em>ad</em></span> <span class='ocrx_word' id='word_1_176' title='bbox 1258 1165 1499 1218; x_wconf 76' lang='lat' dir='ltr'><em>triumphuni</em></span> 
     </span>
     <span class='ocr_line' id='line_1_19' title="bbox 71 1221 1498 1279; baseline 0.001 -17"><span class='ocrx_word' id='word_1_177' title='bbox 71 1222 164 1273; x_wconf 85' lang='lat' dir='ltr'><em>sint,</em></span> <span class='ocrx_word' id='word_1_178' title='bbox 174 1221 380 1275; x_wconf 84' lang='lat' dir='ltr'><em>fremunt.-</em></span> <span class='ocrx_word' id='word_1_179' title='bbox 413 1230 449 1264; x_wconf 87' lang='lat' dir='ltr'><em>et</em></span> <span class='ocrx_word' id='word_1_180' title='bbox 471 1230 604 1264; x_wconf 83' lang='lat' dir='ltr'><em>tamen</em></span> <span class='ocrx_word' id='word_1_181' title='bbox 627 1230 708 1264; x_wconf 87' lang='lat' dir='ltr'><em>tum</em></span> <span class='ocrx_word' id='word_1_182' title='bbox 739 1239 893 1279; x_wconf 84' lang='lat' dir='ltr'><em>quoque</em></span> <span class='ocrx_word' id='word_1_183' title='bbox 910 1238 951 1264; x_wconf 89' lang='lat' dir='ltr'><em>se</em></span> <span class='ocrx_word' id='word_1_184' title='bbox 973 1225 1165 1273; x_wconf 75' lang='lat' dir='ltr'><em>absentes,</em></span> <span class='ocrx_word' id='word_1_185' title='bbox 1187 1224 1291 1278; x_wconf 84' lang='lat' dir='ltr'><em>quod</em></span> <span class='ocrx_word' id='word_1_186' title='bbox 1311 1223 1391 1264; x_wconf 87' lang='lat' dir='ltr'><em>suis</em></span> <span class='ocrx_word' id='word_1_187' title='bbox 1411 1237 1498 1264; x_wconf 85' lang='lat' dir='ltr'><em>ma-</em></span> 
     </span>
     <span class='ocr_line' id='line_1_20' title="bbox 72 1280 1498 1336; baseline 0.001 -16"><span class='ocrx_word' id='word_1_188' title='bbox 72 1280 184 1320; x_wconf 84' lang='lat' dir='ltr'><em>nibus</em></span> <span class='ocrx_word' id='word_1_189' title='bbox 210 1287 332 1333; x_wconf 82' lang='lat' dir='ltr'><em>parta</em></span> <span class='ocrx_word' id='word_1_190' title='bbox 361 1282 522 1323; x_wconf 79' lang='lat' dir='ltr'><em>victoria</em></span> <span class='ocrx_word' id='word_1_191' title='bbox 550 1282 614 1331; x_wconf 86' lang='lat' dir='ltr'><em>sit,</em></span> <span class='ocrx_word' id='word_1_192' title='bbox 638 1282 884 1335; x_wconf 80' lang='lat' dir='ltr'><em>triumphare</em></span> <span class='ocrx_word' id='word_1_193' title='bbox 910 1283 1085 1322; x_wconf 78' lang='lat' dir='ltr'><em>credunt.</em></span> <span class='ocrx_word' id='word_1_194' title='bbox 1148 1281 1194 1322; x_wconf 85' lang='lat' dir='ltr'><em>Si</em></span> <span class='ocrx_word' id='word_1_195' title='bbox 1223 1280 1313 1336; x_wconf 85' lang='lat' dir='ltr'><em>quis</em></span> <span class='ocrx_word' id='word_1_196' title='bbox 1341 1295 1411 1321; x_wconf 84' lang='lat' dir='ltr'><em>vos</em></span> <span class='ocrx_word' id='word_1_197' title='bbox 1436 1281 1498 1321; x_wconf 88' lang='lat' dir='ltr'><em>in-</em></span> 
     </span>
     <span class='ocr_line' id='line_1_21' title="bbox 76 1338 1495 1393; baseline 0.001 -16"><span class='ocrx_word' id='word_1_198' title='bbox 76 1344 263 1393; x_wconf 83' lang='lat' dir='ltr'><em>terroget,</em></span> <span class='ocrx_word' id='word_1_199' title='bbox 280 1339 435 1388; x_wconf 87' lang='lat' dir='ltr'><em>milites,</em></span> <span class='ocrx_word' id='word_1_200' title='bbox 444 1340 499 1379; x_wconf 80' lang='lat' dir='ltr'><em>acl</em></span> <span class='ocrx_word' id='word_1_201' title='bbox 512 1353 633 1393; x_wconf 84' lang='lat' dir='ltr'><em>quam</em></span> <span class='ocrx_word' id='word_1_202' title='bbox 647 1354 731 1380; x_wconf 88' lang='lat' dir='ltr'><em>rem</em></span> <span class='ocrx_word' id='word_1_203' title='bbox 741 1340 782 1380; x_wconf 90' lang='lat' dir='ltr'><em>in</em></span> <span class='ocrx_word' id='word_1_204' title='bbox 798 1339 964 1380; x_wconf 88' lang='lat' dir='ltr'><em>Italiam</em></span> <span class='ocrx_word' id='word_1_205' title='bbox 977 1340 1189 1391; x_wconf 81' lang='lat' dir='ltr'><em>deportati,</em></span> <span class='ocrx_word' id='word_1_206' title='bbox 1206 1345 1244 1379; x_wconf 88' lang='lat' dir='ltr'><em>et</em></span> <span class='ocrx_word' id='word_1_207' title='bbox 1255 1353 1330 1379; x_wconf 87' lang='lat' dir='ltr'><em>non</em></span> <span class='ocrx_word' id='word_1_208' title='bbox 1342 1338 1495 1388; x_wconf 82' lang='lat' dir='ltr'><em>statim,</em></span> 
     </span>
     <span class='ocr_line' id='line_1_22' title="bbox 72 1394 1498 1452; baseline 0 -17"><span class='ocrx_word' id='word_1_209' title='bbox 72 1394 248 1448; x_wconf 76' lang='lat' dir='ltr'><em>confecta</em></span> <span class='ocrx_word' id='word_1_210' title='bbox 262 1397 476 1449; x_wconf 81' lang='lat' dir='ltr'><em>provincia,</em></span> <span class='ocrx_word' id='word_1_211' title='bbox 492 1397 643 1438; x_wconf 81' lang='lat' dir='ltr'><em>dimissi</em></span> <span class='ocrx_word' id='word_1_212' title='bbox 657 1396 773 1438; x_wconf 62' lang='lat' dir='ltr'><em>sitis?</em></span> <span class='ocrx_word' id='word_1_213' title='bbox 801 1397 895 1452; x_wconf 81' lang='lat' dir='ltr'><em>quid</em></span> <span class='ocrx_word' id='word_1_214' title='bbox 911 1397 1080 1438; x_wconf 86' lang='lat' dir='ltr'><em>Romam</em></span> <span class='ocrx_word' id='word_1_215' title='bbox 1086 1395 1322 1451; x_wconf 70' lang='lat' dir='ltr'><em>frequentes</em></span> <span class='ocrx_word' id='word_1_216' title='bbox 1332 1396 1403 1435; x_wconf 81' lang='lat' dir='ltr'><em>snb</em></span> <span class='ocrx_word' id='word_1_217' title='bbox 1414 1397 1498 1451; x_wconf 87' lang='lat' dir='ltr'><em>sig-</em></span> 
     </span>
     <span class='ocr_line' id='line_1_23' title="bbox 71 1452 1498 1509; baseline 0 -16"><span class='ocrx_word' id='word_1_218' title='bbox 71 1452 134 1494; x_wconf 78' lang='lat' dir='ltr'><em>nis</em></span> <span class='ocrx_word' id='word_1_219' title='bbox 158 1455 351 1503; x_wconf 83' lang='lat' dir='ltr'><em>veneritis,</em></span> <span class='ocrx_word' id='word_1_220' title='bbox 375 1455 473 1509; x_wconf 83' lang='lat' dir='ltr'><em>quid</em></span> <span class='ocrx_word' id='word_1_221' title='bbox 501 1455 703 1496; x_wconf 83' lang='lat' dir='ltr'><em>moremini</em></span> <span class='ocrx_word' id='word_1_222' title='bbox 727 1454 801 1504; x_wconf 88' lang='lat' dir='ltr'><em>hic,</em></span> <span class='ocrx_word' id='word_1_223' title='bbox 823 1461 862 1494; x_wconf 90' lang='lat' dir='ltr'><em>et</em></span> <span class='ocrx_word' id='word_1_224' title='bbox 891 1469 967 1495; x_wconf 88' lang='lat' dir='ltr'><em>non</em></span> <span class='ocrx_word' id='word_1_225' title='bbox 997 1454 1144 1494; x_wconf 85' lang='lat' dir='ltr'><em>diversi</em></span> <span class='ocrx_word' id='word_1_226' title='bbox 1173 1455 1309 1494; x_wconf 84' lang='lat' dir='ltr'><em>domos</em></span> <span class='ocrx_word' id='word_1_227' title='bbox 1337 1453 1498 1508; x_wconf 84' lang='lat' dir='ltr'><em>quisque</em></span> 
     </span>
     <span class='ocr_line' id='line_1_24' title="bbox 72 1509 1499 1566; baseline 0.001 -16"><span class='ocrx_word' id='word_1_228' title='bbox 72 1511 223 1552; x_wconf 83' lang='lat' dir='ltr'><em>abeatis</em></span> <span class='ocrx_word' id='word_1_229' title='bbox 237 1519 389 1552; x_wconf 85' lang='lat' dir='ltr'><em>vestras</em></span> <span class='ocrx_word' id='word_1_230' title='bbox 401 1510 424 1551; x_wconf 67' lang='lat'>?</span> <span class='ocrx_word' id='word_1_231' title='bbox 453 1512 550 1566; x_wconf 85' lang='lat' dir='ltr'><em>quid</em></span> <span class='ocrx_word' id='word_1_232' title='bbox 565 1512 676 1553; x_wconf 85' lang='lat' dir='ltr'><em>aliud</em></span> <span class='ocrx_word' id='word_1_233' title='bbox 690 1511 975 1564; x_wconf 82' lang='lat' dir='ltr'><em>respondeatis,</em></span> <span class='ocrx_word' id='word_1_234' title='bbox 990 1525 1111 1565; x_wconf 86' lang='lat' dir='ltr'><em>quam</em></span> <span class='ocrx_word' id='word_1_235' title='bbox 1122 1524 1191 1552; x_wconf 89' lang='lat' dir='ltr'><em>vos</em></span> <span class='ocrx_word' id='word_1_236' title='bbox 1208 1509 1499 1563; x_wconf 81' lang='lat' dir='ltr'><em>triumphantes</em></span> 
     </span>
     <span class='ocr_line' id='line_1_25' title="bbox 73 1567 1345 1622; baseline -0.001 -13"><span class='ocrx_word' id='word_1_237' title='bbox 73 1568 199 1609; x_wconf 85' lang='lat' dir='ltr'><em>videri</em></span> <span class='ocrx_word' id='word_1_238' title='bbox 217 1567 349 1610; x_wconf 60' lang='lat' dir='ltr'><em>velle?</em></span> <span class='ocrx_word' id='word_1_239' title='bbox 377 1568 412 1594; x_wconf 74' lang='lat'><em>⁸⁸</em></span> <span class='ocrx_word' id='word_1_240' title='bbox 430 1569 505 1609; x_wconf 92' lang='lat' dir='ltr'><em>Vos</em></span> <span class='ocrx_word' id='word_1_241' title='bbox 525 1575 629 1610; x_wconf 85' lang='lat' dir='ltr'><em>certe</em></span> <span class='ocrx_word' id='word_1_242' title='bbox 647 1569 810 1610; x_wconf 87' lang='lat' dir='ltr'><em>victores</em></span> <span class='ocrx_word' id='word_1_243' title='bbox 830 1569 998 1622; x_wconf 75' lang='lat' dir='ltr'><em>conspici</em></span> <span class='ocrx_word' id='word_1_244' title='bbox 1017 1568 1114 1609; x_wconf 82' lang='lat' dir='ltr'><em>velle</em></span> <span class='ocrx_word' id='word_1_245' title='bbox 1131 1568 1345 1609; x_wconf 84' lang='lat' dir='ltr'><em>debebatis.</em></span> 
     </span>
     <span class='ocr_line' id='line_1_26' title="bbox 131 1623 1498 1679; baseline 0 -13"><span class='ocrx_word' id='word_1_246' title='bbox 131 1626 370 1667; x_wconf 81' lang='lat' dir='ltr'>XXXIX.</span> <span class='ocrx_word' id='word_1_247' title='bbox 408 1626 452 1667; x_wconf 90' lang='lat' dir='ltr'><em>T</em></span> <span class='ocrx_word' id='word_1_248' title='bbox 446 1627 710 1679; x_wconf 84' lang='lat' dir='ltr'><em>riumphatum</em></span> <span class='ocrx_word' id='word_1_249' title='bbox 737 1641 860 1679; x_wconf 81' lang='lat' dir='ltr'><em>nuper</em></span> <span class='ocrx_word' id='word_1_250' title='bbox 880 1627 929 1666; x_wconf 83' lang='lat' dir='ltr'><em>de</em></span> <span class='ocrx_word' id='word_1_251' title='bbox 948 1625 1149 1679; x_wconf 84' lang='lat' dir='ltr'><em>Philippo,</em></span> <span class='ocrx_word' id='word_1_252' title='bbox 1168 1631 1287 1678; x_wconf 89' lang='lat' dir='ltr'><em>patre</em></span> <span class='ocrx_word' id='word_1_253' title='bbox 1313 1623 1439 1679; x_wconf 78' lang='lat' dir='ltr'><em>hujus,</em></span> <span class='ocrx_word' id='word_1_254' title='bbox 1461 1632 1498 1667; x_wconf 89' lang='lat' dir='ltr'><em>et</em></span> 
     </span>
     <span class='ocr_line' id='line_1_27' title="bbox 73 1682 1496 1739; baseline 0.001 -17"><span class='ocrx_word' id='word_1_255' title='bbox 73 1683 124 1722; x_wconf 80' lang='lat' dir='ltr'><em>(Ie</em></span> <span class='ocrx_word' id='word_1_256' title='bbox 137 1682 336 1724; x_wconf 81' lang='lat' dir='ltr'><em>Antiocho</em></span> <span class='ocrx_word' id='word_1_257' title='bbox 356 1691 425 1725; x_wconf 88' lang='lat' dir='ltr'><em>est.</em></span> <span class='ocrx_word' id='word_1_258' title='bbox 447 1684 564 1724; x_wconf 84' lang='lat' dir='ltr'><em>ambo</em></span> <span class='ocrx_word' id='word_1_259' title='bbox 583 1684 824 1739; x_wconf 80' lang='lat' dir='ltr'><em>regnabant,</em></span> <span class='ocrx_word' id='word_1_260' title='bbox 841 1698 955 1738; x_wconf 82' lang='lat' dir='ltr'><em>quum</em></span> <span class='ocrx_word' id='word_1_261' title='bbox 972 1684 1021 1723; x_wconf 83' lang='lat' dir='ltr'><em>de</em></span> <span class='ocrx_word' id='word_1_262' title='bbox 1041 1683 1101 1724; x_wconf 81' lang='lat' dir='ltr'><em>his</em></span> <span class='ocrx_word' id='word_1_263' title='bbox 1122 1683 1410 1736; x_wconf 83' lang='lat' dir='ltr'><em>triumphatum</em></span> <span class='ocrx_word' id='word_1_264' title='bbox 1429 1690 1496 1724; x_wconf 85' lang='lat' dir='ltr'><em>est.</em></span> 
     </span>
     <span class='ocr_line' id='line_1_28' title="bbox 73 1739 1497 1794; baseline -0.001 -13"><span class='ocrx_word' id='word_1_265' title='bbox 73 1740 143 1781; x_wconf 79' lang='lat' dir='ltr'><em>De</em></span> <span class='ocrx_word' id='word_1_266' title='bbox 158 1742 305 1782; x_wconf 83' lang='lat' dir='ltr'><em>Perseo</em></span> <span class='ocrx_word' id='word_1_267' title='bbox 319 1748 451 1794; x_wconf 84' lang='lat' dir='ltr'><em>capto,</em></span> <span class='ocrx_word' id='word_1_268' title='bbox 467 1741 507 1782; x_wconf 88' lang='lat' dir='ltr'><em>in</em></span> <span class='ocrx_word' id='word_1_269' title='bbox 528 1742 663 1782; x_wconf 84' lang='lat' dir='ltr'><em>urbem</em></span> <span class='ocrx_word' id='word_1_270' title='bbox 683 1756 773 1782; x_wconf 86' lang='lat' dir='ltr'><em>cum</em></span> <span class='ocrx_word' id='word_1_271' title='bbox 793 1741 925 1782; x_wconf 88' lang='lat' dir='ltr'><em>liberis</em></span> <span class='ocrx_word' id='word_1_272' title='bbox 939 1741 1122 1790; x_wconf 78' lang='lat' dir='ltr'><em>abducto,</em></span> <span class='ocrx_word' id='word_1_273' title='bbox 1139 1755 1215 1781; x_wconf 87' lang='lat' dir='ltr'><em>uon</em></span> <span class='ocrx_word' id='word_1_274' title='bbox 1237 1739 1497 1793; x_wconf 85' lang='lat' dir='ltr'><em>triumphabi-</em></span> 
     </span>
     <span class='ocr_line' id='line_1_29' title="bbox 71 1797 1498 1853; baseline 0.001 -15"><span class='ocrx_word' id='word_1_275' title='bbox 71 1803 133 1838; x_wconf 84' lang='lat' dir='ltr'><em>tur</em></span> <span class='ocrx_word' id='word_1_276' title='bbox 146 1797 168 1838; x_wconf 68' lang='lat' dir='ltr'><em>‚P</em></span> <span class='ocrx_word' id='word_1_277' title='bbox 202 1798 323 1847; x_wconf 74' lang='lat' dir='ltr'><em>Quod</em></span> <span class='ocrx_word' id='word_1_278' title='bbox 341 1800 376 1839; x_wconf 88' lang='lat' dir='ltr'><em>si</em></span> <span class='ocrx_word' id='word_1_279' title='bbox 395 1799 435 1840; x_wconf 89' lang='lat' dir='ltr'><em>iu</em></span> <span class='ocrx_word' id='word_1_280' title='bbox 456 1813 571 1840; x_wconf 87' lang='lat' dir='ltr'><em>curru</em></span> <span class='ocrx_word' id='word_1_281' title='bbox 591 1799 827 1840; x_wconf 85' lang='lat' dir='ltr'><em>scandentes</em></span> <span class='ocrx_word' id='word_1_282' title='bbox 844 1798 1101 1853; x_wconf 79' lang='lat' dir='ltr'><em>Capitolium,</em></span> <span class='ocrx_word' id='word_1_283' title='bbox 1119 1804 1283 1839; x_wconf 85' lang='lat' dir='ltr'><em>auratos</em></span> <span class='ocrx_word' id='word_1_284' title='bbox 1297 1811 1498 1851; x_wconf 85' lang='lat' dir='ltr'><em>purpura-</em></span> 
     </span>
     <span class='ocr_line' id='line_1_30' title="bbox 76 1855 1497 1910; baseline 0 -14"><span class='ocrx_word' id='word_1_285' title='bbox 76 1861 223 1910; x_wconf 88' lang='lat' dir='ltr'><em>tosque,</em></span> <span class='ocrx_word' id='word_1_286' title='bbox 241 1871 293 1897; x_wconf 78' lang='lat' dir='ltr'><em>ex</em></span> <span class='ocrx_word' id='word_1_287' title='bbox 307 1855 494 1909; x_wconf 86' lang='lat' dir='ltr'><em>inferiore</em></span> <span class='ocrx_word' id='word_1_288' title='bbox 512 1857 597 1898; x_wconf 89' lang='lat' dir='ltr'><em>loco</em></span> <span class='ocrx_word' id='word_1_289' title='bbox 612 1857 668 1898; x_wconf 90' lang='lat' dir='ltr'><em>L.</em></span> <span class='ocrx_word' id='word_1_290' title='bbox 683 1857 856 1900; x_wconf 80' lang='lat' dir='ltr'><em>Paullus</em></span> <span class='ocrx_word' id='word_1_291' title='bbox 870 1857 911 1897; x_wconf 90' lang='lat' dir='ltr'><em>in</em></span> <span class='ocrx_word' id='word_1_292' title='bbox 926 1855 1044 1898; x_wconf 89' lang='lat' dir='ltr'><em>turba</em></span> <span class='ocrx_word' id='word_1_293' title='bbox 1057 1862 1152 1910; x_wconf 84' lang='lat' dir='ltr'><em>toga</em></span> <span class='ocrx_word' id='word_1_294' title='bbox 1159 1861 1283 1896; x_wconf 87' lang='lat' dir='ltr'><em>torum</em></span> <span class='ocrx_word' id='word_1_295' title='bbox 1299 1869 1397 1896; x_wconf 83' lang='lat' dir='ltr'><em>unus</em></span> <span class='ocrx_word' id='word_1_296' title='bbox 1411 1855 1497 1908; x_wconf 85' lang='lat' dir='ltr'><em>pri-</em></span> 
     </span>
     <span class='ocr_line' id='line_1_31' title="bbox 71 1912 1499 1970; baseline 0.001 -17"><span class='ocrx_word' id='word_1_297' title='bbox 71 1920 186 1954; x_wconf 86' lang='lat' dir='ltr'><em>vatus</em></span> <span class='ocrx_word' id='word_1_298' title='bbox 225 1913 461 1970; x_wconf 85' lang='lat' dir='ltr'><em>interroget:</em></span> <span class='ocrx_word' id='word_1_299' title='bbox 503 1915 555 1956; x_wconf 87' lang='lat' dir='ltr'><em>L.</em></span> <span class='ocrx_word' id='word_1_300' title='bbox 576 1915 706 1964; x_wconf 86' lang='lat' dir='ltr'><em>Anici,</em></span> <span class='ocrx_word' id='word_1_301' title='bbox 741 1916 815 1957; x_wconf 87' lang='lat' dir='ltr'><em>Cn.</em></span> <span class='ocrx_word' id='word_1_302' title='bbox 841 1913 997 1962; x_wconf 86' lang='lat' dir='ltr'><em>Octavi,</em></span> <span class='ocrx_word' id='word_1_303' title='bbox 1026 1919 1157 1954; x_wconf 85' lang='lat' dir='ltr'><em>utrum</em></span> <span class='ocrx_word' id='word_1_304' title='bbox 1191 1926 1263 1954; x_wconf 82' lang='lat' dir='ltr'><em>vos</em></span> <span class='ocrx_word' id='word_1_305' title='bbox 1297 1912 1499 1968; x_wconf 83' lang='lat' dir='ltr'><em>digniores</em></span> 
     </span>
     <span class='ocr_line' id='line_1_32' title="bbox 73 1970 1498 2024; baseline 0.001 -14"><span class='ocrx_word' id='word_1_306' title='bbox 73 1970 268 2024; x_wconf 86' lang='lat' dir='ltr'><em>triumpho</em></span> <span class='ocrx_word' id='word_1_307' title='bbox 289 1985 384 2020; x_wconf 85' lang='lat' dir='ltr'><em>esse,</em></span> <span class='ocrx_word' id='word_1_308' title='bbox 403 1986 455 2013; x_wconf 89' lang='lat' dir='ltr'><em>an</em></span> <span class='ocrx_word' id='word_1_309' title='bbox 475 1986 549 2021; x_wconf 88' lang='lat' dir='ltr'><em>me,</em></span> <span class='ocrx_word' id='word_1_310' title='bbox 566 1973 726 2013; x_wconf 88' lang='lat' dir='ltr'><em>censetis</em></span> <span class='ocrx_word' id='word_1_311' title='bbox 738 1970 760 2011; x_wconf 65' lang='lat' dir='ltr'><em>&lt;A</em></span> <span class='ocrx_word' id='word_1_312' title='bbox 781 1986 936 2013; x_wconf 84' lang='lat' dir='ltr'><em>currum</em></span> <span class='ocrx_word' id='word_1_313' title='bbox 956 1971 993 2011; x_wconf 89' lang='lat' dir='ltr'><em>ei</em></span> <span class='ocrx_word' id='word_1_314' title='bbox 1012 1970 1171 2021; x_wconf 83' lang='lat' dir='ltr'><em>cessuri,</em></span> <span class='ocrx_word' id='word_1_315' title='bbox 1188 1977 1227 2011; x_wconf 87' lang='lat' dir='ltr'><em>et</em></span> <span class='ocrx_word' id='word_1_316' title='bbox 1245 1984 1327 2023; x_wconf 81' lang='lat' dir='ltr'><em>prae</em></span> <span class='ocrx_word' id='word_1_317' title='bbox 1343 1971 1498 2023; x_wconf 81' lang='lat' dir='ltr'><em>pudore</em></span> 
     </span>
     <span class='ocr_line' id='line_1_33' title="bbox 70 2027 1496 2084; baseline 0 -16"><span class='ocrx_word' id='word_1_318' title='bbox 70 2027 249 2070; x_wconf 83' lang='lat' dir='ltr'><em>videntur</em></span> <span class='ocrx_word' id='word_1_319' title='bbox 269 2028 448 2084; x_wconf 84' lang='lat' dir='ltr'><em>insignia</em></span> <span class='ocrx_word' id='word_1_320' title='bbox 467 2029 545 2083; x_wconf 87' lang='lat' dir='ltr'><em>ipsi</em></span> <span class='ocrx_word' id='word_1_321' title='bbox 558 2043 635 2071; x_wconf 86' lang='lat' dir='ltr'><em>sua</em></span> <span class='ocrx_word' id='word_1_322' title='bbox 656 2029 853 2071; x_wconf 82' lang='lat' dir='ltr'><em>tradituri.</em></span> <span class='ocrx_word' id='word_1_323' title='bbox 885 2029 942 2070; x_wconf 92' lang='lat' dir='ltr'><em>Et</em></span> <span class='ocrx_word' id='word_1_324' title='bbox 957 2043 1024 2070; x_wconf 88' lang='lat' dir='ltr'><em>vos</em></span> <span class='ocrx_word' id='word_1_325' title='bbox 1041 2028 1241 2081; x_wconf 85' lang='lat' dir='ltr'><em>Gentium,</em></span> <span class='ocrx_word' id='word_1_326' title='bbox 1255 2042 1377 2083; x_wconf 82' lang='lat' dir='ltr'><em>quam</em></span> <span class='ocrx_word' id='word_1_327' title='bbox 1392 2028 1496 2069; x_wconf 90' lang='lat' dir='ltr'><em>Per-</em></span> 
     </span>
    </p>
   </div>
   <div class='ocr_carea' id='block_1_2' title="bbox 74 2226 1497 2351">
    <p class='ocr_par' dir='ltr' id='par_1_2' title="bbox 74 2226 1497 2351">
     <span class='ocr_line' id='line_1_34' title="bbox 117 2226 1497 2270; baseline 0 -11"><span class='ocrx_word' id='word_1_328' title='bbox 117 2229 158 2259; x_wconf 85' lang='lat'><em>86</em></span> <span class='ocrx_word' id='word_1_329' title='bbox 189 2227 306 2258; x_wconf 82' lang='lat' dir='ltr'><em>Literni</em></span> <span class='ocrx_word' id='word_1_330' title='bbox 340 2228 505 2266; x_wconf 81' lang='lat' dir='ltr'><em>sepulcrum</em></span> <span class='ocrx_word' id='word_1_331' title='bbox 541 2228 678 2258; x_wconf 81' lang='lat' dir='ltr'><em>ostendi!</em></span> <span class='ocrx_word' id='word_1_332' title='bbox 722 2228 765 2258; x_wconf 87' lang='lat' dir='ltr'><em>E·</em></span> <span class='ocrx_word' id='word_1_333' title='bbox 807 2237 863 2270; x_wconf 81' lang='lat' dir='ltr'><em>per</em></span> <span class='ocrx_word' id='word_1_334' title='bbox 885 2227 1097 2259; x_wconf 86' lang='lat' dir='ltr'><em>vehementem</em></span> <span class='ocrx_word' id='word_1_335' title='bbox 1122 2226 1268 2258; x_wconf 80' lang='lat' dir='ltr'><em>affectum</em></span> <span class='ocrx_word' id='word_1_336' title='bbox 1296 2227 1497 2270; x_wconf 81' lang='lat' dir='ltr'><em>supprimitur</em></span> 
     </span>
     <span class='ocr_line' id='line_1_35' title="bbox 74 2270 1495 2313; baseline -0.001 -11"><span class='ocrx_word' id='word_1_337' title='bbox 74 2273 268 2306; x_wconf 82' lang='lat' dir='ltr'><em>rubescamus,</em></span> <span class='ocrx_word' id='word_1_338' title='bbox 289 2271 386 2312; x_wconf 83' lang='lat' dir='ltr'><em>gloria</em></span> <span class='ocrx_word' id='word_1_339' title='bbox 407 2272 432 2301; x_wconf 85' lang='lat' dir='ltr'><em>si</em></span> <span class='ocrx_word' id='word_1_340' title='bbox 450 2270 524 2312; x_wconf 80' lang='lat' dir='ltr'><em>par]</em></span> <span class='ocrx_word' id='word_1_341' title='bbox 555 2271 634 2301; x_wconf 82' lang='lat' dir='ltr'><em>Haee</em></span> <span class='ocrx_word' id='word_1_342' title='bbox 656 2281 766 2313; x_wconf 85' lang='lat' dir='ltr'><em>parum</em></span> <span class='ocrx_word' id='word_1_343' title='bbox 809 2272 964 2312; x_wconf 84' lang='lat' dir='ltr'><em>integrum</em></span> <span class='ocrx_word' id='word_1_344' title='bbox 985 2270 1130 2302; x_wconf 84' lang='lat' dir='ltr'><em>orationis</em></span> <span class='ocrx_word' id='word_1_345' title='bbox 1153 2271 1340 2301; x_wconf 84' lang='lat' dir='ltr'><em>membrum.</em></span> <span class='ocrx_word' id='word_1_346' title='bbox 1385 2271 1495 2313; x_wconf 84' lang='lat' dir='ltr'><em>virgil.</em></span> 
     </span>
     <span class='ocr_line' id='line_1_36' title="bbox 75 2313 1495 2351; baseline -0.001 -6"><span class='ocrx_word' id='word_1_347' title='bbox 75 2325 152 2346; x_wconf 84' lang='lat' dir='ltr'><em>sana</em></span> <span class='ocrx_word' id='word_1_348' title='bbox 163 2318 244 2346; x_wconf 83' lang='lat' dir='ltr'><em>esset</em></span> <span class='ocrx_word' id='word_1_349' title='bbox 256 2318 361 2344; x_wconf 85' lang='lat' dir='ltr'><em>monet</em></span> <span class='ocrx_word' id='word_1_350' title='bbox 374 2313 564 2351; x_wconf 75' lang='lat' dir='ltr'><em>Gronovius,</em></span> <span class='ocrx_word' id='word_1_351' title='bbox 576 2319 607 2345; x_wconf 86' lang='lat' dir='ltr'><em>et</em></span> <span class='ocrx_word' id='word_1_352' title='bbox 618 2315 650 2345; x_wconf 91' lang='lat' dir='ltr'><em>in</em></span> <span class='ocrx_word' id='word_1_353' title='bbox 662 2324 766 2345; x_wconf 86' lang='lat' dir='ltr'><em>emen·</em></span> <span class='ocrx_word' id='word_1_354' title='bbox 811 2315 888 2345; x_wconf 88' lang='lat' dir='ltr'><em>AEn.</em></span> <span class='ocrx_word' id='word_1_355' title='bbox 906 2314 928 2345; x_wconf 86' lang='lat' dir='ltr'><em>l.</em></span> <span class='ocrx_word' id='word_1_356' title='bbox 944 2315 973 2346; x_wconf 90' lang='grc' dir='ltr'><em>Ι.</em></span> <span class='ocrx_word' id='word_1_357' title='bbox 998 2314 1085 2344; x_wconf 85' lang='lat' dir='ltr'><em>Mene</em></span> <span class='ocrx_word' id='word_1_358' title='bbox 1108 2313 1209 2344; x_wconf 80' lang='lat' dir='ltr'><em>Iliacis</em></span> <span class='ocrx_word' id='word_1_359' title='bbox 1230 2315 1394 2345; x_wconf 81' lang='lat' dir='ltr'><em>occumbere</em></span> <span class='ocrx_word' id='word_1_360' title='bbox 1416 2326 1495 2344; x_wconf 81' lang='lat' dir='ltr'><em>cam-</em></span> 
     </span>
    </p>
   </div>
   <div class='ocr_carea' id='block_1_3' title="bbox 67 2356 769 2954">
    <p class='ocr_par' dir='ltr' id='par_1_3' title="bbox 67 2356 769 2954">
     <span class='ocr_line' id='line_1_37' title="bbox 77 2356 764 2389; baseline -0.003 0"><span class='ocrx_word' id='word_1_361' title='bbox 77 2357 181 2389; x_wconf 84' lang='lat' dir='ltr'><em>dando</em></span> <span class='ocrx_word' id='word_1_362' title='bbox 204 2357 337 2387; x_wconf 86' lang='lat' dir='ltr'><em>multum</em></span> <span class='ocrx_word' id='word_1_363' title='bbox 365 2356 470 2388; x_wconf 79' lang='lat' dir='ltr'><em>audet.</em></span> <span class='ocrx_word' id='word_1_364' title='bbox 513 2357 565 2388; x_wconf 77' lang='lat' dir='ltr'><em>Sic</em></span> <span class='ocrx_word' id='word_1_365' title='bbox 591 2357 674 2388; x_wconf 87' lang='lat' dir='ltr'><em>enim</em></span> <span class='ocrx_word' id='word_1_366' title='bbox 696 2357 764 2388; x_wconf 78' lang='lat' dir='ltr'><em>haec</em></span> 
     </span>
     <span class='ocr_line' id='line_1_38' title="bbox 75 2400 764 2441; baseline 0.001 -10"><span class='ocrx_word' id='word_1_367' title='bbox 75 2400 180 2432; x_wconf 84' lang='lat' dir='ltr'><em>omnia</em></span> <span class='ocrx_word' id='word_1_368' title='bbox 201 2400 344 2441; x_wconf 79' lang='lat' dir='ltr'><em>refingit:</em></span> <span class='ocrx_word' id='word_1_369' title='bbox 371 2402 441 2430; x_wconf 84' lang='lat' dir='ltr'><em>satis</em></span> <span class='ocrx_word' id='word_1_370' title='bbox 461 2401 580 2440; x_wconf 82' lang='lat' dir='ltr'><em>insuper</em></span> <span class='ocrx_word' id='word_1_371' title='bbox 600 2412 650 2431; x_wconf 78' lang='lat' dir='ltr'><em>nos</em></span> <span class='ocrx_word' id='word_1_372' title='bbox 671 2402 704 2430; x_wconf 89' lang='lat' dir='ltr'><em>in</em></span> <span class='ocrx_word' id='word_1_373' title='bbox 727 2401 764 2432; x_wconf 91' lang='grc' dir='ltr'><em>Ρ.</em></span> 
     </span>
     <span class='ocr_line' id='line_1_39' title="bbox 76 2443 765 2485; baseline 0 -11"><span class='ocrx_word' id='word_1_374' title='bbox 76 2443 230 2485; x_wconf 65' lang='lat' dir='ltr'><em>Afi‘icano,</em></span> <span class='ocrx_word' id='word_1_375' title='bbox 254 2443 371 2474; x_wconf 81' lang='lat' dir='ltr'><em>Literni</em></span> <span class='ocrx_word' id='word_1_376' title='bbox 398 2444 576 2474; x_wconf 82' lang='lat' dir='ltr'><em>domicilium</em></span> <span class='ocrx_word' id='word_1_377' title='bbox 612 2450 639 2474; x_wconf 82' lang='lat' dir='ltr'><em>et</em></span> <span class='ocrx_word' id='word_1_378' title='bbox 673 2446 765 2474; x_wconf 81' lang='lat' dir='ltr'><em>sedem</em></span> 
     </span>
     <span class='ocr_line' id='line_1_40' title="bbox 67 2485 765 2528; baseline -0.003 -10"><span class='ocrx_word' id='word_1_379' title='bbox 67 2487 165 2528; x_wconf 84' lang='lat' dir='ltr'><em>fuisse</em></span> <span class='ocrx_word' id='word_1_380' title='bbox 191 2487 340 2517; x_wconf 82' lang='lat' dir='ltr'><em>domitoris</em></span> <span class='ocrx_word' id='word_1_381' title='bbox 366 2485 492 2527; x_wconf 79' lang='lat' dir='ltr'><em>Africoe,</em></span> <span class='ocrx_word' id='word_1_382' title='bbox 524 2487 641 2517; x_wconf 80' lang='lat' dir='ltr'><em>Literni</em></span> <span class='ocrx_word' id='word_1_383' title='bbox 669 2487 765 2526; x_wconf 81' lang='lat' dir='ltr'><em>sepul-</em></span> 
     </span>
     <span class='ocr_line' id='line_1_41' title="bbox 78 2529 767 2565; baseline -0.001 -5"><span class='ocrx_word' id='word_1_384' title='bbox 78 2540 161 2560; x_wconf 87' lang='lat' dir='ltr'><em>crum</em></span> <span class='ocrx_word' id='word_1_385' title='bbox 203 2531 323 2565; x_wconf 73' lang='lat' dir='ltr'><em>ostendi,</em></span> <span class='ocrx_word' id='word_1_386' title='bbox 366 2530 567 2561; x_wconf 79' lang='lat' dir='ltr'><em>erubescimus.</em></span> <span class='ocrx_word' id='word_1_387' title='bbox 627 2529 767 2560; x_wconf 79' lang='lat' dir='ltr'><em>Gloriane</em></span> 
     </span>
     <span class='ocr_line' id='line_1_42' title="bbox 76 2572 767 2613; baseline 0 -10"><span class='ocrx_word' id='word_1_388' title='bbox 76 2583 133 2611; x_wconf 82' lang='lat' dir='ltr'><em>par</em></span> <span class='ocrx_word' id='word_1_389' title='bbox 153 2574 214 2603; x_wconf 84' lang='lat' dir='ltr'><em>illis</em></span> <span class='ocrx_word' id='word_1_390' title='bbox 234 2574 304 2603; x_wconf 84' lang='lat' dir='ltr'><em>viris</em></span> <span class='ocrx_word' id='word_1_391' title='bbox 328 2572 364 2602; x_wconf 95' lang='lat' dir='ltr'><em>L.</em></span> <span class='ocrx_word' id='word_1_392' title='bbox 390 2572 516 2608; x_wconf 83' lang='lat' dir='ltr'><em>Paulus,</em></span> <span class='ocrx_word' id='word_1_393' title='bbox 539 2574 653 2613; x_wconf 69' lang='lat' dir='ltr'><em>injuria</em></span> <span class='ocrx_word' id='word_1_394' title='bbox 680 2575 767 2603; x_wconf 83' lang='lat' dir='ltr'><em>etiam</em></span> 
     </span>
     <span class='ocr_line' id='line_1_43' title="bbox 77 2615 768 2656; baseline 0.001 -11"><span class='ocrx_word' id='word_1_395' title='bbox 77 2621 173 2646; x_wconf 81' lang='lat' dir='ltr'><em>vestra</em></span> <span class='ocrx_word' id='word_1_396' title='bbox 193 2616 414 2656; x_wconf 79' lang='lat' dir='ltr'><em>exoequabitur?</em></span> <span class='ocrx_word' id='word_1_397' title='bbox 450 2615 551 2646; x_wconf 89' lang='lat' dir='ltr'><em>Nobis</em></span> <span class='ocrx_word' id='word_1_398' title='bbox 573 2616 641 2646; x_wconf 83' lang='lat' dir='ltr'><em>haec</em></span> <span class='ocrx_word' id='word_1_399' title='bbox 663 2626 768 2647; x_wconf 86' lang='lat' dir='ltr'><em>emen-</em></span> 
     </span>
     <span class='ocr_line' id='line_1_44' title="bbox 80 2656 769 2690; baseline 0.003 -2"><span class='ocrx_word' id='word_1_400' title='bbox 80 2656 165 2688; x_wconf 82' lang='lat' dir='ltr'><em>datio</em></span> <span class='ocrx_word' id='word_1_401' title='bbox 205 2657 332 2688; x_wconf 81' lang='lat' dir='ltr'><em>minime</em></span> <span class='ocrx_word' id='word_1_402' title='bbox 372 2657 540 2689; x_wconf 82' lang='lat' dir='ltr'><em>blanditur.</em></span> <span class='ocrx_word' id='word_1_403' title='bbox 605 2659 769 2690; x_wconf 85' lang='lat' dir='ltr'><em>Malumus</em></span> 
     </span>
     <span class='ocr_line' id='line_1_45' title="bbox 78 2700 769 2742; baseline 0.004 -12"><span class='ocrx_word' id='word_1_404' title='bbox 78 2700 183 2731; x_wconf 89' lang='lat' dir='ltr'><em>locum</em></span> <span class='ocrx_word' id='word_1_405' title='bbox 209 2700 360 2731; x_wconf 89' lang='lat' dir='ltr'><em>intactum</em></span> <span class='ocrx_word' id='word_1_406' title='bbox 388 2701 572 2742; x_wconf 83' lang='lat' dir='ltr'><em>relinquere.</em></span> <span class='ocrx_word' id='word_1_407' title='bbox 616 2703 769 2733; x_wconf 78' lang='lat' dir='ltr'><em>Tantum-</em></span> 
     </span>
     <span class='ocr_line' id='line_1_46' title="bbox 78 2742 765 2782; baseline 0.004 -9"><span class='ocrx_word' id='word_1_408' title='bbox 78 2743 171 2774; x_wconf 90' lang='lat' dir='ltr'><em>modo</em></span> <span class='ocrx_word' id='word_1_409' title='bbox 206 2748 311 2774; x_wconf 83' lang='lat' dir='ltr'><em>notam</em></span> <span class='ocrx_word' id='word_1_410' title='bbox 338 2742 550 2775; x_wconf 78' lang='lat' dir='ltr'><em>admirationis</em></span> <span class='ocrx_word' id='word_1_411' title='bbox 579 2744 765 2782; x_wconf 84' lang='lat' dir='ltr'><em>addidimus,</em></span> 
     </span>
     <span class='ocr_line' id='line_1_47' title="bbox 80 2785 767 2829; baseline 0.004 -12"><span class='ocrx_word' id='word_1_412' title='bbox 80 2791 117 2817; x_wconf 82' lang='lat' dir='ltr'><em>ut</em></span> <span class='ocrx_word' id='word_1_413' title='bbox 138 2785 189 2815; x_wconf 87' lang='lat' dir='ltr'><em>hic</em></span> <span class='ocrx_word' id='word_1_414' title='bbox 211 2796 278 2817; x_wconf 82' lang='lat' dir='ltr'><em>esse</em></span> <span class='ocrx_word' id='word_1_415' title='bbox 296 2796 402 2817; x_wconf 83' lang='lat' dir='ltr'><em>sensus</em></span> <span class='ocrx_word' id='word_1_416' title='bbox 422 2787 635 2829; x_wconf 75' lang='lat' dir='ltr'><em>intelligatur:</em></span> <span class='ocrx_word' id='word_1_417' title='bbox 661 2789 767 2826; x_wconf 84' lang='lat' dir='ltr'><em>Quam</em></span> 
     </span>
     <span class='ocr_line' id='line_1_48' title="bbox 79 2828 767 2870; baseline 0.004 -11"><span class='ocrx_word' id='word_1_418' title='bbox 79 2828 259 2870; x_wconf 89' lang='lat' dir='ltr'><em>pudendum</em></span> <span class='ocrx_word' id='word_1_419' title='bbox 291 2828 380 2859; x_wconf 84' lang='lat' dir='ltr'><em>nobis</em></span> <span class='ocrx_word' id='word_1_420' title='bbox 413 2835 470 2866; x_wconf 85' lang='lat' dir='ltr'><em>est,</em></span> <span class='ocrx_word' id='word_1_421' title='bbox 502 2831 620 2862; x_wconf 82' lang='lat' dir='ltr'><em>Literni</em></span> <span class='ocrx_word' id='word_1_422' title='bbox 648 2833 767 2862; x_wconf 84' lang='lat' dir='ltr'><em>domici-</em></span> 
     </span>
     <span class='ocr_line' id='line_1_49' title="bbox 82 2870 769 2916; baseline 0.003 -14"><span class='ocrx_word' id='word_1_423' title='bbox 82 2873 155 2902; x_wconf 83' lang='lat' dir='ltr'><em>lium</em></span> <span class='ocrx_word' id='word_1_424' title='bbox 177 2878 204 2903; x_wconf 86' lang='lat' dir='ltr'><em>et</em></span> <span class='ocrx_word' id='word_1_425' title='bbox 226 2873 318 2902; x_wconf 78' lang='lat' dir='ltr'><em>sedent</em></span> <span class='ocrx_word' id='word_1_426' title='bbox 335 2870 433 2913; x_wconf 82' lang='lat' dir='ltr'><em>fuisse</em></span> <span class='ocrx_word' id='word_1_427' title='bbox 460 2874 606 2904; x_wconf 85' lang='lat' dir='ltr'><em>domitoris</em></span> <span class='ocrx_word' id='word_1_428' title='bbox 634 2874 769 2916; x_wconf 75' lang='lat' dir='ltr'><em>Africae!</em></span> 
     </span>
     <span class='ocr_line' id='line_1_50' title="bbox 88 2914 767 2954; baseline 0.004 -10"><span class='ocrx_word' id='word_1_429' title='bbox 88 2914 202 2945; x_wconf 79' lang='lat' dir='ltr'><em>Literni</em></span> <span class='ocrx_word' id='word_1_430' title='bbox 229 2915 393 2954; x_wconf 72' lang='lat' dir='ltr'><em>sepulcrum</em></span> <span class='ocrx_word' id='word_1_431' title='bbox 430 2917 561 2947; x_wconf 72' lang='lat' dir='ltr'><em>ostendi!</em></span> <span class='ocrx_word' id='word_1_432' title='bbox 597 2916 670 2947; x_wconf 84' lang='lat' dir='ltr'><em>Non</em></span> <span class='ocrx_word' id='word_1_433' title='bbox 699 2927 767 2948; x_wconf 77' lang='lat' dir='ltr'><em>raro</em></span> 
     </span>
    </p>
   </div>
   <div class='ocr_carea' id='block_1_4' title="bbox 145 2971 320 2998">
    <p class='ocr_par' dir='ltr' id='par_1_4' title="bbox 145 2971 320 2998">
     <span class='ocr_line' id='line_1_51' title="bbox 145 2971 320 2998; baseline 0 -1"><span class='ocrx_word' id='word_1_434' title='bbox 145 2971 236 2998; x_wconf 54' lang='lat'><em>¹:011.</em></span> <span class='ocrx_word' id='word_1_435' title='bbox 263 2971 320 2997; x_wconf 76' lang='lat' dir='ltr'><em>lv,</em></span> 
     </span>
    </p>
   </div>
   <div class='ocr_carea' id='block_1_5' title="bbox 805 2357 1501 2915">
    <p class='ocr_par' dir='ltr' id='par_1_5' title="bbox 805 2357 1089 2397">
     <span class='ocr_line' id='line_1_52' title="bbox 805 2357 1089 2397; baseline -0.004 -10"><span class='ocrx_word' id='word_1_436' title='bbox 805 2360 851 2397; x_wconf 78' lang='lat' dir='ltr'><em>pis</em></span> <span class='ocrx_word' id='word_1_437' title='bbox 866 2357 933 2388; x_wconf 22' lang='lat' dir='ltr'><em>Non,</em></span> <span class='ocrx_word' id='word_1_438' title='bbox 946 2357 1089 2397; x_wconf 82' lang='lat' dir='ltr'><em>potuisse!</em></span> 
     </span>
    </p>

    <p class='ocr_par' dir='ltr' id='par_1_6' title="bbox 808 2399 1500 2569">
     <span class='ocr_line' id='line_1_53' title="bbox 851 2399 1498 2440; baseline 0.002 -10"><span class='ocrx_word' id='word_1_439' title='bbox 851 2401 890 2430; x_wconf 87' lang='lat'><em>87</em></span> <span class='ocrx_word' id='word_1_440' title='bbox 917 2400 1110 2439; x_wconf 79' lang='lat' dir='ltr'><em>Triumphum</em></span> <span class='ocrx_word' id='word_1_441' title='bbox 1133 2401 1246 2430; x_wconf 83' lang='lat' dir='ltr'><em>nomine</em></span> <span class='ocrx_word' id='word_1_442' title='bbox 1268 2400 1360 2440; x_wconf 78' lang='lat' dir='ltr'><em>cient]</em></span> <span class='ocrx_word' id='word_1_443' title='bbox 1391 2399 1498 2431; x_wconf 86' lang='lat' dir='ltr'><em>Incla-</em></span> 
     </span>
     <span class='ocr_line' id='line_1_54' title="bbox 808 2443 1497 2485; baseline -0.001 -11"><span class='ocrx_word' id='word_1_444' title='bbox 808 2448 930 2474; x_wconf 80' lang='lat' dir='ltr'><em>mantes</em></span> <span class='ocrx_word' id='word_1_445' title='bbox 945 2443 1069 2485; x_wconf 84' lang='lat' dir='ltr'><em>saepius,</em></span> <span class='ocrx_word' id='word_1_446' title='bbox 1088 2443 1120 2474; x_wconf 93' lang='lat' dir='ltr'><em>Io</em></span> <span class='ocrx_word' id='word_1_447' title='bbox 1135 2443 1291 2482; x_wconf 84' lang='lat' dir='ltr'><em>triumphe.</em></span> <span class='ocrx_word' id='word_1_448' title='bbox 1335 2443 1497 2479; x_wconf 82' lang='lat' dir='ltr'><em>Horatius,</em></span> 
     </span>
     <span class='ocr_line' id='line_1_55' title="bbox 810 2486 1500 2524; baseline 0 -7"><span class='ocrx_word' id='word_1_449' title='bbox 810 2486 874 2517; x_wconf 89' lang='lat' dir='ltr'><em>Od.</em></span> <span class='ocrx_word' id='word_1_450' title='bbox 897 2488 928 2517; x_wconf 87' lang='lat'><em>2.</em></span> <span class='ocrx_word' id='word_1_451' title='bbox 951 2487 973 2517; x_wconf 92' lang='lat' dir='ltr'><em>l.</em></span> <span class='ocrx_word' id='word_1_452' title='bbox 996 2487 1058 2517; x_wconf 87' lang='lat' dir='ltr'><em>IV.</em></span> <span class='ocrx_word' id='word_1_453' title='bbox 1082 2488 1108 2516; x_wconf 90' lang='lat' dir='ltr'><em>io</em></span> <span class='ocrx_word' id='word_1_454' title='bbox 1136 2487 1293 2524; x_wconf 83' lang='lat' dir='ltr'><em>triumphe,</em></span> <span class='ocrx_word' id='word_1_455' title='bbox 1322 2486 1392 2516; x_wconf 86' lang='lat' dir='ltr'><em>Non</em></span> <span class='ocrx_word' id='word_1_456' title='bbox 1416 2487 1500 2517; x_wconf 83' lang='lat' dir='ltr'><em>semel</em></span> 
     </span>
     <span class='ocr_line' id='line_1_56' title="bbox 808 2529 1400 2569; baseline 0 -9"><span class='ocrx_word' id='word_1_457' title='bbox 808 2531 948 2566; x_wconf 75' lang='lat' dir='ltr'><em>(lecimus,</em></span> <span class='ocrx_word' id='word_1_458' title='bbox 963 2531 990 2559; x_wconf 87' lang='lat' dir='ltr'><em>io</em></span> <span class='ocrx_word' id='word_1_459' title='bbox 1001 2530 1158 2569; x_wconf 78' lang='lat' dir='ltr'><em>triumphe,</em></span> <span class='ocrx_word' id='word_1_460' title='bbox 1176 2529 1286 2559; x_wconf 76' lang='lat' dir='ltr'><em>Civitas</em></span> <span class='ocrx_word' id='word_1_461' title='bbox 1298 2531 1400 2560; x_wconf 83' lang='lat' dir='ltr'><em>amnis.</em></span> 
     </span>
    </p>

    <p class='ocr_par' dir='ltr' id='par_1_7' title="bbox 809 2572 1501 2915">
     <span class='ocr_line' id='line_1_57' title="bbox 867 2572 1500 2612; baseline -0.003 -9"><span class='ocrx_word' id='word_1_462' title='bbox 867 2573 907 2603; x_wconf 84' lang='lat'><em>88</em></span> <span class='ocrx_word' id='word_1_463' title='bbox 948 2572 1000 2603; x_wconf 78' lang='lat' dir='ltr'><em>Vos</em></span> <span class='ocrx_word' id='word_1_464' title='bbox 1027 2578 1102 2603; x_wconf 85' lang='lat' dir='ltr'><em>certe</em></span> <span class='ocrx_word' id='word_1_465' title='bbox 1131 2574 1250 2603; x_wconf 71' lang='lat' dir='ltr'><em>victores</em></span> <span class='ocrx_word' id='word_1_466' title='bbox 1276 2574 1402 2612; x_wconf 84' lang='lat' dir='ltr'><em>conspici</em></span> <span class='ocrx_word' id='word_1_467' title='bbox 1428 2572 1500 2602; x_wconf 82' lang='lat' dir='ltr'><em>velle</em></span> 
     </span>
     <span class='ocr_line' id='line_1_58' title="bbox 811 2614 1500 2656; baseline -0.001 -11"><span class='ocrx_word' id='word_1_468' title='bbox 811 2616 968 2656; x_wconf 80' lang='lat' dir='ltr'><em>debebatis]</em></span> <span class='ocrx_word' id='word_1_469' title='bbox 1006 2615 1132 2646; x_wconf 81' lang='lat' dir='ltr'><em>Insulsa</em></span> <span class='ocrx_word' id='word_1_470' title='bbox 1153 2620 1185 2646; x_wconf 88' lang='lat' dir='ltr'><em>et</em></span> <span class='ocrx_word' id='word_1_471' title='bbox 1205 2614 1328 2656; x_wconf 82' lang='lat' dir='ltr'><em>ingrata</em></span> <span class='ocrx_word' id='word_1_472' title='bbox 1349 2614 1500 2656; x_wconf 87' lang='lat' dir='ltr'><em>repetitio.</em></span> 
     </span>
     <span class='ocr_line' id='line_1_59' title="bbox 812 2656 1498 2701; baseline -0.004 -12"><span class='ocrx_word' id='word_1_473' title='bbox 812 2658 886 2689; x_wconf 92' lang='lat' dir='ltr'><em>Non</em></span> <span class='ocrx_word' id='word_1_474' title='bbox 908 2669 1071 2701; x_wconf 87' lang='lat' dir='ltr'><em>possumus</em></span> <span class='ocrx_word' id='word_1_475' title='bbox 1084 2658 1209 2689; x_wconf 88' lang='lat' dir='ltr'><em>credere</em></span> <span class='ocrx_word' id='word_1_476' title='bbox 1223 2658 1290 2689; x_wconf 83' lang='lat' dir='ltr'><em>haec</em></span> <span class='ocrx_word' id='word_1_477' title='bbox 1307 2658 1348 2688; x_wconf 89' lang='lat' dir='ltr'><em>sic</em></span> <span class='ocrx_word' id='word_1_478' title='bbox 1364 2668 1383 2688; x_wconf 82' lang='lat' dir='ltr'>a</span> <span class='ocrx_word' id='word_1_479' title='bbox 1399 2656 1498 2692; x_wconf 85' lang='lat' dir='ltr'><em>Livio,</em></span> 
     </span>
     <span class='ocr_line' id='line_1_60' title="bbox 811 2699 1498 2739; baseline -0.004 -8"><span class='ocrx_word' id='word_1_480' title='bbox 811 2700 877 2732; x_wconf 86' lang='lat' dir='ltr'><em>sine</em></span> <span class='ocrx_word' id='word_1_481' title='bbox 899 2702 966 2733; x_wconf 76' lang='lat' dir='ltr'><em>ulla</em></span> <span class='ocrx_word' id='word_1_482' title='bbox 988 2702 1182 2737; x_wconf 83' lang='lat' dir='ltr'><em>necessitate,</em></span> <span class='ocrx_word' id='word_1_483' title='bbox 1205 2701 1271 2731; x_wconf 88' lang='lat' dir='ltr'><em>sine</em></span> <span class='ocrx_word' id='word_1_484' title='bbox 1292 2701 1356 2731; x_wconf 89' lang='lat' dir='ltr'><em>ullo</em></span> <span class='ocrx_word' id='word_1_485' title='bbox 1384 2699 1498 2739; x_wconf 83' lang='lat' dir='ltr'><em>lepore,</em></span> 
     </span>
     <span class='ocr_line' id='line_1_61' title="bbox 809 2740 1501 2776; baseline -0.004 -2"><span class='ocrx_word' id='word_1_486' title='bbox 809 2744 968 2776; x_wconf 84' lang='lat' dir='ltr'><em>inculcata</em></span> <span class='ocrx_word' id='word_1_487' title='bbox 989 2754 1066 2776; x_wconf 77' lang='lat' dir='ltr'><em>esse.</em></span> <span class='ocrx_word' id='word_1_488' title='bbox 1109 2744 1173 2776; x_wconf 87' lang='lat' dir='ltr'><em>Vel</em></span> <span class='ocrx_word' id='word_1_489' title='bbox 1195 2748 1293 2775; x_wconf 87' lang='lat' dir='ltr'><em>totum</em></span> <span class='ocrx_word' id='word_1_490' title='bbox 1320 2743 1378 2772; x_wconf 88' lang='lat' dir='ltr'><em>hoc</em></span> <span class='ocrx_word' id='word_1_491' title='bbox 1405 2740 1501 2772; x_wconf 85' lang='lat' dir='ltr'><em>deleri</em></span> 
     </span>
     <span class='ocr_line' id='line_1_62' title="bbox 810 2785 1499 2832; baseline -0.009 -13"><span class='ocrx_word' id='word_1_492' title='bbox 810 2793 940 2829; x_wconf 89' lang='lat' dir='ltr'><em>oportet,</em></span> <span class='ocrx_word' id='word_1_493' title='bbox 963 2788 1012 2819; x_wconf 92' lang='lat' dir='ltr'><em>vel</em></span> <span class='ocrx_word' id='word_1_494' title='bbox 1040 2787 1101 2819; x_wconf 86' lang='lat' dir='ltr'><em>alio</em></span> <span class='ocrx_word' id='word_1_495' title='bbox 1125 2786 1221 2827; x_wconf 78' lang='lat' dir='ltr'><em>rejici,</em></span> <span class='ocrx_word' id='word_1_496' title='bbox 1279 2785 1341 2816; x_wconf 86' lang='lat' dir='ltr'><em>Sed</em></span> <span class='ocrx_word' id='word_1_497' title='bbox 1363 2794 1499 2832; x_wconf 72' lang='lat' dir='ltr'><em>quonam</em></span> 
     </span>
     <span class='ocr_line' id='line_1_63' title="bbox 811 2829 1500 2878; baseline -0.006 -17"><span class='ocrx_word' id='word_1_498' title='bbox 811 2835 882 2872; x_wconf 80' lang='lat' dir='ltr'><em>apte</em></span> <span class='ocrx_word' id='word_1_499' title='bbox 899 2830 1068 2878; x_wconf 37' lang='lat' dir='ltr'><em>&#39;transferri</em></span> <span class='ocrx_word' id='word_1_500' title='bbox 1093 2829 1200 2873; x_wconf 84' lang='lat' dir='ltr'><em>possit,</em></span> <span class='ocrx_word' id='word_1_501' title='bbox 1227 2838 1290 2860; x_wconf 88' lang='lat' dir='ltr'><em>non</em></span> <span class='ocrx_word' id='word_1_502' title='bbox 1314 2832 1389 2858; x_wconf 85' lang='lat' dir='ltr'><em>satls</em></span> <span class='ocrx_word' id='word_1_503' title='bbox 1415 2831 1500 2858; x_wconf 84' lang='lat' dir='ltr'><em>certo</em></span> 
     </span>
     <span class='ocr_line' id='line_1_64' title="bbox 810 2884 989 2915; baseline 0 -11"><span class='ocrx_word' id='word_1_504' title='bbox 810 2884 989 2915; x_wconf 81' lang='lat' dir='ltr'><em>reperimus.</em></span> 
     </span>
    </p>
   </div>
   <div class='ocr_carea' id='block_1_6' title="bbox 894 2972 916 2997">
    <p class='ocr_par' dir='ltr' id='par_1_8' title="bbox 894 2972 916 2997">
     <span class='ocr_line' id='line_1_65' title="bbox 894 2972 916 2997; baseline 0 0"><span class='ocrx_word' id='word_1_505' title='bbox 894 2972 916 2997; x_wconf 78' lang='lat' dir='ltr'>P</span> 
     </span>
    </p>
   </div>
  </div>
 </body>
</html>
