1826 3149
330 71 406 111 264
898 73 1207 112 EPITOMAE

329 180 445 230 toniz',
470 182 625 234 passim
646 182 690 222 in
720 182 865 222 castris
884 183 966 223 suis
987 183 1192 234 trucidati,
1222 183 1319 237 quia
1348 189 1387 223 et
1415 186 1589 237 suspecti
1608 191 1735 235 erant,

330 238 387 277 ad
409 238 613 280 Caesarem
644 239 894 279 descivemnt.
953 239 1014 279 D.
1035 240 1202 289 Brutus,
1232 246 1276 280 ut
1302 241 1458 293 petenti
1494 241 1738 295 Cisalpinam

334 293 515 335 Galliam
534 295 714 336 Antonio
734 295 951 343 obsisteret,
986 297 1192 337 Mutinam
1214 310 1298 337 cum
1325 297 1495 338 exercitu
1516 299 1738 351 occupavit.

331 352 539 392 Praeterea
575 353 768 393 discursus
801 352 999 404 utriusque
1031 354 1174 418 partis
1202 354 1372 395 virorum
1403 355 1460 395 ad
1487 355 1738 408 accipiendas

326 410 569 461 provincias,
591 409 889 462 adparatusque
910 408 1005 449 belli
1025 410 1214 452 continet.

906 586 1169 639 CXVIII.

382 716 448 756 M.
474 716 623 757 Brutus
652 717 694 756 in
718 715 899 766 Graecia,
929 716 998 757 sub
1022 723 1226 769 prsetextu
1255 718 1484 770 reipublicoe
1514 724 1552 758 et
1571 720 1741 771 suscepti

328 778 468 812 contra
499 774 565 814 M.
595 772 816 814 Antonium
846 773 954 821 belli,
985 776 1214 823 exercitum,
1244 775 1307 815 cui
1336 774 1518 815 Vatinius
1541 782 1734 827 praerat,

330 842 411 868 eum
421 830 634 882 provincia
651 830 695 870 in
703 836 945 883 potestatem
960 843 1069 870 suam
1087 832 1253 885 redegit.
1295 834 1340 873 C.
1361 832 1528 880 Ctesari,
1545 832 1562 855 ⁶²
1573 833 1639 885 qui
1647 833 1739 884 pri-

327 899 410 926 mus
424 886 655 939 reipublicae
674 901 789 927 arma
808 893 1013 936 sumserat,
1035 886 1053 910 ³
1060 889 1315 940 propraetoris
1336 889 1543 941 imperium
1559 903 1585 928 a
1601 895 1742 929 senatu

330 943 465 983 datum
504 950 562 984 est
599 958 683 984 cum
722 944 992 985 consularibus
1040 946 1283 985 ornamentis
1293 961 1310 993 ,-
1377 945 1657 999 acljectumque,
1697 952 1741 986 ut

328 1006 491 1040 senator
524 1007 634 1041 esset.
713 1002 779 1042 M.
813 1001 1014 1042 Antonius
1056 1003 1113 1042 D.
1146 1003 1315 1043 Brutum
1353 1003 1533 1043 Mutinae
1572 1002 1737 1043 obsedit.

328 1058 514 1111 missique
533 1058 590 1097 ad
609 1072 693 1098 eum
714 1071 740 1097 a
759 1065 899 1099 senatu
921 1058 1044 1112 legati
1059 1060 1108 1098 de
1119 1073 1227 1112 pace
1245 1073 1387 1112 parum
1404 1061 1460 1099 ad
1479 1074 1563 1099 eam
1584 1074 1740 1112 compo—

329 1115 498 1154 nendam
514 1115 739 1155 valuerunt.
799 1115 978 1168 Populus
996 1116 1200 1157 Romanus
1218 1130 1319 1171 saga
1338 1116 1486 1157 sumsit.
1546 1118 1612 1157 M.
1630 1117 1740 1157 Bru-

331 1176 392 1210 tus
421 1171 464 1210 in
502 1171 632 1223 Epiro
664 1173 711 1214 C.
734 1172 950 1213 Antonium
980 1179 1193 1226 prcetorem
1227 1188 1315 1214 cum
1344 1173 1518 1215 exercitu
1540 1175 1741 1227 potestati

328 1241 409 1268 suce
426 1227 600 1282 sulgjecit.

935 1375 1141 1428 CXIX.

387 1506 434 1547 C.
460 1505 676 1548 Trebonius
694 1507 736 1547 in
751 1505 852 1546 Asia
856 1506 1015 1560 fiaude
1035 1507 1087 1546 P.
1106 1505 1334 1546 Dolabellce
1350 1506 1496 1547 occisus
1517 1511 1587 1546 est.
1619 1504 1680 1546 Ob
1697 1506 1742 1546 id

311 1563 484 1615 facinus
505 1563 723 1604 Dolabella
742 1563 864 1604 hostis
883 1577 908 1602 a
929 1570 1072 1603 senatu
1077 1562 1291 1618 judicatus
1311 1570 1379 1604 est.
1443 1562 1576 1611 Quum
1599 1565 1741 1604 Pansa

326 1621 458 1660 consul
486 1621 590 1660 male
618 1622 806 1661 adversus
827 1620 1044 1660 Antonium
1066 1626 1305 1674 pugnasset,
1336 1622 1389 1661 A.
1411 1621 1582 1661 Hirtius
1610 1619 1743 1660 consul

325 1690 409 1716 cum
431 1678 605 1717 exercitu
623 1677 915 1730 superveniens,
930 1676 1047 1730 fusis
1076 1678 1142 1717 M.
1165 1676 1336 1717 Antonii
1364 1678 1505 1729 copiis,
1526 1676 1741 1729 fortunam

326 1734 530 1787 utriusque
542 1735 680 1786 partis
699 1735 883 1787 oequavz‘t.
951 1734 1083 1774 Victus
1103 1735 1245 1773 deinde
1273 1733 1328 1773 ab
1360 1733 1501 1774 Hirtio
1521 1741 1559 1774 et
1581 1736 1742 1775 Caesare

330 1791 526 1831 Antonius
545 1792 589 1830 in
613 1792 793 1831 Galliam
813 1791 1004 1845 confugit,
1036 1797 1074 1831 et
1095 1791 1158 1830 M.
1180 1791 1379 1843 Lepidum
1409 1805 1491 1830 cum
1513 1791 1740 1844 legionibus,

327 1861 416 1900 quoe
435 1847 506 1887 sub
527 1849 612 1900 ipso
631 1855 762 1898 erant,
789 1848 865 1889 sibi
881 1847 1057 1901 junoeit:
1090 1848 1284 1900 hostisque
1303 1862 1329 1887 a
1351 1854 1490 1888 senatu
1510 1862 1594 1887 cum
1615 1848 1741 1887 omni-

327 1905 410 1954 bus,
439 1905 509 1958 qui
531 1907 639 1946 intra
654 1905 848 1958 praesidia
868 1904 950 1958 ejus
964 1911 1103 1953 essent,
1127 1904 1339 1958 judicatus
1359 1910 1425 1946 est.
1485 1904 1537 1945 A.
1558 1904 1739 1952 Hirtius,

327 1962 399 2014 qui
419 1967 515 2014 post
546 1963 754 2002 victoriam
784 1962 828 2002 in
857 1962 958 2027 ipsis
985 1962 1159 2003 hostium
1188 1963 1333 2002 castfzs
1366 1961 1520 2002 cecide7
1522 1967 1581 2012 at
1622 1967 1660 2001 et
1694 1962 1738 2002 C.

328 2019 487 2067 Pansa,
509 2033 531 2059 e
550 2020 722 2067 vulnere,
745 2020 850 2073 quod
871 2020 914 2059 in
930 2019 1095 2061 adverso
1107 2019 1257 2072 proelio
1273 2025 1495 2070 exceperat,
1519 2016 1740 2069 defunctus,

327 2076 370 2115 in
400 2089 537 2128 campo
567 2076 728 2116 Martio
758 2077 906 2129 sepulti
932 2082 1037 2117 sunt.
1115 2076 1317 2116 Adversus
1351 2076 1395 2116 C.
1429 2075 1641 2123 Caesarem,
1673 2075 1741 2128 qui

326 2133 433 2171 solus
452 2148 472 2172 e
492 2133 616 2173 tribus
649 2133 812 2174 (lucibus
842 2139 1063 2186 supererat,
1088 2147 1237 2186 parum
1268 2138 1413 2186 gratus
1442 2139 1602 2173 senatus
1613 2132 1739 2185 fuit.-

326 2190 404 2241 qni,
432 2190 490 2229 D.
510 2190 657 2239 Bruto,
688 2191 887 2231 obsidione
909 2190 1136 2230 Mutinensi
1156 2204 1182 2230 a
1207 2190 1363 2230 Caesare
1381 2189 1564 2238 liberato,
1594 2190 1741 2229 lzonore

326 2246 524 2298 triumphi
562 2248 730 2297 decreto,
773 2248 947 2288 Ccesaris
988 2247 1234 2300 milztumque
1274 2245 1356 2300 ejus
1397 2247 1631 2286 mentionem
1660 2260 1740 2285 non

325 2305 425 2343 satis
444 2309 612 2356 gratam
631 2304 804 2344 habuit.-
847 2304 895 2344 ob
916 2318 1004 2358 quae
1027 2305 1073 2344 C.
1098 2305 1247 2353 Caesar,
1278 2303 1540 2343 reconciliata
1562 2317 1641 2356 per
1670 2302 1738 2343 M.

328 2359 523 2412 Lepidum
543 2375 627 2402 cum
647 2361 714 2402 M.
737 2361 917 2403 Antonio
943 2361 1101 2416 g7atia,
1135 2361 1303 2401 Romam
1322 2374 1407 2400 cum
1428 2360 1598 2401 exercitu
1616 2360 1738 2409 venit,

326 2476 390 2507 sive
416 2479 447 2507 ob
467 2480 604 2507 seviciam
628 2479 673 2509 Μ.
700 2480 831 2514 Antonii,
853 2480 956 2518 passim
975 2481 1007 2508 in
1053 2478 1181 2520 cepisse,
1196 2480 1317 2517 privatis
1339 2477 1431 2508 armis
1453 2476 1627 2508 defendisse
1653 2487 1732 2508 rem-

326 2520 426 2549 castris
469 2522 527 2549 suis
579 2523 753 2551 trucidantis
794 2523 844 2560 qui
885 2523 1007 2560 suspecti
1051 2521 1221 2562 publicam.

326 2571 420 2599 erant,
436 2564 474 2592 ad
489 2563 629 2592 Coesarem
645 2565 836 2593 desciverunt.
1093 2564 1112 2593 3
1145 2563 1334 2602 Proproetoris
1363 2563 1532 2603 imperium]
1565 2562 1643 2592 Haec
1668 2572 1733 2592 cer-

369 2606 389 2634 2
414 2605 473 2639 Qui
493 2607 604 2644 primus
626 2606 787 2644 reipublicoe
807 2616 889 2635 arma
910 2616 1005 2644 sump-
1052 2605 1168 2635 tissima
1194 2610 1240 2634 est
1268 2605 1384 2645 Sigonii
1415 2605 1604 2646 conjectura.
1655 2604 1729 2635 Vid.

326 2649 416 2688 serat]
443 2648 525 2688 Lege
555 2658 625 2678 cum
655 2648 811 2678 Gronovio
840 2650 888 2688 qni
910 2650 1007 2686 ptim-
1053 2647 1142 2683 infra,
1167 2657 1195 2677 c.
1215 2648 1264 2677 10.
1288 2647 1404 2683 Antea,
1418 2659 1471 2687 pro
1484 2648 1588 2687 populo
1604 2647 1732 2677 Romano

327 2697 371 2719 tus
415 2701 466 2729 pro
512 2691 660 2729 republica
709 2701 792 2719 arma
838 2696 1005 2728 sumpserat.
1051 2692 1214 2729 imperinm.
1260 2690 1426 2725 Nimirum,
1451 2696 1484 2720 ut
1512 2701 1593 2731 saepe
1617 2690 1733 2720 factum

327 2733 446 2762 Passim
463 2744 481 2763 a
498 2733 660 2769 Cicerone,
682 2732 816 2767 Velleio,
840 2732 960 2767 Tucim,
977 2737 1008 2761 et
1052 2738 1108 2767 est,
1142 2732 1250 2762 litterae
1280 2732 1346 2762 PR.
1372 2733 1540 2764 scribarum
1562 2732 1735 2773 ignorantia

326 2775 434 2805 veteris
458 2775 665 2816 scriptoribus,
695 2775 752 2805 hoc.
781 2775 888 2805 sedulo
921 2779 1006 2804 nota-
1053 2775 1100 2804 vel
1117 2774 1235 2806 incuria
1251 2775 1394 2807 abierunt
1409 2775 1439 2807 in
1456 2775 1511 2806 has
1525 2785 1616 2806 voces
1628 2774 1734 2815 populo

327 2821 384 2852 tur,
421 2818 587 2849 Octavium
615 2820 728 2858 privato
765 2817 891 2849 consilio
922 2827 1008 2848 arma.
1054 2817 1191 2848 Romano.
