1831 3194
491 131 744 170 LIBROR.
776 131 1048 169 DEPERD.
1402 139 1476 176 227

67 242 192 289 Quum
214 242 267 282 L.
289 241 519 284 Scribonius
550 240 883 294 tribunusplebis·
898 241 1148 295 rogationem
1171 241 1475 296 promulgasset,

62 305 107 338 ut
124 299 327 348 Lusitani,
342 298 376 322 ³³
387 299 467 353 qui,
487 300 530 339 in
531 299 662 351 fidem
678 298 821 351 populi
835 298 1014 338 Romani
1033 298 1174 347 dediti,
1190 313 1217 339 α
1236 299 1320 340 Ser.
1338 298 1475 340 Galba

63 354 97 379 δ’*
112 356 153 396 in
179 356 360 396 Galliam
391 356 601 404 venissent,
624 356 666 395 in
686 355 912 396 libertatem
942 356 1256 404 restituerentur,
1279 355 1346 397 M.
1371 357 1476 397 Cato

63 414 257 453 acerrime
283 414 424 454 suasit.
456 419 587 453 exstat
608 413 740 453 oratio
770 413 810 452 in
835 413 1060 453 Annalibus
1081 412 1162 467 ejus
1192 414 1359 454 inclusa.
1424 412 1476 462 Q.

62 471 231 511 Fulvius
251 469 450 521 Nobilior,
470 470 504 493 ³⁵
517 476 554 510 et
567 483 672 522 saepe
688 470 739 509 ab
752 484 797 510 eo
819 470 860 510 in
880 477 1023 511 senatu
1037 471 1248 518 laceratus,
1267 472 1476 523 respondit

54 541 133 580 pro
157 527 305 569 Galba.
338 528 423 580 ipse
443 541 594 582 quoquc
618 527 768 574 Galba,
787 541 902 581 (litum
922 541 963 567 se
983 529 1174 568 damnari
1188 529 1351 579 videret,
1373 543 1475 569 com-

52 586 201 637 plexus
221 585 436 635 duosfilios
454 590 730 638 proetextatos,
751 584 786 607 ³⁶
798 591 834 624 et
854 585 1028 637 Sulpicii
1061 585 1178 625 Galli
1195 586 1343 638 filium,
1365 585 1477 640 cujus

61 648 173 682 tutor
192 648 293 692 erat,
315 643 375 682 ita
397 642 682 682 miserabiliter
704 656 782 694 pro
801 656 841 682 sc
860 643 1012 682 locutus
1032 648 1101 690 est,
1123 649 1165 681 ut
1185 645 1344 696 rogatio
1366 644 1476 684 anti-

61 706 264 753 quaretur.
295 705 455 740 exstant
470 706 549 740 tres
564 700 765 740 orationes
781 698 862 752 cy'us
874 714 888 738 .·
917 698 952 725 5⁷
963 701 1053 739 duae
1065 701 1255 740 adversus
1275 700 1477 741 Libonem

60 756 261 797 tribunum
273 756 404 810 plebis
422 757 752 811 rogationemque
771 755 868 810 ejus,
891 757 1041 797 habitae
1060 757 1109 796 (Ie
1129 757 1339 798 Lusitanis
1353 776 1365 798 .·
1396 772 1476 798 una

60 819 201 854 contra
222 814 274 854 L.
301 814 523 855 Cornelium
547 814 774 867 Cethegum,
796 815 838 854 in
859 828 938 867 qua
966 814 1189 855 Lusitanos
1203 821 1375 868 propter
1394 829 1478 856 sese

61 877 197 912 castra
218 871 405 912 habentes
431 885 549 912 caesos
567 869 745 922 fatetur,
766 872 871 924 quod
888 878 1127 923 compertum
1156 872 1356 921 babuerit,
1379 886 1478 926 equo

62 934 184 982 atque
204 927 362 968 homine
390 942 460 969 suo
479 929 563 968 ritu
593 929 805 977 immolatis,
824 942 894 981 per
912 930 1076 980 speciem
1089 930 1212 982 pacis
1233 930 1392 970 adoriri
1411 945 1478 970 ex-

64 987 232 1026 ercitum
261 986 431 1026 suumin
462 986 596 1026 animo
623 985 812 1026 habuisse.
872 985 1098 1026 Andriscus
1128 987 1304 1040 quidam,
1328 987 1478 1027 ultimae

63 1044 183 1083 soriis
213 1042 338 1093 homo,
369 1044 516 1084 Persei
543 1044 649 1096 regis
677 1057 718 1083 se
734 1041 868 1092 filium
888 1041 1045 1094 ferens,
1066 1049 1104 1082 et
1135 1049 1287 1083 mutato
1316 1045 1484 1084 nomine-

63 1100 284 1152 Philippus
313 1106 485 1149 vocatus,
511 1114 627 1164 quum
659 1099 708 1139 ab
735 1099 827 1140 urbe
847 1100 1050 1148 Romana,
1081 1114 1158 1153 quo
1188 1101 1300 1140 illum
1332 1101 1478 1141 Deme-

62 1158 170 1198 trius
188 1158 229 1198 S
210 1171 321 1212 Jrzoe
339 1171 413 1197 rex
432 1157 478 1197 ob
498 1158 569 1197 boc
597 1157 719 1209 ipsum
740 1157 986 1197 mendacium
1013 1158 1189 1205 miseffrat
1212 1159 1313 1198 clam
1330 1158 1480 1210 prrffu-

58 1215 197 1269 gisset,
221 1214 352 1255 multis
371 1213 589 1267 adsalsam
610 1228 692 1268 equs
699 1212 903 1266 fabulam,
926 1215 1031 1254 velut
1051 1215 1108 1254 ad
1132 1229 1281 1264 veram,
1303 1216 1480 1256 coeunti-

64 1272 147 1322 bus,
163 1277 367 1313 contracto
388 1273 579 1323 exercitu,
599 1277 727 1312 totam
744 1271 1032 1312 Macedoniam
1054 1278 1126 1312 aut
1146 1273 1349 1313 voluntate
1371 1273 1479 1313 inco-

63 1330 245 1378 lentium,
269 1335 340 1369 aut
360 1330 485 1370 armis
504 1329 722 1381 occupavit.
782 1328 979 1369 Fabulam
1001 1335 1131 1369 autem
1154 1331 1270 1370 talem
1279 1329 1482 1381 finxerat.

65 1387 136 1427 Ex
148 1386 294 1440 pellice
309 1401 351 1428 se
370 1394 407 1427 et
427 1387 573 1428 Perseo
588 1401 685 1440 rege
700 1392 843 1436 ortum,
856 1387 1054 1427 traditum
1071 1388 1316 1427 educandum
1339 1386 1372 1411 ³⁸
1388 1388 1481 1429 Cre·

65 1445 172 1484 tensi
190 1445 349 1485 cuidam
371 1458 465 1492 esse,
482 1450 526 1485 ut
547 1445 591 1484 in
611 1444 706 1483 belli
726 1457 853 1492 casm,
877 1445 983 1496 quod
999 1445 1067 1483 ille
1087 1458 1174 1483 cum
1195 1443 1393 1484 Romanis
1409 1459 1479 1498 ge-

66 1507 186 1550 reret,
209 1502 378 1554 aliquod
404 1503 511 1542 velut
531 1514 659 1542 semen
689 1502 816 1554 regiae
837 1500 975 1552 stirpis
997 1506 1185 1540 exstaret.
1243 1502 1392 1541 Perseo
1413 1503 1481 1542 de-

64 1565 231 1609 mortuo,
249 1558 503 1612 Adramyttei
530 1572 571 1599 se
592 1559 797 1597 educatum
819 1571 939 1611 usque
959 1558 1015 1597 ad
1034 1558 1303 1597 duodecimum
1335 1572 1481 1599 annum

65 1617 216 1664 (etatis,
236 1622 389 1668 patrem
411 1630 492 1656 eum
516 1630 596 1655 esse
622 1616 855 1665 credentem,
877 1628 903 1654 a
924 1628 1000 1667 quo
1021 1616 1270 1663 educaretur,
1293 1615 1480 1669 ignarum

61 1672 356 1728 generisficisse
375 1673 448 1713 sui.
481 1673 639 1723 adjecto
661 1673 806 1712 deinde
822 1685 880 1720 ρο,
903 1686 1018 1725 quum
1034 1686 1162 1724 prope
1181 1674 1238 1712 ad
1256 1673 1482 1724 vitoefinem

64 1731 246 1770 ultimum
267 1736 379 1779 esset,
401 1728 435 1753 ⁸⁹
448 1731 643 1770 detectam
660 1730 820 1769 tandem
843 1728 902 1769 ibi
921 1729 1120 1783 originem
1142 1743 1266 1778 suam,
1279 1728 1483 1784 falsaeque

66 1789 192 1827 matri
213 1787 386 1827 libellum
419 1787 573 1835 datum,
595 1788 658 1841 sig
662 1801 711 1826 no
732 1787 877 1827 Persei
895 1786 1004 1839 regis
1028 1787 1243 1841 signatum,
1266 1801 1378 1840 quem
1407 1788 1484 1828 sibi

69 1851 107 1884 ti
108 1845 258 1894 aderet,
281 1858 397 1899 quum
421 1845 476 1885 ad
502 1844 687 1897 puberem
717 1850 877 1885 aelatem
907 1843 1102 1884 veni:sset
1133 1844 1485 1900 obtestationesque

71 1989 247 2021 Gronovius
271 1992 413 2022 consulem
433 1991 586 2032 juberent.
631 1990 757 2022 Etenim

70 2031 106 2064 ab
134 2035 287 2064 scriberent
319 2044 379 2064 non
407 2039 509 2076 potest
537 2034 669 2076 intelligi
699 2034 757 2064 nisi

71 2076 110 2106 de
126 2076 278 2117 suffragiis
300 2087 355 2118 per
370 2077 519 2108 tabellam
542 2077 623 2108 latis.
668 2078 758 2108 Tunc

845 1992 884 2022 37
924 1992 999 2022 Duff
1022 1993 1170 2021 adversum
1196 1990 1329 2021 Libonem
1348 2012 1356 2020 .
1374 2013 1382 2021 .

801 2036 960 2074 tionemqne
1003 2036 1064 2073 ejus
1103 2035 1203 2064 habita:
1241 2035 1277 2063 de
1317 2034 1482 2074 Lusitanis]

803 2078 978 2108 Gronovius
1007 2076 1105 2108 edidit
1134 2078 1270 2107 habitam.
1323 2076 1384 2107 Sed
1416 2077 1485 2117 quis

1398 2001 1483 2032 Toga-

72 2123 178 2150 autem
207 2119 485 2160 pionuntiabantur
507 2119 673 2161 ‚suflragia,
697 2131 758 2151 non

71 2161 296 2192 scribebantur.
341 2162 491 2194 Nondum
512 2162 596 2193 enim
617 2163 668 2193 lex
693 2163 759 2194 ulla

71 2204 236 2235 tabellaria
250 2209 325 2235 erat.

115 2248 156 2278 33
183 2248 242 2281 Qui
265 2249 295 2278 in
315 2247 409 2288 fidem
429 2248 530 2286 populi
559 2247 684 2278 Romani
709 2250 758 2279 de—

71 2290 142 2336 diti]
167 2290 218 2321 Sic
234 2295 297 2322 vet.
313 2282 369 2321 lib.
387 2290 501 2321 habere
525 2296 655 2321 testatur
671 2290 758 2332 Sigo-

73 2342 165 2363 mus:
211 2331 256 2363 sic
285 2333 380 2364 habet
409 2338 441 2363 et
477 2333 669 2375 Campanus,
701 2334 760 2364 nisi

74 2375 159 2422 quod
187 2374 285 2406 edidit
313 2377 345 2405 in
364 2376 438 2416 fide.
495 2376 591 2406 Haud
620 2376 761 2407 videmus

73 2416 167 2457 igitur
189 2429 243 2449 cur
265 2429 370 2449 omnes
393 2417 468 2449 editi
494 2419 680 2450 iecentiores
706 2420 760 2450 de-

74 2459 175 2490 derint
198 2462 303 2500 populo
333 2461 480 2492 Romano:
518 2472 587 2503 quae
614 2461 760 2503 loquendi

75 2502 174 2533 forma
188 2503 289 2534 minus
304 2504 419 2534 usitata
434 2509 491 2534 est.

119 2546 160 2576 34
197 2545 235 2576 In
260 2546 361 2576 Gallia
388 2547 542 2594 venissent]
570 2547 761 2578 Venumdati

78 2593 192 2618 essent.
236 2588 379 2629 Sigonius
401 2589 463 2630 legi
481 2589 573 2630 jussit
596 2592 627 2620 in
652 2590 763 2622 Gallia.

79 2629 189 2660 Olim
180 2642 209 2660 zn
228 2631 368 2664 GalLiam.

124 2673 164 2702 35
189 2673 227 2703 Et
249 2685 318 2713 sape
341 2676 376 2705 ab
397 2674 441 2714 eo]
468 2674 641 2711 Vellemus,
659 2682 686 2705 et
710 2678 750 2715 ips
747 2687 765 2706 ·e

78 2725 148 2753 sape
163 2716 197 2744 ab
211 2726 241 2745 eo
256 2718 288 2746 in
301 2723 404 2747 senatu
421 2718 576 2748 laceratus

123 2757 164 2787 36
205 2757 243 2787 Et
280 2758 404 2798 Sulpicii
441 2759 525 2790 Galli
552 2760 671 2801 filiam]
710 2761 762 2791 Sic

81 2799 279 2840 Campanus:
325 2806 357 2831 et
384 2802 493 2833 eodem
528 2802 672 2834 alludunt
703 2804 765 2834 duo

81 2843 193 2914 ΙέΙιῗὸ.
202 2842 362 2876 G10novii.
407 2845 510 2887 Vulgo
533 2852 559 2876 et
572 2846 674 2886 filium
701 2847 767 2877 Caii

107 2896 121 2913 U
134 2886 217 2925 Pstil,

801 2130 940 2161 unquam
965 2119 1044 2151 dixit
1071 2121 1171 2150 habere
1192 2120 1388 2161 rogationem?
1419 2120 1485 2150 Re-

801 2163 949 2193 tinuimus
977 2164 1088 2198 habita,
1116 2161 1199 2203 quod
1228 2167 1328 2193 exstat
1354 2162 1387 2193 in
1409 2168 1486 2194 vett.

803 2205 904 2241 editis,
922 2211 953 2236 et
968 2205 1071 2236 referri
1087 2205 1181 2235 debet
1195 2205 1234 2235 ad
1249 2207 1399 2236 orationes.

845 2249 885 2279 38
912 2248 1054 2288 Cretensi]
1080 2247 1176 2278 Haud
1198 2247 1310 2282 scimus
1326 2257 1345 2278 a
1365 2258 1425 2288 quo
1447 2246 1488 2278 sit

802 2296 869 2321 orta
889 2291 956 2321 haee
979 2290 1084 2322 lectio.
1129 2291 1216 2321 Vett.
1240 2290 1315 2321 editi
1340 2290 1487 2321 Cir-thesa-

804 2333 947 2374 Sigonius
969 2345 1006 2365 ex
1023 2340 1083 2364 vet.
1107 2332 1162 2364 lib.
1184 2339 1215 2364 et
1239 2332 1381 2364 Pithoeus
1405 2332 1488 2375 apud

805 2376 978 2407 Hearnium
997 2377 1089 2406 Cretae
1103 2386 1141 2406 se.

847 2420 887 2450 39
926 2420 1079 2451 Detectam
1114 2420 1165 2448 sibi
1196 2420 1312 2448 tandem
1347 2419 1489 2459 originem

803 2462 899 2502 suam]
942 2461 1079 2499 Quidam
1116 2460 1191 2491 editi
1228 2466 1299 2491 ante
1329 2460 1490 2500 Sigonium

804 2506 953 2535 carebant
975 2507 1017 2545 τῷ
1039 2507 1101 2540 sibi,
1117 2509 1152 2533 ut
1174 2509 1205 2534 et
1224 2513 1304 2533 unus
1319 2503 1391 2534 MS.
1409 2503 1488 2534 Gro-

804 2547 899 2578 novii.
944 2548 985 2578 Et
997 2558 1068 2578 vero
1094 2557 1132 2577 ex
1155 2546 1192 2576 iis
1222 2556 1290 2586 quae
1320 2552 1491 2586 sequuntur

806 2596 894 2632 patet
915 2590 1103 2621 Andriseum
1126 2599 1188 2620 non
1202 2588 1316 2619 dixisse
1338 2593 1411 2618 tunc
1427 2589 1490 2622 sibi,

808 2633 863 2664 sed
899 2633 984 2663 falsae
1022 2632 1112 2664 matri
1150 2631 1306 2662 detectam
1342 2630 1491 2670 originem

808 2686 908 2712 suam,
925 2687 994 2723 quae
1018 2676 1057 2712 ei,
1074 2685 1172 2722 quum
1186 2674 1226 2705 ad
1248 2675 1395 2714 pubeiem
1416 2677 1491 2701 aeta-

809 2724 872 2748 tem
888 2719 1034 2753 venisset,
1050 2718 1229 2758 mysterium
1249 2716 1326 2745 illud
1350 2713 1491 2744 enuntia-

808 2767 864 2791 let.
919 2761 1030 2802 Itaque
1068 2760 1199 2790 libentel
1235 2758 1407 2798 legeremus
1442 2756 1493 2786 hic

809 2814 881 2834 cum
911 2773 1086 2835 Groiiovio:
1125 2805 1264 2833 detectam
1292 2801 1408 2829 tandem
1435 2801 1492 2828 ori-

807 2857 906 2887 gznem
943 2858 1024 2876 suant
1052 2845 1139 2886 salsa
1178 2843 1276 2878 matri,
1304 2848 1330 2872 ct
1370 2842 1495 2872 libellum

812 2891 922 2919 (latum.

845 2935 931 2982 ⁴22
