1831 3194
508 128 767 166 HISTORIA
778 127 895 164 RUM
929 126 1141 167 LIBROS.

159 238 268 267 Astam
287 238 434 278 oppidum
451 239 544 277 capit,
557 243 610 275 39,
623 243 674 270 21.
685 249 720 268 ex
736 240 803 268 vu1-

159 291 230 310 nere
248 283 392 318 moritur,
411 282 486 310 ibid.

115 325 152 354 C.
171 326 297 354 Atinius
322 326 437 358 Labeo,
455 325 600 354 tribunus
617 326 730 365 plebiS,
749 331 801 361 23,

159 373 207 396 22.
228 374 255 397 e!
274 373 322 397 25.
343 372 467 407 praetor,
485 373 536 397 42.
556 372 687 398 sortitur
706 370 801 407 juris-

157 413 326 441 dictionem
344 413 549 450 peregrinam,
567 417 618 441 43.

114 455 150 483 C.
168 456 296 484 Atinius
316 456 432 490 Labeo,
450 460 575 493 praetor,
592 458 647 493 36,
666 461 717 486 45.
736 465 800 486 sor-

155 500 234 527 titur
250 499 399 534 Siciliam,
417 504 470 531 37.
489 504 518 528 2.

112 542 155 568 M.
169 542 310 577 Atinius,
325 542 453 571 Thuriis
469 543 647 580 praefectus,
668 546 719 575 25,
737 546 784 572 15.

110 585 156 613 M.
174 586 313 622 Atinius,
325 586 486 623 praefectus
498 585 630 620 socium,
648 586 800 615 occiditur

151 637 169 656 a
185 629 283 664 Boiis,
302 633 356 664 34,
373 633 424 658 47.

110 671 158 700 M.
171 676 202 700 ct
217 673 250 701 C.
267 672 382 708 Atinii,
397 674 498 711 capita
510 673 750 709 conjurationis,
766 675 798 701 et

150 715 394 744 Bacchanalium
407 720 561 753 auctores,
571 721 626 753 39,
643 720 690 747 17.
705 716 796 755 puni-

150 762 259 794 untur,
279 763 328 788 18.

103 801 154 831 Ti.
172 802 277 831 Atinii
294 803 463 839 somnium,
481 808 512 839 2,
531 805 582 832 36.

105 846 285 881 Atintania,
305 851 358 882 27,
377 851 430 876 30.
448 851 498 881 29,
519 851 565 875 12.
584 850 639 883 45,
655 851 708 876 30.

105 888 140 916 Ι..
159 889 266 926 Atius,
285 890 432 919 tribunus
448 891 565 928 primus
590 891 732 919 secundae
748 888 791 919 le-

148 933 265 970 gionis,
281 937 337 969 41,
353 938 381 964 7.

102 976 254 1012 Atlesbis,
287 976 410 1012 regulus
441 977 611 1011 Thracum,
641 977 790 1015 impetum

145 1019 220 1048 facit.
249 1020 281 1048 in
314 1021 436 1058 Cotyis,
467 1021 658 1058 Odrysarum
697 1021 789 1059 regis,

144 1063 234 1099 fines,
251 1067 305 1100 42,
323 1067 375 1094 67.

101 1107 281 1140 Atratinus,
299 1107 363 1137 vid.
381 1106 594 1144 Sempronius.
668 1138 670 1140 ,

99 1152 211 1185 Atrax,
231 1150 393 1188 oppidum,
407 1151 510 1178 decem
528 1151 624 1178 ferme
637 1149 734 1177 millia
750 1149 788 1178 ab

141 1194 277 1229 Larissa,
291 1194 450 1222 obsidetur
464 1202 481 1221 a
492 1192 654 1228 Romanis,
667 1197 722 1229 32,
739 1197 788 1224 15.

141 1237 193 1275 qui
212 1246 242 1265 re
260 1237 376 1266 infecta
392 1237 522 1272 abeunt,
543 1241 591 1267 17.
609 1240 638 1265 ct
658 1240 706 1266 18.
725 1237 787 1266 vid.

139 1284 167 1309 ct
180 1285 234 1317 33,
252 1286 280 1310 4.
298 1282 351 1315 36,
373 1284 420 1309 10.
438 1284 468 1309 et
488 1284 536 1309 13.

99 1323 132 1351 L.
153 1324 279 1360 Atreus,
295 1328 350 1360 43,
371 1328 419 1354 13.

96 1367 221 1396 Atrium
246 1367 425 1404 Libertatis,
449 1371 502 1401 25,
526 1372 558 1398 7.
582 1366 731 1402 refieitur,
754 1368 785 1395 et

141 1412 362 1449 amplificatur,
375 1416 429 1447 34,
440 1415 490 1440 44.
502 1411 535 1439 in
546 1420 582 1439 eo
594 1409 784 1439 tabularium

139 1463 316 1490 censorum,
332 1460 386 1488 43,
409 1458 458 1483 18.
475 1454 534 1482 rid.
552 1457 579 1481 rt
596 1458 650 1490 45,
671 1457 718 1481 15.

115 1514 158 1520 —
175 1499 325 1527 Maenium
343 1498 375 1526 in
394 1497 581 1529 Lautumiis,
598 1501 655 1532 39,
672 1499 725 1525 44.

115 1555 159 1561 -
175 1541 334 1579 publicum
353 1542 384 1569 in
403 1541 570 1579 Capitolio,
589 1544 642 1576 24,
663 1543 709 1567 10.

114 1598 155 1606 —‹
174 1584 304 1623 regium,
322 1585 466 1613 incendio
482 1587 695 1617 consumtum,
714 1585 768 1620 26,

137 1631 190 1658 27.
207 1629 368 1659 refectum.
386 1632 440 1664 27,
463 1631 509 1655 11.

112 1686 156 1692 —
171 1671 290 1700 Titium
309 1672 340 1699 in
358 1670 545 1706 Lautumiis,
561 1673 617 1705 39,
632 1673 682 1697 44.

91 1715 126 1744 C.
140 1714 248 1743 Atrius
263 1715 391 1747 Umber,
403 1714 564 1743 seditionis
575 1712 779 1741 Sucronensis

136 1757 294 1796 princepS‚
318 1758 418 1787 securi
436 1757 623 1797 percutitur,
650 1760 703 1790 28,
727 1759 778 1785 24.

134 1805 162 1828 et
180 1805 229 1832 29.

91 1844 171 1872 Atta
188 1845 333 1881 Clausus,
349 1845 411 1874 rid.
428 1845 489 1882 Ap.
506 1843 664 1873 Claudius.

89 1887 228 1922 Attalus,
247 1898 298 1917 rex
313 1888 410 1924 Asiae,
430 1891 484 1924 26,
498 1891 550 1916 24.
566 1887 710 1925 AEginam
726 1895 776 1914 ve-

134 1930 194 1967 nit,
212 1936 266 1968 27,
280 1935 321 1960 30
352 1935 383 1960 et.
400 1932 440 1960 ibi
455 1931 614 1966 hiberuat,
628 1934 680 1958 33.
695 1930 779 1967 capit

132 1978 164 2002 et
181 1975 288 2013 diripit
304 1974 515 2012 Opuntiorum
536 1973 656 2009 urbem,
676 1977 728 2006 28,
746 1977 775 2003 7.

131 2018 317 2055 opprimitur
349 2020 443 2046 ferme
470 2027 488 2046 a
518 2017 676 2055 Philippo,
704 2016 774 2044 ibid.

131 2060 255 2089 omissis
272 2060 361 2089 rebus
378 2060 527 2090 Romanis
542 2061 574 2089 in
589 2060 695 2088 Asiam
712 2063 775 2087 tra-

125 2103 210 2140 jicit,
229 2109 257 2136 7.
296 2104 455 2133 Romanos
471 2105 589 2139 legatos
606 2103 775 2132 Pessinun-

130 2152 192 2176 tem
219 2147 356 2183 deducit,
375 2157 557 2184 sacrumque
580 2147 617 2175 iis
642 2146 774 2184 lapidem

129 2191 240 2223 tradit,
260 2194 313 2225 29,
331 2194 377 2218 11.
393 2200 410 2218 a
423 2190 573 2219 Romanis
587 2190 776 2219 adscribitur

130 2234 251 2268 foederi,
268 2243 338 2262 cuin
355 2234 501 2271 Philippo
515 2234 607 2268 inito,
623 2237 671 2261 12.
688 2233 775 2261 venit

128 2278 276 2306 Piraeeum
289 2278 475 2306 renovandae
488 2286 557 2306 cum
568 2276 774 2305 Atheniensi-

127 2320 185 2349 bus
199 2321 355 2349 societatis
367 2330 488 2355 caussa,
499 2324 536 2348 31
547 2341 555 2355 ‚
573 2323 620 2349 14.
634 2319 773 2356 adloqui-

127 2366 180 2393 tur
196 2364 347 2402 populum
371 2364 500 2402 scripto,
521 2367 568 2392 15.
588 2364 722 2392 honores
745 2362 773 2391 ei

127 2407 166 2436 ab
189 2407 436 2436 Atheniensibus
460 2407 588 2440 decreti,
613 2406 684 2434 ibfd.
703 2415 773 2434 cuin

127 2450 279 2479 Romanis
296 2451 411 2480 Oreum
436 2454 614 2489 oppugnat,
631 2453 662 2478 et
677 2450 772 2488 capit,

128 2495 181 2522 46.
200 2494 348 2532 opprimit
372 2494 535 2529 AEge1eon‚
551 2493 621 2521 [hid.
640 2493 706 2530 ejus
730 2493 772 2521 le-

129 2536 194 2574 gati
209 2541 341 2565 monent
358 2540 512 2571 senatum,
530 2537 606 2565 fines
621 2536 707 2574 regni
725 2536 774 2564 sui

129 2580 244 2608 vastari
260 2580 299 2609 ab
315 2580 486 2614 Antiocho,
503 2584 558 2613 32,
578 2583 607 2608 8.
626 2588 772 2608 coronam

128 2631 252 2651 auream
271 2626 333 2652 246
356 2624 462 2661 pondo
485 2624 517 2652 in
544 2623 700 2661 Capitolio
718 2633 772 2661 po-

129 2665 264 2694 nendam
281 2671 382 2702 curat,
401 2670 452 2697 27.
481 2667 580 2695 Attali
599 2671 629 2695 et
647 2666 773 2698 Quintii

129 2708 268 2736 consulis
284 2709 472 2746 colloquium
487 2719 556 2738 cum
570 2709 706 2744 Nabide,
719 2714 773 2740 39.

126 2755 153 2779 rt
170 2755 223 2779 40.
241 2751 273 2779 in
290 2753 422 2781 concilio
447 2754 630 2782 Boeotorum
654 2754 773 2791 primus

127 2794 222 2823 verba
232 2794 319 2829 facit,
332 2799 363 2822 et
374 2795 504 2833 loquens
516 2796 665 2828 concidit.
676 2800 731 2832 33,
744 2800 773 2825 2.

126 2838 311 2875 Pergamum
335 2838 494 2872 advectus,
517 2839 670 2868 moritur:
707 2839 773 2876 ejus

124 2880 244 2915 laudes,
255 2885 304 2909 21.
317 2880 436 2919 primus
449 2882 556 2911 Asiam
569 2882 774 2911 incolentium

1466 143 1540 184 293

895 237 1006 268 abnuit
1030 240 1218 278 stipendium
1244 243 1315 272 darc
1341 246 1453 285 Gallis,
1482 254 1537 287 88,

897 284 944 311 16.

849 325 990 362 Attalus,
1008 326 1158 357 Eumenis
1177 328 1283 366 frater,
1300 333 1431 362 nunciat
1448 343 1537 365 sena-

892 370 952 405 tui,
966 370 1159 400 Antiochum
1177 382 1246 402 cum
1261 376 1398 404 exercitu
1413 377 1537 407 Helles-

891 418 1025 450 pontum
1038 415 1205 452 trajecisse,
1215 421 1270 452 35,
1287 422 1336 447 23.
1349 428 1411 448 rem
1422 421 1538 451 Roma-

892 464 961 484 nam
976 456 1104 493 adjuvat
1118 460 1149 487 in
1163 469 1269 499 pugna
1279 471 1348 490 cum
1363 464 1538 501 Antiocho,

890 503 943 531 37,
958 504 1008 528 43.
1023 503 1149 530 arcessit.
1161 513 1232 533 eum
1247 514 1264 533 a
1278 505 1425 540 Pergamo
1440 507 1534 537 Man-

888 542 948 570 lius
976 546 1097 580 consul,
1122 547 1158 575 ad
1182 550 1404 586 capessendum
1430 560 1534 581 secum

889 585 1002 614 bellum
1032 588 1201 627 Gallicum,
1231 596 1287 628 33,
1321 596 1367 621 12.
1394 594 1536 633 celerius,

887 638 978 666 quam
994 630 1120 665 dignum
1133 635 1299 663 concordia
1309 636 1446 666 fraterna
1455 644 1534 673 erat,

886 673 983 701 credit
1006 674 1178 705 Eumenem
1204 683 1378 716 mortuum,
1403 685 1458 717 42,
1485 686 1533 712 16.

885 716 980 745 fidum
997 726 1028 745 se
1046 720 1163 748 socium
1189 722 1304 759 praebet
1328 724 1481 754 Romanis
1499 726 1532 756 in

884 759 964 789 bello
978 761 1123 790 adversus
1138 764 1263 801 Persen,
1279 769 1332 802 42,
1351 770 1401 796 55.
1417 771 1534 800 58.65.

884 806 912 830 et
929 808 981 835 44.
1005 808 1050 832 13.
1097 807 1229 836 Romam
1256 810 1352 843 venit,
1370 814 1425 847 45,
1450 816 1497 842 19.
1514 823 1532 842 a

883 845 1000 875 Stratio
1018 848 1137 878 medico
1151 852 1321 889 prudenter
1334 853 1532 891 admonetur,

881 889 958 919 ibid.
983 891 1135 922 haeredem
1160 903 1232 933 pop.
1257 896 1350 926 Rom.
1367 898 1530 937 relinquit,

883 933 965 971 Epit.
984 938 1035 964 58.

837 976 966 1010 Attalis,
983 978 1084 1007 tribus
1100 980 1247 1016 Athenis,
1264 986 1319 1019 31,
1342 987 1390 1013 15.

835 1019 982 1054 Attanes,
1000 1022 1252 1053 Turdetanorum
1271 1027 1408 1064 regulus,
1424 1030 1529 1058 trans-

877 1063 959 1101 fugit
976 1073 994 1092 a
1010 1066 1116 1094 Poenis
1135 1067 1171 1094 ad
1190 1068 1365 1105 Romanos,
1384 1074 1435 1104 28,
1456 1075 1503 1102 15.

834 1105 942 1135 Attica
958 1110 1054 1143 terra,
1074 1113 1127 1144 23,
1147 1114 1176 1138 8.
1193 1115 1247 1143 31,
1266 1116 1315 1141 14.
1332 1113 1527 1152 devastatur,

877 1150 952 1178 ibid.
970 1153 1132 1181 marmoris
1157 1154 1257 1192 copia,
1275 1159 1307 1183 et
1324 1155 1458 1194 ingeniis
1478 1167 1526 1187 ar-

876 1192 996 1222 tificum
1014 1195 1126 1224 eximie
1142 1201 1266 1233 ornata,
1283 1202 1338 1234 31,
1357 1202 1409 1230 26.

831 1236 925 1274 Atys,
943 1246 994 1265 rex
1009 1238 1109 1272 Albae,
1133 1243 1160 1273 1,
1177 1244 1207 1268 3.

831 1280 1014 1315 Avaricum,
1029 1282 1116 1317 urbs,
1132 1283 1218 1321 Epit.
1241 1288 1311 1316 107.

830 1323 986 1353 Auetores
1011 1325 1036 1353 si
1060 1327 1166 1355 Patres
1192 1327 1315 1365 fierent,
1332 1328 1376 1357 ita
1400 1330 1524 1360 demum

873 1370 975 1396 ratum
999 1372 1066 1397 erat
1090 1369 1133 1405 id,
1151 1371 1236 1408 quod
1260 1373 1395 1410 populus
1419 1374 1522 1403 decre<

872 1410 981 1446 visset,
1003 1416 1031 1448 l,
1054 1416 1102 1442 17.
1116 1414 1177 1441 vid.
1195 1414 1338 1443 Senatus.

829 1453 1012 1482 Auctoritas
1029 1458 1169 1491 senatus,
1187 1457 1249 1485 vid.
1267 1458 1413 1487 Senatus.

827 1497 975 1531 Audena,
992 1498 1105 1534 amnis,
1124 1503 1179 1535 41,
1200 1504 1252 1529 23.

827 1540 1023 1578 Aventinus,
1036 1551 1087 1570 rex
1099 1542 1202 1577 Albae,
1216 1544 1346 1572 fulmine
1358 1544 1521 1582 ictus‚1‚3.

827 1583 1136 1621 Aventinus‚mons,
1159 1589 1185 1618 1,
1204 1588 1232 1613 6.
1250 1587 1318 1616 urbi
1335 1588 1472 1624 additus,
1488 1596 1522 1619 et.

869 1627 960 1656 datus
982 1627 1117 1664 Latinis,
1141 1633 1194 1658 33.
1219 1635 1322 1659 coetus
1347 1635 1519 1662 nocturnos

868 1670 942 1699 facit
959 1672 1045 1709 plebs
1060 1671 1091 1700 in
1107 1672 1271 1702 Aventino
1288 1679 1405 1707 monte,
1419 1680 1451 1712 2,
1467 1680 1520 1707 28.

867 1723 937 1742 eum
960 1714 1075 1743 insedit
1100 1715 1254 1744 exercitus
1279 1717 1455 1755 Romanus,
1474 1730 1520 1749 re-

868 1757 950 1785 lictis
978 1759 1100 1796 castris,
1129 1763 1163 1795 3,
1195 1763 1245 1787 50.
1272 1760 1304 1788 in
1334 1771 1369 1789 eo
1393 1763 1516 1799 signum

868 1809 990 1829 aeneum
1021 1802 1142 1830 Junoni
1175 1803 1322 1833 dedicant
1350 1810 1514 1843 matrouae,

870 1847 924 1879 21,
942 1848 993 1874 72.

822 1887 941 1915 Averni
958 1887 1054 1918 lacus.
1076 1891 1130 1922 24,
1149 1891 1198 1917 12.

822 1931 900 1958 Avis
917 1931 1089 1969 sangualis,
1107 1935 1161 1966 41,
1185 1935 1233 1963 17.

821 1973 904 2002 Aves
920 1976 1052 2010 aestivae,
1072 1978 1103 2010 5,
1117 1977 1150 2003 6.

821 2017 905 2045 Aves
932 2027 996 2047 non
1024 2018 1174 2047 addicunt
1203 2018 1300 2048 Fabio
1324 2019 1514 2059 auspicanti,

865 2064 919 2096 27,
937 2064 984 2090 16.

820 2103 941 2133 Avibus
973 2104 1226 2140 admittentibus,
1252 2105 1376 2143 signum
1400 2116 1513 2145 pugnae

864 2147 984 2179 datum,
1003 2152 1035 2183 4,
1056 2152 1103 2176 18.
1123 2148 1183 2175 vicl.
1203 2149 1397 2187 Auspicium.

818 2190 974 2219 Aufidena
991 2191 1020 2219 vi
1039 2194 1141 2228 capta,
1163 2195 1214 2224 10,
1237 2196 1284 2221 12.

821 2234 879 2262 Cn.
909 2234 1064 2267 Aufidius,
1088 2234 1235 2263 tribunus
1259 2235 1368 2273 plebiS,
1386 2240 1512 2265 accusat

863 2278 900 2305 C.
910 2278 1103 2314 Lucretium,
1113 2279 1334 2315 praetorem,ad
1346 2279 1508 2317 populum,

862 2324 915 2356 4³,
937 2325 985 2350 ιο.

818 2364 964 2401 Aufidus,
982 2364 1096 2400 amnis,
1113 2368 1167 2399 22,
1185 2367 1238 2393 44.

818 2407 975 2443 Auginus,
988 2417 1089 2436 mons:
1108 2408 1139 2435 in
1154 2416 1224 2435 eum
1239 2405 1429 2445 confugiunt
1441 2408 1509 2437 Fri-

863 2451 963 2480 niates
981 2451 1123 2489 Ligures,
1141 2454 1196 2485 39,
1212 2453 1242 2479 2.

821 2493 930 2532 Augur
945 2494 1084 2523 consulit
1102 2494 1186 2522 Deos
1204 2494 1241 2522 de
1257 2492 1375 2528 Numa,
1397 2497 1425 2529 1,
1445 2498 1494 2521 18.

820 2537 960 2571 Augures
975 2547 992 2565 a
1004 2538 1110 2566 Numa
1122 2537 1273 2567 instituti,
1286 2536 1316 2564 id
1330 2541 1388 2571 est,
1399 2538 1430 2564 in
1445 2538 1507 2565 col-

863 2580 977 2619 legium
995 2580 1182 2615 contributi,
1198 2584 1230 2611 4,
1243 2585 1273 2608 4.
1292 2580 1328 2607 de
1345 2579 1506 2617 religione,

862 2633 928 2661 qua:
940 2624 1120 2652 morabatur
1131 2623 1291 2651 dictatoris
1305 2622 1505 2655 creationem,

861 2668 1083 2701 consuluntur,
1097 2671 1148 2695 31.
1161 2666 1308 2694 vitiosum
1322 2665 1506 2694 dictatorem

861 2719 927 2739 esse
939 2710 1164 2747 pronunciant,
1177 2713 1207 2744 8,
1218 2713 1270 2737 23.
1284 2711 1344 2735 tres
1356 2707 1446 2734 initio
1456 2708 1505 2736 fu·

861 2763 921 2786 ere,
942 2757 992 2788 10,
1011 2756 1041 2782 6.
1066 2754 1203 2790 quinque
1226 2753 1264 2778 de
1287 2750 1374 2787 plebe
1397 2751 1504 2786 creati,

866 2801 916 2833 10,
931 2800 959 2826 9.
977 2797 1106 2825 solvunt
1118 2795 1287 2828 tributum,
1301 2797 1356 2828 33,
1373 2796 1425 2822 42.

819 2838 953 2877 Augurii
970 2838 1110 2876 capiendi
1128 2838 1217 2867 ritus.
1238 2840 1266 2871 1,
1285 2839 1334 2864 18.

819 2881 995 2920 Augurium
1013 2891 1048 2910 cx
1065 2880 1149 2910 corvi
1165 2883 1310 2915 occentu,
1331 2882 1380 2916 10,
1397 2882 1450 2909 40.

887 2930 963 2963 03
