1826 3149
345 97 421 136 256
906 95 938 132 E
953 95 980 133 P
992 95 1009 133 Ι
1021 95 1054 132 Τ
1066 94 1102 132 O
1115 95 1156 132 M
1167 94 1215 131 AE

345 207 401 248 L.
424 206 624 254 Catilina,
645 205 702 245 bis
728 206 929 257 repulsam
959 205 1002 244 in
1030 204 1222 256 petitione
1242 204 1467 244 consulatus
1483 216 1636 256 passus,
1657 217 1740 244 cum

344 263 520 304 Lentulo
549 269 734 315 praetore,
765 268 803 302 et
837 262 1022 314 Cethego,
1043 268 1081 300 et
1106 261 1291 312 pluribus
1310 261 1419 309 aliis,
1444 259 1670 313 conjuravit
1693 262 1741 300 de

342 321 450 361 ccede
487 319 686 361 consulum
726 325 764 358 et
802 324 973 365 senatus,
1015 317 1213 357 incendiis
1250 318 1372 366 urbis,
1409 323 1447 357 et
1485 318 1742 370 obprimenda

341 377 569 442 republica;
603 376 776 416 evercitu
806 389 958 428 quoque
977 373 1018 413 in
1038 375 1122 414 Etr
1122 374 1210 414 uria
1229 380 1471 427 comparato
1520 376 1587 414 Ea
1609 374 1743 427 conjn-

342 434 453 474 ratio
481 434 679 473 industria
701 432 767 472 M.
792 432 913 471 Tullii
935 429 1146 471 Ciceronis
1175 437 1292 471 eruta
1322 438 1391 472 est.
1437 432 1616 472 Catilina
1647 431 1739 472 urbe

336 493 467 545 pulso,
489 491 539 531 de
557 490 723 543 reliquis
742 488 959 542 conjuratis
977 488 1214 540 supplicium
1235 495 1396 529 sumtum
1417 494 1488 529 est.

966 602 1117 655 CIII.

402 697 584 739 Catilina
613 711 639 736 a
663 697 709 738 C.
730 695 905 738 Antonio
928 698 1167 749 proconsule
1195 710 1282 735 cum
1312 696 1489 736 exercitu
1517 709 1637 737 ccesus
1666 703 1737 737 est.

347 755 398 795 P.
422 754 586 795 Clodius
608 759 829 804 accusatus,
849 752 997 806 ⁶¹¹quod
1017 754 1060 793 in
1081 753 1218 793 habitu
1248 753 1432 793 muliebri
1449 754 1492 792 in
1512 755 1742 802 sacrarium,

343 812 386 852 in
406 812 510 865 quod
529 812 654 852 virum
676 812 830 851 intrare
849 808 964 861 nefas
984 816 1054 859 est,
1077 811 1278 858 intrasset,
1302 815 1339 849 et
1359 824 1515 849 uxorem
1536 809 1569 832 ⁶⁵
1581 811 1745 851 maximi,

333 869 544 921 pontificis
582 874 812 921 stuprasset,
845 867 1047 908 absolutus
1086 873 1155 907 est.
1205 865 1238 889 ⁶⁶
1260 867 1303 907 C.
1343 866 1556 906 Pontinius
1587 874 1744 919 proetor

344 926 598 979 Allobrogas,
622 926 692 978 qui
707 924 1014 973 rebellaverant,
1037 925 1090 964 acl
1110 923 1289 964 Solonem
1313 923 1473 963 domuit.
1506 924 1560 967 P.
1580 925 1745 964 Clodius

344 984 401 1023 acl
414 984 566 1036 plebem
587 983 769 1023 transiit.
797 983 840 1022 C.
860 981 997 1022 Caesar
1014 980 1232 1021 Lusitanos
1252 980 1433 1033 subegit:
1464 994 1586 1033 eoque
1605 995 1743 1021 consu-

345 1040 451 1080 latus
465 1040 694 1087 candidato,
712 1045 750 1079 et
769 1044 957 1091 captante
977 1038 1258 1089 rempublicam
1276 1038 1481 1085 invadere,
1498 1039 1744 1090 conspiratio

345 1098 451 1136 inter
484 1103 564 1136 tres
593 1096 787 1148 principes
820 1096 1000 1135 civitatis
1016 1095 1143 1148 sacta
1177 1101 1249 1144 est,
1283 1095 1357 1135 Cn.
1389 1094 1639 1146 Pompeiane,
1677 1095 1742 1134 M.

347 1153 548 1200 Crassum,
583 1153 627 1193 C.
663 1153 877 1194 Coesarem.
937 1152 1068 1206 Leges
1106 1152 1289 1204 agrarice
1324 1165 1350 1190 a
1389 1151 1545 1191 Caesare
1588 1153 1745 1192 consule

344 1224 426 1250 cum
463 1223 611 1262 magna
646 1209 901 1257 contentione,
926 1209 1056 1248 invito
1090 1214 1244 1257 senatu,
1268 1214 1306 1247 et
1336 1209 1466 1247 altero
1494 1210 1652 1248 consule
1680 1209 1746 1248 M.

345 1267 506 1314 Bibulo,
529 1268 626 1306 latae
654 1272 760 1306 sunt.
807 1266 850 1306 C.
872 1265 1068 1305 Antonius
1090 1266 1307 1317 proconsul
1337 1267 1381 1304 in
1408 1265 1586 1304 Thracia
1598 1279 1744 1317 parum

335 1337 527 1376 prospere
561 1338 642 1363 rem
674 1322 811 1376 gessit.
870 1323 937 1362 M.
969 1322 1119 1370 Cicero,
1150 1322 1236 1375 lege
1263 1336 1289 1360 a
1321 1321 1378 1361 P.
1407 1322 1551 1362 Clodio
1586 1322 1745 1362 tribuno

335 1380 466 1433 plebis
488 1380 585 1427 lata,
608 1381 713 1433 quod
732 1379 981 1419 indemnatos
1009 1378 1109 1419 cives
1138 1378 1360 1426 necavisset,
1383 1377 1423 1417 in
1443 1378 1620 1419 ersilium
1651 1381 1746 1420 mis-

341 1451 409 1477 sus
437 1443 508 1478 est.
543 1438 695 1487 Ccesar,
726 1437 770 1476 in
794 1436 1047 1489 provinciam
1072 1434 1262 1475 Galliam
1285 1435 1502 1488 prcffectus,
1528 1435 1743 1485 Helvetios,

341 1508 485 1548 vagam
501 1501 670 1547 gentem,
684 1468 860 1533 domuit:
887 1506 990 1546 quoe,
1012 1493 1143 1533 sedem
1162 1506 1267 1546 quae]
1272 1506 1351 1541 ens,
1369 1491 1478 1544 67per
1491 1493 1745 1545 provinciam

347 1552 518 1592 Coesarzs
539 1551 770 1591 Να7ῖ7077<3777
797 1552 871 1591 iter
888 1548 1031 1602 facere
1059 1548 1230 1590 volebat.
1267 1550 1470 1589 Praeterea
1498 1550 1616 1590 situm
1642 1548 1745 1591 Gal-

344 1607 487 1648 liarum
513 1608 696 1648 continet.
746 1606 780 1630 ⁶⁸
794 1607 1008 1659 Pompeius
1025 1607 1074 1646 de
1091 1606 1227 1646 liberis
1249 1606 1525 1655 Mithridatis,
1554 1606 1744 1660 Tigrane,

342 1672 378 1704 et
412 1666 604 1718 Tigranis
624 1665 740 1717 filio,
771 1663 1057 1716 triumphavit.-
1092 1663 1354 1717 Magnusque
1390 1677 1415 1703 a
1449 1669 1535 1704 tota
1568 1664 1746 1704 concione

343 1723 614 1764 consalutatus
634 1727 704 1762 est.

971 1798 1117 1851 CIV.

399 1905 546 1945 Prima
572 1918 676 1957 pars
696 1904 801 1944 libri
819 1903 938 1943 situm
965 1901 1198 1942 Germania)
1227 1913 1429 1953 moresque
1456 1901 1648 1940 continet.
1700 1900 1744 1940 C.

344 1961 496 2010 Caesar,
519 1975 640 2015 quum
665 1961 852 2002 adversus
876 1959 1120 2007 Germanos,
1142 1958 1209 2012 qui
1228 1957 1428 1998 Ariovisto
1457 1958 1553 1997 duce
1581 1958 1622 1997 in
1647 1957 1746 1996 Gal-

384 2074 424 2104 64
451 2074 564 2107 Quod.
589 2096 598 2106 .
621 2075 770 2104 intrasset.
795 2084 937 2113 quumque
951 2084 1020 2102 uio·
1108 2071 1149 2102 67
1174 2071 1234 2101 Per
1262 2071 1440 2109 provinciam
1470 2071 1597 2101 Coesaris
1633 2069 1744 2099 Narbo-

340 2118 417 2157 rem]
457 2119 536 2147 Haec
575 2117 735 2147 verborum
771 2121 924 2146 structura
961 2126 1022 2146 non
1065 2125 1130 2144 ‘nem
1155 2116 1210 2144 iter
1229 2113 1351 2154 facere]
1387 2112 1559 2143 Gronovius
1583 2122 1637 2154 pro
1664 2112 1745 2142 Nai-

340 2158 494 2190 immerito
508 2158 667 2201 displicuit
683 2158 858 2190 Gronovio:
884 2158 936 2199 qui
952 2169 1021 2199 pro-
1066 2158 1163 2187 bouem
1179 2156 1240 2197 legi
1252 2156 1342 2197 jubet
1358 2155 1434 2185 Nar]
1426 2166 1583 2186 Jonensem.

340 2200 424 2237 inde,
462 2213 557 2242 quum
592 2202 737 2243 reperiret
771 2202 804 2232 in
837 2201 1022 2242 quibusdam

341 2244 434 2276 MSS.
461 2246 574 2279 Quod.
633 2267 642 2276 .
665 2255 731 2275 cum
759 2246 891 2275 intrasset
906 2250 933 2274 et
955 2255 1024 2273 uso-

341 2297 414 2322 vem,
430 2286 639 2328 copulativam
662 2287 759 2317 tollit·
753 2312 761 2325 ‚
783 2287 828 2317 ita
841 2291 876 2316 ut
890 2286 952 2328 legi
967 2286 1021 2316 de·

341 2329 429 2359 beat:
458 2331 541 2364 Quod
565 2353 574 2360 .
598 2352 606 2360 .
630 2350 638 2358 .
662 2340 751 2369 quum
781 2331 926 2365 intrasset,
952 2340 1019 2359 uuo-

339 2380 400 2400 reni
414 2374 530 2402 marinii
542 2373 685 2412 pontificis
699 2374 893 2411 stupravisset.

383 2414 424 2444 65
449 2414 572 2444 Maximi
595 2415 752 2454 pontificis]
793 2414 861 2444 Hoc
892 2413 1021 2444 debetur

341 2455 476 2496 Sigonio.
521 2457 626 2486 Antea
643 2457 925 2496 MetellipontificiS.
960 2455 1021 2486 Sed

339 2498 438 2529 omnis
477 2498 603 2528 historia
639 2504 768 2529 testatur
811 2498 851 2529 ad
872 2497 1022 2529 'Caesaris

339 2551 466 2571 uxorem
482 2541 663 2582 Pompeiam
679 2546 776 2572 totum
791 2541 849 2572 hoc
865 2541 1022 2581 negotium

341 2589 515 2614 attinuisse.

384 2627 425 2657 66
451 2627 487 2657 C.
504 2625 674 2665 Pontinius]
708 2625 803 2656 Varie
828 2625 886 2656 hoc
911 2635 1023 2654 nomen

342 2668 495 2704 scribitur,
535 2668 689 2703 Pontinus,
730 2668 896 2703 Pontinius,
938 2667 1024 2696 Pom-

340 2713 452 2749 ptinus.
487 2711 530 2741 At
546 2710 577 2740 in
592 2710 779 2752 praenomine
797 2710 884 2740 nulla
901 2708 1023 2739 dubita-

342 2753 385 2783 tio
401 2759 458 2784 est.
492 2753 617 2794 Ubique
632 2752 715 2794 apud
731 2752 924 2788 Ciceronem,
942 2751 1024 2792 apud

345 2796 524 2826 Sallustium
558 2798 597 2827 C.
619 2800 756 2832 vocatur,
779 2805 839 2824 non
864 2796 923 2825 Cn.
950 2804 1025 2834 quo-

342 2838 432 2868 modo
448 2839 599 2869 hactenus
614 2838 672 2868 hoc
688 2838 755 2868 loco
770 2837 941 2877 legebatur.

1109 2200 1149 2230 68
1174 2199 1325 2238 Pompeius
1358 2199 1393 2228 tle
1421 2198 1514 2228 liberis
1547 2197 1744 2237 Mithridatis]

1070 2241 1213 2283 Sigonius
1228 2240 1333 2271 multis
1349 2239 1497 2281 disputat,
1513 2240 1581 2270 haee
1602 2250 1656 2269 suo
1679 2239 1746 2269 loco

1067 2285 1168 2327 posita
1195 2294 1256 2314 non
1286 2293 1363 2318 esse,
1356 2288 1546 2354 ,gpropterea
1568 2281 1650 2322 quod
1674 2292 1746 2312 con-

1066 2333 1127 2358 stat
1140 2325 1322 2368 Pompeium
1335 2325 1373 2355 Pi
1390 2335 1447 2355 one
1463 2330 1494 2354 et
1507 2324 1646 2354 Messala
1659 2324 1747 2355 Coss.

1066 2369 1280 2415 triumphasse,
1295 2372 1462 2408 antequam
1484 2377 1554 2397 cum
1576 2366 1700 2397 Caesare
1716 2372 1746 2397 et

1065 2412 1176 2443 Crasso
1205 2410 1385 2441 societatem
1415 2409 1517 2444 iniret,
1545 2408 1635 2439 tertio
1665 2419 1745 2439 anno

1065 2460 1136 2485 ante
1152 2453 1272 2484 Pisonis
1295 2457 1326 2482 et
1342 2451 1469 2482 Gabinii
1497 2451 1689 2482 consulatum
1714 2457 1746 2481 et

1064 2497 1190 2527 exilium
1215 2493 1383 2529 Ciceronis,
1401 2499 1432 2524 et
1455 2493 1588 2525 Caesaris
1612 2493 1644 2524 in
1668 2494 1745 2524 Gal-

1064 2540 1140 2570 liam
1165 2538 1456 2569 adventum..1am
1478 2547 1550 2567 vero
1573 2535 1746 2567 Gronovius

1066 2582 1098 2612 in
1113 2579 1238 2611 histmia
1253 2589 1335 2621 quoq
1337 2589 1375 2609 ue
1388 2579 1497 2609 vitium
1513 2589 1579 2609 esse
1593 2579 1746 2609 observat.

1068 2625 1131 2655 Cur
1147 2623 1229 2654 enim
1244 2623 1282 2653 de
1297 2621 1402 2652 liberis
1424 2621 1525 2662 potius
1540 2620 1744 2655 Mithlidatis,

1067 2676 1163 2707 quam
1184 2665 1222 2695 de
1245 2664 1430 2695 Mithridate
1455 2664 1520 2705 ipso
1542 2664 1746 2710 triumphasse

1069 2707 1235 2749 Pompeius
1256 2706 1368 2737 dicitur
1377 2709 1389 2737 ’ἱ
1415 2707 1441 2736 Γ
1444 2705 1630 2748 numphavlt
1653 2706 1744 2736 Pom-

1068 2750 1156 2797 peius
1170 2749 1208 2780 de
1221 2749 1404 2779 Mithridate
1419 2753 1450 2779 et
1464 2749 1598 2789 'ligrane
1614 2747 1746 2788 regibus,

1070 2792 1170 2823 ductis
1191 2797 1262 2822 ante
1278 2802 1399 2822 currum
1421 2791 1525 2821 liberis
1540 2789 1743 2825 Mithridatis,

1071 2841 1102 2866 et
1114 2835 1148 2865 T
1142 2835 1255 2875 xgranis
1270 2834 1332 2865 filio
1347 2835 1488 2874 Pigrane.
