1805 3174
484 87 522 124 H
531 88 544 125 I
553 85 863 123 STORIARUM
895 84 1104 122 LIBROS.

77 194 232 225 Lavioaua
249 198 311 232 via,
330 202 361 231 4,
379 202 432 226 41.

75 237 245 275 Labienus,
262 240 347 278 Epit.
372 245 439 272 127.

75 281 178 312 Labra
190 284 251 312 duo
264 293 435 313 marmorea
447 283 479 311 in
494 284 655 320 Capitolio
668 292 686 311 a
696 283 763 312 Sci-

119 326 212 363 pione
230 327 377 356 Africano
394 328 509 365 posita,
526 331 582 362 37,
600 331 630 355 3.

76 369 291 402 Lacedaemou.
310 371 497 400 validissima
520 371 592 399 urbs
618 369 690 399 viris
714 379 760 399 ar-

119 414 253 450 misque,
271 418 325 449 34,
342 418 392 443 33.
411 415 471 443 vid.
490 414 610 451 Sparta.

75 455 290 492 Lacedaemon,
304 466 366 485 non
378 466 505 495 operum
518 456 762 492 magnificentia,

118 500 171 528 scd
187 500 351 538 disciplina
368 501 597 539 institutisque,
616 509 764 530 memora-

119 543 203 579 bilis,
220 547 274 579 45,
291 548 341 572 28.

77 585 331 615 Lacedaemonius
363 587 437 622 dux,
471 587 672 626 Cleonymus,
705 587 765 617 vid.

123 630 324 668 Cleonymus.

75 674 302 702 Lacedaemonii
325 674 466 712 tyranni,
484 672 678 707 Cleomenes,
698 675 767 702 Ma-

119 717 282 753 chanidas,
300 717 410 747 Nabis.
421 717 484 747 vid.
496 718 552 746 sub
568 718 618 746 lzz's
634 719 767 750 vocibus,

78 761 304 790 Lacedaemonii
328 765 481 789 vexantur
503 761 542 790 ab
565 762 629 789 suis
652 763 770 791 exsuli-

122 804 192 841 bus,
217 808 272 839 38,
297 808 348 833 30.
374 805 454 833 bello
478 810 704 843 oppugnantur
729 806 767 835 ab

121 847 259 883 Achaeis,
277 852 328 876 32.
346 848 480 887 Lycurgi
504 849 584 887 leges
606 848 766 885 abrogare,

121 895 153 919 et.
169 892 354 920 Achaeortuu
372 892 453 926 leges
468 891 677 930 institutaque
688 893 770 922 acci-

122 943 193 972 pere
212 935 379 972 jubentur,
405 939 456 964 34.
483 935 520 964 de
544 936 580 964 iis
605 936 708 973 agitur
736 937 768 965 in

123 978 259 1007 concilio
280 978 479 1008 Achaeorum.
499 988 600 1007 coram
621 980 768 1008 Romanis

123 1021 245 1059 legatis,
263 1025 318 1057 39,
334 1025 386 1050 35.
403 1029 430 1050 et
447 1026 498 1052 37.
517 1031 641 1050 manere
653 1023 771 1059 juben-

122 1069 174 1093 tur
193 1065 224 1093 in
243 1065 376 1093 concilio
394 1066 594 1100 Achaeorum,
613 1070 664 1095 48.

101 1124 144 1130 —
160 1112 304 1147 pugnant
320 1108 502 1144 missilibus,
519 1113 574 1145 34,
592 1113 645 1139 39.

101 1167 145 1174 -
160 1155 357 1180 cunctatores
375 1156 497 1183 natura.
516 1155 569 1185 45,
588 1156 639 1181 23.

84 1195 388 1224 Lacedaemoniorum
402 1195 523 1224 exsules
537 1196 642 1231 multi,
657 1195 738 1234 pulsi
752 1204 770 1223 a

124 1239 188 1267 suis
212 1238 368 1276 tyrannis,
387 1239 521 1268 veniunt
537 1239 569 1268 in
585 1243 687 1268 castra
703 1239 768 1268 Ro·

124 1291 304 1319 manorum,
322 1286 377 1317 34,
395 1285 445 1311 26.

83 1325 117 1353 C.
134 1325 291 1362 Lacerius,
307 1325 454 1355 tribunus
472 1325 584 1365 plebis,
602 1330 634 1363 5,
657 1329 704 1354 10.

84 1369 335 1405 Lacetania‚.2l,
352 1373 402 1398 23.

84 1413 245 1448 Lacetani,
262 1416 315 1448 21,
339 1415 389 1441 60.
414 1415 441 1441 ct
466 1416 517 1441 61.
541 1412 772 1451 depopulantur

126 1465 217 1495 agros
240 1456 394 1484 sociorum
419 1457 524 1494 populi
548 1456 696 1491 Romani,
718 1459 771 1491 28,

128 1504 180 1528 24.
197 1500 230 1527 in
246 1508 298 1528 eos
314 1499 446 1527 edicitur
461 1500 630 1538 expeditio,
645 1501 697 1527 26.
710 1498 771 1526 vid.

128 1547 158 1571 et
173 1546 225 1571 33.
243 1545 270 1570 el
287 1546 338 1571 34.
386 1542 545 1578 Lacetani,
567 1552 655 1578 gens,
679 1551 772 1580 quam

129 1586 225 1614 insita
239 1586 344 1615 feritas
359 1589 446 1614 tenet
471 1587 502 1615 in
528 1587 633 1618 armis,
650 1589 705 1621 34,
720 1589 772 1615 20.

128 1638 236 1658 eorum
260 1629 409 1667 oppidum
433 1633 596 1668 oppugnat
620 1629 668 1658 M.
693 1630 772 1658 Cato

128 1672 251 1707 consul,
267 1676 299 1701 et
315 1673 410 1710 capit.
431 1673 501 1701 ibid.

88 1716 239 1745 Lachares
256 1716 337 1744 filius
354 1715 559 1749 Mithridatis,
577 1715 663 1753 Epit.
681 1719 733 1746 98.

87 1759 215 1789 Lacinia
235 1759 335 1795 Juno,
352 1763 405 1792 24,
422 1764 453 1788 3.
477 1760 544 1796 ejus
568 1759 674 1788 nobile
694 1763 774 1788 tem-

129 1803 378 1841 plum,sanctum
389 1803 534 1832 omnibus
545 1803 627 1831 circa
636 1803 772 1841 populis,

130 1847 204 1875 ibid.
222 1846 285 1874 vid.
302 1850 332 1875 et
349 1850 402 1880 23,
420 1851 471 1875 33.
491 1847 521 1874 in
544 1856 580 1875 eo
597 1846 702 1879 multi,
721 1847 774 1884 qui

130 1891 163 1919 in
179 1888 316 1918 Africam
340 1889 428 1927 sequi
445 1890 635 1919 Annibalem
657 1889 775 1918 abnue·

130 1933 221 1969 bant,
239 1933 332 1970 jussu
356 1933 423 1969 ejus
450 1933 621 1969 interfecti,
643 1937 698 1969 30,
723 1937 774 1961 20·

130 1976 244 2015 tegulae
268 1985 461 2012 marmoreae,
485 1986 521 2005 ex
544 1987 581 2006 eo
604 1976 738 2006 sublatae
758 1986 776 2005 a

132 2028 270 2053 censore,
291 2019 385 2056 jussu
413 2023 541 2048 senatus
564 2024 777 2060 reportantur,

132 2067 186 2096 42,
203 2067 233 2092 3.

90 2106 268 2140 Lacinium,
286 2105 548 2143 promontorium,
569 2110 620 2142 12,
641 2111 669 2135 8.
688 2106 776 2135 illum

133 2149 392 2188 praeternavigare
407 2148 453 2177 fas
466 2149 616 2178 Romanis
628 2159 707 2186 esse,
723 2159 776 2178 ne-

133 2197 188 2232 gat
204 2192 394 2221 Philocharis
409 2192 614 2230 Tarentinus,
627 2194 700 2222 ibid.
714 2193 777 2222 vicl.

135 2242 165 2266 et
181 2240 236 2272 27,
251 2239 303 2264 25.
320 2237 376 2272 36,
392 2239 446 2265 42.

91 2281 243 2314 Lacones,
261 2279 324 2308 vid.
341 2279 580 2309 Lacedaemonii.

93 2323 248 2353 Laconica
263 2331 329 2358 ora,
345 2327 400 2358 38,
415 2326 468 2351 30.

95 2368 189 2396 Lacte
204 2365 297 2405 pluit,
314 2365 376 2394 vid.
394 2365 584 2404 Prodigium.

94 2411 293 2445 Lacumaces,
307 2409 413 2448 stirpis
425 2410 515 2444 regiae
531 2411 613 2448 apud
626 2408 778 2438 Numidas

136 2462 225 2491 puer,
240 2452 414 2491 appellatur
428 2461 447 2481 a
462 2453 620 2483 Mezetulo
643 2461 707 2488 rex,
725 2457 778 2488 29,

139 2501 191 2527 29.
200 2497 303 2525 victus
313 2504 331 2524 a
340 2496 522 2531 Masinissa,
533 2497 615 2536 fugit
628 2497 660 2525 in
671 2505 777 2531 agrum

140 2539 441 2573 Carthaginiensem,
452 2543 507 2569 30.
517 2548 548 2569 se
561 2541 594 2569 in
605 2540 779 2569 Masinissae

139 2582 228 2611 fidem
245 2582 412 2620 permittit,
428 2582 503 2611 ibid.

98 2627 199 2655 Lacus
215 2625 370 2661 Albanus,
384 2629 415 2659 5,
435 2629 483 2657 15.
501 2627 611 2656 crescit
624 2627 656 2655 in
673 2626 780 2656 altitu-

140 2669 244 2698 dinem
259 2667 433 2704 insolitam,
451 2669 525 2697 ibid.

121 2730 163 2736 ...
178 2711 311 2746 Averni,
329 2715 383 2748 24,
405 2715 453 2740 12.
474 2716 524 2741 13.
540 2718 570 2742 (ι
588 2718 638 2743 20.

120 2771 164 2777 —
178 2754 368 2793 Begorrite5‚
385 2758 439 2791 42,
456 2759 509 2784 53.

120 2815 163 2822 —-
180 2797 322 2833 Curtius,
344 2800 374 2832 1,
396 2801 444 2826 13.
463 2803 495 2834 7,
511 2800 541 2827 6.

123 2856 165 2864 ·-
179 2840 331 2877 Fucinus,
347 2844 379 2877 4,
398 2843 449 2872 57.

1421 89 1498 124 347

808 198 907 226 Lacus
924 195 1050 229 Martis,
1068 200 1123 230 41,
1148 200 1196 225 13.

828 259 870 264 -
886 240 998 274 Ostiae,
1015 243 1069 275 27,
1093 243 1140 268 ιι.

828 299 871 305 --
888 283 1041 321 Regillus,
1059 286 1092 319 2,
1116 287 1161 313 19.
1177 285 1209 319 (5,
1226 287 1255 311 2.
1272 282 1332 311 virl-
1348 282 1496 318 Regillus.

829 345 871 350 —
886 326 1023 361 Timavi,
1042 330 1096 363 41,
1115 330 1144 354 5.

831 387 874 392 —
889 370 1102 404 Trasimenus,
1120 373 1174 404 22,
1192 373 1223 398 4.

831 428 874 434 --
891 413 1086 446 Vadimonis,
1105 417 1135 448 9,
1151 416 1203 442 39.

812 460 912 488 Lacus
923 457 1061 485 manavit
1073 454 1498 495 sanguine‚vz·d.Prodigium.

813 505 847 532 c.
866 500 994 536 Laelius,
1011 501 1100 528 classi
1117 510 1134 529 a
1151 500 1296 538 Scipione
1319 500 1497 538 praefectus,

856 546 909 579 26,
926 548 977 572 42.
994 544 1033 572 ob
1051 544 1197 573 virtutem
1221 552 1336 572 corona
1359 552 1452 572 aurea
1468 551 1500 575 et

854 587 987 625 triginta
1015 587 1115 616 bubus
1145 589 1290 620 donatur,
1313 590 1365 616 48.
1389 587 1415 615 it
1439 587 1499 615 Ro-

855 639 952 667 mam,
967 634 997 659 et
1014 630 1045 658 in
1064 635 1187 667 senatu,
1205 630 1426 664 Carthaginem
1444 640 1500 659 no-

855 683 924 702 vam
939 674 1076 711 aliasque
1089 675 1180 703 urbes
1196 678 1301 712 captas
1317 683 1395 710 esse,
1407 683 1501 712 expo-

855 719 917 753 nit,
930 722 983 752 27.
999 722 1028 747 7.
1046 718 1185 747 mittitur
1201 722 1307 747 orator
1323 726 1341 745 a
1357 717 1502 755 Scipione

856 762 893 789 ad
923 761 1106 799 Syphacem,
1133 766 1188 797 28,
1218 766 1266 792 17.
1295 761 1434 790 mittitur
1463 761 1501 790 ad

856 805 1053 842 praedandam
1078 805 1230 840 Africam,
1247 809 1298 838 29,
1321 809 1347 833 1.
1368 805 1407 833 ad
1431 813 1501 833 euni

857 849 942 876 venit
956 849 1135 882 Masinissa,
1153 853 1181 877 4.
1195 849 1272 877 redit
1291 858 1326 876 ex
1343 848 1461 883 Africa,
1471 850 1501 875 6.

856 892 964 920 classis
982 891 1156 929 przestctus,
1171 902 1241 921 cum
1255 891 1400 930 Scipione
1414 895 1503 919 tran-

857 935 896 963 sit
922 935 954 963 in
978 935 1130 972 Africam,
1147 940 1197 964 25.
1230 945 1300 964 cum
1333 935 1503 964 Masinissa

856 979 994 1007 mittitur
1017 979 1055 1006 ad
1084 979 1311 1017 persequendos
1329 978 1501 1016 Syphacem

856 1025 885 1049 et
904 1022 1123 1054 Asdrubalem,
1141 1027 1196 1059 30,
1214 1028 1244 1053 9.
1262 1022 1361 1050 vincit
1384 1022 1502 1060 Sypha-

859 1069 957 1101 cem,l
969 1069 995 1094 1.
1006 1065 1163 1103 improbat
1172 1066 1347 1094 Masinissae
1358 1074 1428 1093 cum
1446 1065 1503 1094 So-

856 1108 1012 1146 phonisba
1028 1109 1165 1147 nuptias.
1185 1113 1231 1137 13.
1250 1117 1268 1137 a
1284 1108 1429 1146 Scipione
1446 1109 1502 1136 do-

858 1155 951 1180 natur
964 1161 1082 1180 corona
1097 1161 1202 1186 aurea,
1218 1156 1265 1181 15.
1280 1161 1349 1180 cum
1364 1151 1504 1190 Syphace

857 1195 986 1233 aliisque
999 1195 1130 1233 captivis
1143 1196 1274 1224 Romam
1289 1195 1441 1230 mittitur,
1457 1197 1507 1224 16.

859 1248 926 1276 quae
953 1239 985 1267 in
1013 1240 1118 1268 Africa
1149 1244 1236 1273 gesta
1263 1242 1349 1271 sunt,
1376 1239 1506 1276 exponit

858 1281 1012 1320 patribus,
1037 1286 1083 1314 17.
1109 1283 1205 1311 aedilis
1236 1282 1347 1320 plebis,
1370 1286 1424 1316 33,
1452 1285 1504 1310 25.

859 1329 982 1354 creatur
998 1330 1124 1363 praetor,
1140 1330 1193 1359 33,
1210 1330 1261 1355 24.
1279 1326 1409 1354 sortitur
1426 1324 1504 1358 Sici-

856 1368 929 1397 liam
947 1369 1153 1407 provinciam,
1171 1372 1223 1399 26.
1237 1369 1377 1398 ambiens
1390 1374 1505 1397 consu-

859 1412 972 1448 latum,
985 1413 1139 1450 repulsam
1154 1413 1348 1450 patitur,35‚
1365 1416 1411 1440 10.
1423 1420 1506 1440 crea-

858 1459 911 1483 tur
927 1455 1047 1486 consul.
1065 1458 1118 1488 36.
1136 1460 1189 1484 45.
1205 1457 1272 1493 ejus
1289 1455 1452 1484 contentio
1468 1456 1505 1483 de

860 1498 1021 1536 provincia
1030 1508 1097 1527 cum
1110 1499 1143 1528 L.
1156 1499 1302 1537 Scipione
1312 1499 1441 1536 collega,
1451 1502 1505 1533 37,

863 1546 888 1570 l.
904 1552 941 1570 ex
954 1542 1055 1570 Gallia
1066 1542 1197 1571 Romam
1214 1543 1306 1578 redit,
1325 1547 1376 1573 47.
1390 1542 1417 1570 ei
1433 1551 1504 1571 cum

860 1594 917 1613 suo
940 1586 1077 1614 exercitu
1102 1586 1134 1614 in
1158 1595 1275 1615 annum
1303 1588 1504 1624 prorogatum

860 1628 1039 1666 imperium,
1056 1632 1106 1657 50.

818 1668 854 1701 C.
870 1672 995 1706 Laelius,
1012 1672 1133 1710 legatus
1150 1672 1182 1701 iu
1200 1672 1431 1705 Macedoniam,
1448 1675 1504 1709 41,

861 1719 912 1746 27.
934 1715 1055 1754 legatus
1086 1716 1122 1744 ad
1148 1716 1255 1745 Gallos
1283 1720 1369 1745 trans
1397 1716 1507 1754 Alpes,

861 1763 917 1794 43,
936 1762 965 1789 7.

818 1802 986 1838 Laetorius‚
1010 1802 1156 1831 tribunus
1179 1802 1291 1840 plebis,
1309 1806 1341 1836 2,
1364 1804 1414 1831 56.
1439 1801 1507 1839 ejus

861 1845 1001 1874 violenta
1023 1845 1184 1874 contentio
1207 1855 1277 1874 cum
1295 1846 1356 1883 Ap.
1375 1846 1507 1875 Claudio

862 1889 1004 1925 consule,
1022 1889 1094 1917 ibid.

820 1933 855 1962 C.
874 1933 1041 1968 Laetorius,
1056 1932 1154 1961 aedilis
1178 1931 1307 1968 curulis,
1324 1935 1378 1967 23,
1396 1936 1448 1962 30,
1466 1932 1509 1961 le-

863 1980 968 2014 gatus,
992 1979 1046 2012 25,
1072 1980 1124 2005 22.
1152 1979 1274 2005 creatur
1300 1979 1426 2014 praetor,
1455 1978 1508 2010 26,

865 2023 915 2048 23.
931 2019 995 2049 vid.
1012 2023 1042 2048 et
1059 2023 1113 2056 27,
1131 2023 1160 2049 7.
1176 2019 1332 2048 decemvir
1355 2019 1448 2048 sacris
1464 2019 1509 2048 fa-

863 2062 993 2096 ciendis,
1011 2067 1064 2096 27,
1083 2066 1112 2091 8.

823 2105 1050 2142 CnLaetorius,
1068 2106 1188 2144 legatus
1204 2106 1239 2134 L.
1252 2105 1338 2135 Furii
1354 2105 1510 2144 praetoris,

863 2153 918 2182 31,
937 2152 989 2178 21.

823 2193 857 2222 L.
874 2192 1038 2225 Laetorius,
1052 2192 1148 2221 aedilis
1162 2191 1272 2230 plebis,
1285 2191 1363 2221 vitio
1377 2196 1511 2226 creatus,

865 2236 990 2265 abdicat
1006 2244 1038 2263 se
1052 2236 1251 2274 magistratu,
1269 2239 1322 2268 30,
1340 2239 1393 2265 39.

823 2280 870 2308 Μ.
888 2279 1039 2308 Laetorius
1055 2279 1216 2317 primipffi,
1234 2278 1388 2314 centurio,
1406 2282 1438 2313 2,
1457 2282 1509 2307 27.

867 2323 895 2351 ei
915 2323 988 2351 data
1004 2331 1021 2350 a
1037 2322 1152 2361 populo
1168 2322 1323 2351 dedicatio
1338 2322 1412 2350 aedis
1429 2322 1510 2350 Mer-

866 2365 959 2402 curii,
974 2365 1050 2395 ibid.

823 2409 908 2438 Laevi
922 2409 1066 2447 Ligures,
1082 2412 1112 2441 5,
1130 2411 1183 2437 35.
1200 2412 1253 2443 33,
1270 2413 1324 2439 37.

825 2453 982 2486 Laevinus,
999 2453 1064 2481 vs'd.
1081 2452 1235 2481 Valerius.

823 2497 939 2535 Lagos,
954 2495 1041 2530 urbs,
1057 2500 1113 2529 38,
1134 2499 1182 2524 15.

824 2538 942 2572 Lamia,
955 2539 1040 2571 urbs,
1060 2543 1112 2571 27,
1130 2542 1182 2568 30.
1198 2542 1252 2570 82,
1269 2541 1300 2567 4.
1315 2540 1371 2573 35,
1389 2540 1439 2564 43-
1456 2545 1511 2573 op-

867 2585 1029 2621 pugnatur
1043 2591 1061 2610 a
1077 2582 1235 2620 Philippo,
1251 2583 1303 2615 36,
1321 2584 1372 2608 25.
1401 2579 1454 2616 qui
1471 2578 1510 2606 ab

869 2635 906 2655 ea
921 2626 1049 2662 recedit,
1061 2625 1137 2654 ibid.
1154 2627 1354 2663 oppugnatur
1370 2622 1514 2651 aRoma-

872 2669 934 2703 nis,
951 2673 1007 2705 37,
1023 2674 1053 2699 4.
1071 2669 1203 2707 capitur,
1223 2671 1252 2695 5.

829 2713 1029 2750 Lampsacus,
1062 2712 1148 2748 urbs,
1178 2715 1232 2746 37,
1257 2713 1308 2737 35.
1337 2707 1513 2736 libertatem

872 2765 960 2784 suam
980 2755 1118 2784 defendit
1141 2754 1288 2782 adversus
1304 2748 1513 2785 Antiochum,

873 2803 927 2833 33,
944 2803 997 2828 38.
1012 2798 1075 2827 v‘d.
1090 2801 1120 2826 ct
1135 2800 1189 2827 35.
1205 2799 1258 2823 42-

833 2841 1036 2881 Lampsaceni
1060 2848 1206 2870 coronam
1231 2837 1394 2876 octoginta
1412 2835 1517 2875 pondo
