1805 3174
580 115 1019 166 PRA'QFA'HO.
1389 121 1527 169 lxxxi

77 274 228 306 uuum
255 257 484 315 sufficiat,
512 257 745 305 maluisse
772 274 864 306 nos
898 257 1251 321 elegantiorum
1283 259 1524 308 lectorum

75 335 246 384 limato
275 336 469 398 judicio
494 335 702 383 servire:
747 354 776 383 a
800 336 978 400 quibus
1016 336 1081 384 ob
1118 337 1224 384 haec
1261 337 1458 395 omissa,
1486 339 1526 386 si

74 414 238 461 minus
265 415 464 462 laudem
501 413 659 471 nobis,
686 415 886 463 facilem
914 421 1046 462 certe
1074 414 1265 462 veniam
1302 421 1526 477 paratam

71 506 181 537 esse
206 509 479 555 speramus.

138 569 274 623 Quin
310 576 358 616 et
383 576 575 617 tantum
612 569 782 630 abfuit,
811 576 862 616 ut
886 568 972 616 illa
996 569 1218 616 obscurae
1257 569 1525 632 diligentiae

69 646 352 694 testimonia
387 646 492 694 sine
518 647 618 694 ulla
650 646 950 694 necessitate
987 652 1363 701 ostentaremus,
1391 654 1458 707 ut,
1485 647 1525 694 si

66 725 272 788 quando
299 725 383 772 illa
407 724 588 787 negligi
609 741 685 772 res
712 725 915 772 omnino
941 740 1041 771 non
1062 724 1258 783 sineret,
1279 725 1522 790 quidquid

65 801 339 850 subtilioris
376 802 728 866 disputationis
764 820 874 850 esse
912 803 1070 850 visum
1108 810 1198 858 est,
1224 803 1273 850 id
1313 820 1460 850 omne
1495 821 1525 851 a

65 886 308 942 perpetuo
335 879 694 927 commentario
726 888 895 926 nostro
922 885 1178 926 excretum
1206 879 1522 941 rejiceremus

63 957 114 1004 in
139 966 280 1006 notas
298 960 592 1022 posteriores
615 960 683 1005 acl
703 959 1079 1006 emendationem
1103 965 1357 1005 contemtus
1368 961 1523 1022 perti-

62 1045 240 1092 nentes,
266 1053 376 1100 quae
403 1037 467 1084 ad
494 1036 688 1084 calcem
725 1035 1032 1098 singulorum
1059 1035 1363 1082 voluminum
1400 1042 1522 1083 atte-

64 1122 293 1163 xentura.

129 1191 321 1255 Magno
346 1209 548 1257 quoque
571 1193 715 1241 nobis
742 1191 852 1239 usui
872 1191 964 1239 fuit
989 1191 1053 1238 ad
1081 1190 1306 1238 curanda
1330 1189 1518 1252 aliquot
1533 1206 1735 1235 mmtanoms

1531 1258 1588 1277 con
1571 1250 1649 1278 nitul
1655 1255 1666 1277 t

61 1267 187 1316 Livii
224 1270 430 1317 vulnera
469 1269 726 1332 Polybius,
766 1270 907 1330 cujus
942 1285 1002 1316 ea
1038 1267 1206 1315 omnia
1248 1284 1359 1331 quae
1401 1283 1735 1330 cumquoquepo

60 1346 301 1409 scriptore
321 1346 557 1394 Romano
576 1346 894 1401 conveniunt,
916 1354 1103 1409 quanta
1127 1344 1344 1391 maxima
1361 1335 1647 1407 potui-IJDIUS

58 1440 168 1471 mus
188 1435 324 1470 'cura
349 1422 705 1486 diligentiaque
742 1421 1110 1486 perpendimuS,
1135 1427 1183 1468 et
1210 1422 1270 1468 ad
1308 1421 1518 1468 Liviana

58 1501 380 1550 contulimuS.
451 1501 613 1555 Quam
639 1500 806 1548 multis
831 1501 881 1547 in
907 1500 1047 1554 locis,
1077 1499 1341 1561 praesertim
1367 1515 1514 1561 quar-

57 1585 119 1625 tae
144 1587 192 1626 et
216 1578 398 1641 quintae
425 1578 633 1625 decadis
661 1578 723 1624 ab
748 1594 807 1624 eo
836 1577 991 1638 adjuti
1019 1576 1268 1633 fuerimus,
1297 1593 1357 1623 ex
1382 1576 1515 1623 notis

55 1655 239 1704 nostris
259 1655 422 1703 lector
439 1655 694 1719 intelliget.
766 1655 884 1702 Duo
905 1654 982 1702 hic
1005 1655 1236 1716 exempla
1257 1670 1513 1716 apponere
1544 1682 1547 1686 ,

58 1733 286 1783 sufficiat.

120 1809 232 1859 Lib.
260 1810 522 1858 XXXIII.
546 1827 659 1873 cap.
681 1815 761 1858 35.
783 1809 899 1856 olim
927 1809 1192 1855 edebatur·
1230 1807 1512 1857 AEtolorum

46 1889 300 1951 principes
335 1889 427 1935 alii
450 1890 606 1952 questi
639 1895 766 1942 sunt,
796 1889 924 1949 quod
955 1902 1051 1932 non
1075 1887 1197 1932 idem
1224 1902 1343 1950 erga
1377 1903 1512 1933 suam

45 1973 243 2029 gentem
261 1965 597 2013 Romanorum
612 1967 801 2012 animus
815 1973 933 2012 esset
939 1970 1055 2026 post
1071 1965 1343 2018 victoriam,
1361 1966 1445 2027 qui
1460 1966 1511 2010 in

53 2041 174 2089 bello
184 2044 379 2105 fuisset,
450 2042 689 2089 Gelenius
708 2059 770 2089 ex
791 2041 1065 2103 archetypo
1085 2041 1353 2104 exemplari
1373 2058 1510 2105 repo-

53 2119 166 2175 suit,
189 2121 488 2183 interquesti,
509 2120 710 2166 verbum
736 2118 1054 2174 rarissimum,
1075 2126 1123 2163 et
1141 2117 1278 2180 quod
1298 2118 1509 2166 fortasse

0 2212 1 2221 ¹
51 2213 301 2261 nusquam
320 2196 742 2260 alibiaquoquam
763 2201 1057 2258 usurpatum
1077 2193 1364 2257 reperiatur.
1406 2194 1506 2242 Hic

0 2295 1 2334 ι
50 2282 229 2339 praesto
254 2281 331 2322 est
354 2274 499 2322 nobis
538 2272 799 2334 Polybius,
824 2288 971 2336 quem
1006 2271 1243 2319 exscribit
1267 2272 1362 2318 hoc
1388 2271 1503 2318 loco

0 2347 2 2398 l
48 2360 230 2400 noster.
254 2365 326 2401 τῶν
354 2360 420 2413 μὲν
438 2358 561 2416 πράως
583 2377 644 2399 και
663 2363 860 2405 πολιτικῶς
877 2376 923 2410 pt:
912 2356 1218 2413 μψιμοιςοῦντων
1239 2358 1369 2403 αὐτοῖς.
1409 2346 1502 2394 HlS

49 2430 304 2494 inspectis,
330 2428 440 2493 quis
466 2428 657 2475 dubitet
682 2428 950 2490 legendum
978 2443 1086 2474 esse
1111 2425 1247 2488 apud
1274 2424 1502 2471 Livium?

47 2509 140 2556 alii
164 2509 335 2556 leniter
358 2508 513 2570 questi
536 2514 663 2554 sunt.

114 2584 260 2633 Alter
293 2583 434 2631 locus
470 2583 684 2631 occurrit
709 2582 792 2630 lib.
822 2580 1080 2628 XXXIX.
1110 2596 1154 2627 c.
1182 2585 1261 2626 36.
1290 2579 1372 2642 qui
1398 2577 1500 2641 qui-

49 2662 164 2709 dem
189 2660 308 2708 mire
332 2661 470 2709 torsit
493 2660 819 2709 Gronovium.
856 2659 934 2707 Ibi
953 2657 1151 2723 Appius
1175 2657 1367 2718 legatus
1396 2654 1495 2700 Ro-

99 2790 115 2808 ·
144 2777 189 2814 In
206 2778 280 2815 hac
308 2776 472 2814 editione
499 2775 613 2814 Notae
633 2774 864 2814 Posteriores
893 2774 992 2812 infra
1020 2780 1236 2810 contextum
1267 2770 1404 2816 majore
1422 2769 1495 2804 lec-

48 2849 169 2882 torum
187 2841 380 2878 commodo
398 2841 655 2888 subjiciuntur.

104 2919 200 2948 voL.
223 2919 282 2947 ιν.
733 2904 756 2927 ’²ss
773 2917 796 2943 F
