1816 3159
315 78 416 124 lxvi
807 72 1263 123 PRAEFATIO.

313 232 422 264 rum
451 215 645 275 eruerit,
670 231 782 262 eum
817 214 928 277 (gaiis
965 213 1161 261 dubitet
1194 212 1393 274 ingenio
1418 210 1662 258 valuisse?
1710 209 1760 258 Is

315 295 542 357 profecto
567 309 667 340 non
694 290 844 353 bajuli
876 297 961 338 aut
985 290 1193 353 operarii
1223 288 1447 336 defendit
1473 287 1647 347 vicem,
1671 287 1760 334 sed

313 372 429 419 boni
446 369 652 431 judicis,
677 367 779 432 qui,
805 366 926 431 quid
952 366 1168 413 solidum
1199 373 1381 429 crepet,
1408 364 1527 428 quid
1554 364 1762 411 mendo-

314 465 425 495 sum
457 446 648 501 tinniat,
674 445 926 493 interdum
961 461 1024 492 ex
1052 444 1197 492 certis
1233 443 1536 507 argumentis
1571 440 1760 505 liquido

315 523 609 587 dignoverit,
638 522 892 570 interdum
929 538 992 569 ex
1017 520 1324 582 conjecturis
1361 520 1424 568 sit
1449 519 1650 567 minime
1674 517 1762 564 fal-

314 601 505 649 lacibus
542 600 786 662 sagaciter
821 600 1076 646 odoratus.
1150 598 1321 645 Adeat
1344 598 1504 645 lector
1539 613 1649 660 cap.
1680 601 1755 643 11.

314 678 346 724 l.
367 677 457 726 IV.
482 677 896 727 Observationum
917 677 965 725 J.
982 676 1063 724 Fr.
1084 675 1337 731 Gronovii,
1357 675 1437 723 ubi
1452 675 1759 723 luculentum

314 757 598 820 exemplum
635 755 846 803 occurrit
883 753 1090 816 insignis
1126 753 1178 800 in
1226 752 1368 800 Livio
1405 750 1764 800 emendationis

313 852 375 882 ex
400 834 684 898 prodigiosa
706 850 815 896 quae
842 832 993 878 libros
1019 830 1276 893 quondam
1313 830 1563 877 insederat
1588 829 1762 892 depra-

314 912 540 969 vatione3
579 917 625 957 et
651 908 860 964 dubitet,
886 923 1004 954 num
1042 908 1104 954 ad
1142 906 1273 954 illius
1299 906 1514 953 vulneris
1550 905 1764 953 sanatio-

313 1005 427 1037 nem
452 986 715 1052 prudentia
740 992 790 1032 et
813 984 1013 1047 ingenio
1041 1000 1169 1047 opus
1193 983 1354 1030 fuerit.

100 1083 199 1112 Arne.
218 1083 262 1112 11.
382 1066 503 1115 Non
527 1066 673 1128 igitur
704 1066 808 1111 sine
833 1079 985 1110 causa
1008 1069 1081 1109 tot
1106 1062 1223 1109 olim
1259 1061 1533 1109 doctissimi
1561 1060 1644 1108 viri
1668 1060 1763 1108 1100

98 1126 279 1198 ξζῗζᾟζξῗ
315 1143 796 1208 interpretandorum
832 1141 1146 1204 antiquorum
1181 1156 1360 1187 munus
1395 1154 1681 1202 suscepere:
1718 1148 1766 1186 et

101 1222 466 1270 51111111111)1·1110(110
489 1237 690 1284 quoque
726 1220 783 1266 iis
807 1218 891 1283 qui
916 1234 1115 1282 operam
1152 1219 1247 1265 hac
1277 1218 1328 1265 in
1352 1225 1490 1280 parte
1519 1217 1766 1265 litterariae

314 1298 597 1362 reipublicae
644 1313 829 1345 navare
867 1297 1083 1353 student,
1122 1295 1279 1358 gratia
1320 1295 1553 1342 habenda
1593 1302 1683 1351 est,
1724 1296 1766 1343 si

315 1378 468 1425 modo
495 1377 558 1424 ad
585 1376 721 1438 leges
745 1376 990 1439 quasdam
1018 1375 1080 1421 ab
1104 1375 1211 1437 ipsa
1236 1380 1369 1421 recta
1394 1372 1581 1420 ratione
1604 1373 1768 1434 hujus-

317 1455 452 1502 modi
487 1453 650 1517 operis
687 1452 975 1501 tractationi
1011 1452 1199 1516 positas
1234 1468 1344 1500 sese
1379 1451 1765 1514 composuerint.

314 1535 454 1588 Quas
479 1532 682 1596 quidem
707 1530 945 1595 quoniam
970 1546 1117 1577 nemo
1144 1530 1403 1588 hactenus,
1429 1528 1566 1592 quod
1593 1528 1764 1588 sciam,

315 1611 595 1658 describere
620 1626 883 1672 aggressus
911 1615 1001 1665 est,
1022 1609 1086 1655 de
1109 1608 1166 1655 iis
1193 1624 1354 1670 pauca
1377 1608 1473 1655 1100
1494 1606 1606 1654 1000
1632 1623 1765 1654 sum-

316 1688 486 1736 matim
514 1688 756 1735 disserere
781 1704 944 1750 operae
973 1687 1184 1750 pretium
1209 1686 1420 1733 videtur.

103 1778 271 1816 Interpreti
382 1764 620 1813 Omnium
657 1764 884 1827 primum,
921 1764 1000 1812 hic
1035 1763 1286 1826 interpreti
1330 1763 1438 1810 finis
1480 1762 1764 1825 propositus
1815 1810 1816 1815 ,

100 1820 236 1860 alicujus

102 1864 263 1913 saepis-‚ris
317 1848 406 1901 est,
434 1843 528 1890 1100
566 1842 911 1906 spectandum,
939 1843 1038 1889 11110
1070 1842 1235 1889 omnia
1271 1841 1548 1903 dirigenda,
1574 1847 1628 1888 ut
1652 1857 1766 1888 auc·
1815 1829 1816 1893 1

100 1907 307 1987 Ξᾏζξζζξξζξ“
318 1925 395 1967 tor
418 1919 502 1967 ille
537 1936 686 1983 quem
721 1919 1070 1966 illustrandum
1103 1918 1327 1982 sumpsit,
1354 1917 1633 1980 expeditius
1669 1917 1764 1980 legi
1814 1929 1816 1950 ³

103 1990 298 2065 ζζᾙᾶζξιξξξ·
311 1996 688 2060 jucundiusque
711 1995 883 2059 possit.
957 1996 1037 2043 Ex
1061 1996 1158 2044 hoc
1185 2012 1282 2043 uno
1303 1995 1464 2058 capite
1483 1995 1636 2042 semel
1661 2011 1764 2058 per·
1814 1991 1816 2046 1

102 2077 264 2108 reddatur.
319 2081 463 2137 cepto
489 2080 656 2121 cetera
680 2072 848 2120 omnia
871 2072 977 2135 ejus
1003 2073 1164 2121 officia
1189 2072 1489 2120 derivantur.

102 2162 188 2212 ergq
204 2165 306 2202 stylus
384 2150 556 2212 Stylus
580 2149 747 2214 itaque
771 2166 922 2213 purus
958 2149 1158 2214 quidem
1186 2149 1251 2198 sit
1275 2155 1323 2196 et
1345 2148 1523 2205 illimis,
1549 2165 1642 2196 nec
1669 2165 1764 2196 ser·
1812 2184 1816 2222 3¹

102 2207 294 2288 ἶῗέἑῗζξῗκ
317 2227 477 2275 monis
512 2226 643 2275 vitiis
679 2227 911 2275 sordidus
948 2237 996 2276 et
1032 2228 1333 2283 maculosus,
1369 2228 1457 2275 sed
1494 2225 1686 2275 subtilis
1718 2233 1767 2273 et
1811 2223 1816 2286 1

102 2300 192 2321 ‘³⁰⁰⁸‘
317 2304 544 2367 simplex,
570 2304 707 2352 nullo
727 2304 871 2360 fastu,
898 2304 1051 2361 nullo,
1078 2321 1205 2367 pene
1231 2303 1461 2360 dixerim,
1484 2303 1638 2358 cultu,
1657 2314 1764 2366 per-'
1811 2255 1816 2363 1

316 2382 534 2444 spicuus,
560 2381 733 2436 facilis,
759 2382 842 2445 qui
879 2381 958 2427 vel
995 2381 1308 2429 mediocriter
1343 2381 1524 2428 doctos
1562 2379 1765 2427 minime
1810 2365 1816 2417 1

315 2464 546 2513 moretur,
573 2475 672 2505 non
700 2460 956 2521 abruptus,
981 2475 1082 2506 non
1108 2458 1393 2506 archaismis
1418 2458 1637 2514 horrens,
1663 2472 1765 2504 non
1811 2508 1814 2521 Δ,

316 2534 728 2583 reconditioribus
765 2542 815 2582 et
839 2537 900 2582 ab
934 2553 1027 2583 usu
1053 2536 1242 2598 vulgari
1278 2534 1480 2582 remotis
1508 2534 1764 2582 vocabulis
1811 2531 1816 2597 1

316 2610 748 2673 locutionibusque
773 2611 1016 2659 lectorem
1040 2611 1385 2675 impediturus.
1811 2605 1814 2657 ἶ

101 2705 297 2735 Brevitatem
385 2687 688 2736 Brevitatem
713 2705 914 2752 quoque
946 2689 1316 2738 conseotabitm
1339 2690 1594 2754 interpres,
1622 2686 1664 2736 si
1689 2688 1766 2736 sui
1810 2671 1816 2752 11

102 2752 248 2777 sectetur·
316 2766 414 2813 loci
451 2764 739 2828 ordinisque
775 2764 897 2812 satis
934 2765 1224 2813 memineimit
1297 2766 1414 2830 Ipse
1448 2766 1580 2814 enim
1602 2765 1652 2813 in
1673 2779 1763 2821 suo
1809 2756 1816 2831 1
