1816 3159
85 1245 177 1276 Prasf.
195 1244 276 1276 Clcr.

82 1288 122 1318 ad
139 1289 208 1323 Liv.

80 1793 282 1835 Supplemen-

81 1842 113 1867 ta
133 1837 234 1866 Frein-

80 1879 241 1911 shemiana

81 1934 142 1954 non
158 1923 248 1964 plane
265 1933 282 1953 a

81 1966 204 1996 Clerico

82 2009 202 2039 mendis
218 2008 254 2039 li-

77 2054 194 2084 berata.

81 2097 162 2128 lbid.

303 92 355 140 lx
800 86 1257 136 PRAEFATIO.

299 230 449 278 Libro
474 228 541 277 X.
569 243 613 275 C.
641 230 724 276 46.
748 242 942 275 summa
978 226 1167 289 argenti
1202 227 1263 274 ab
1296 224 1502 289 Papirio
1539 227 1746 276 consule

298 308 351 355 in
376 306 624 370 triumpho
647 304 875 353 translati
899 304 970 352 sic
995 304 1046 352 in
1071 305 1297 352 omnibus
1329 304 1633 352 editionibus
1657 321 1745 353 no-

297 393 454 434 tatur:
490 385 687 449 argenti
707 383 777 430 P.
803 382 881 430 M.
897 381 1232 432 CCCXXX.
1267 383 1432 432 Nemo
1450 388 1525 430 est
1541 382 1625 446 qui
1646 398 1748 430 non

296 463 466 510 videat
489 461 579 507 has
600 466 749 507 notas
772 459 823 507 in
849 460 980 507 hunc
1002 460 1203 507 modum
1231 460 1472 523 legendas
1498 476 1635 507 esse:
1670 478 1747 507 ar-

290 542 434 606 genti
449 539 614 603 pondo
647 537 779 585 mille
815 545 1025 585 trecenta
1062 537 1304 601 triginta:
1344 553 1438 584 nec
1464 553 1573 584 eam
1598 536 1748 583 habe-

298 634 408 664 mus
439 617 504 663 de
540 614 833 663 doctissimo
859 615 961 662 viro
998 613 1302 677 opinionem,
1328 622 1383 662 ut
1418 615 1516 663 hoc
1555 614 1747 676 ignora-

296 702 400 740 tum
437 709 547 740 esse
571 693 634 740 ab
667 709 726 741 eo
758 692 920 755 potius
956 710 1105 756 quam
1142 691 1320 756 raptim
1354 698 1404 740 et
1438 692 1748 756 negligenter

295 770 580 833 inspectum
617 770 926 818 arbitremur.
997 770 1101 817 Sed
1138 769 1224 817 ille
1260 769 1609 832 interpretatus
1655 777 1745 826 est,

297 848 527 895 Pecunioe
544 848 705 895 millia
726 845 1064 895 CCCXXX.
1084 848 1318 901 Quonam
1345 847 1498 895 modo
1516 864 1627 895 eum
1645 865 1746 896 non

297 932 547 972 remorata
571 931 649 972 est
667 924 815 986 hujus
840 925 1123 982 locutionis,
1151 927 1378 974 Pecunioe
1395 926 1553 973 millia
1575 933 1751 973 trecen-

293 1010 362 1059 ta,
382 1020 557 1051 carens
576 1002 711 1050 omni
732 1020 880 1051 sensu
900 1002 1179 1051 vitiositas?
1218 1003 1463 1052 Nimirum
1484 1018 1746 1066 properan-

294 1087 396 1129 tem
431 1082 680 1129 calamum
717 1088 767 1128 et
802 1087 1106 1130 metuentem
1145 1081 1301 1130 liturae
1339 1081 1495 1128 multa
1531 1080 1747 1128 subeunt

294 1157 613 1214 inconcinna,
639 1157 939 1216 inconsulta,
967 1159 1201 1206 scribenti
1232 1175 1363 1222 saepe
1399 1174 1571 1222 parum
1597 1157 1747 1205 deco-

295 1251 364 1282 ra.
435 1235 522 1282 An
546 1234 689 1282 aliter
723 1251 777 1282 se
802 1251 878 1282 res
903 1235 1085 1283 habere
1120 1241 1301 1299 potest,
1328 1235 1413 1282 ubi
1444 1242 1574 1283 notae
1599 1237 1648 1283 in
1672 1238 1747 1284 de-

294 1331 436 1361 cursu
450 1314 679 1361 editionis
694 1321 839 1373 natae,
856 1329 940 1360 nec
958 1315 1044 1360 diu
1061 1321 1147 1361 aut
1156 1314 1335 1376 procul
1346 1315 1561 1375 quoesitae
1577 1313 1742 1360 statim

296 1391 629 1439 extruduntur
651 1390 702 1438 in
727 1390 982 1454 publicam
1005 1391 1202 1439 lucem?
1240 1390 1293 1439 Si
1314 1389 1577 1453 diligenter
1599 1396 1648 1438 et
1666 1406 1747 1439 ac-

296 1477 464 1518 curate
488 1469 841 1533 interpretandi
867 1468 992 1517 Livii
1018 1486 1199 1517 munus
1231 1468 1365 1516 haud
1392 1467 1510 1515 satis
1535 1467 1743 1530 dignum

294 1554 417 1606 erat,
441 1548 492 1596 in
515 1548 649 1611 quod
678 1546 923 1596 uberrima
951 1546 1165 1595 hominis
1191 1545 1420 1594 doctrina
1437 1544 1745 1608 impendere-

296 1633 388 1682 tur,
416 1633 466 1673 at
490 1632 622 1673 certe
647 1624 827 1687 dignus
853 1623 985 1672 orbis
1009 1624 1271 1683 litteratus,
1295 1623 1374 1670 cui
1400 1622 1522 1670 nihil
1549 1622 1743 1670 offerre-

297 1712 388 1760 tur,
414 1703 509 1751 nisi
533 1704 719 1751 factum
745 1710 793 1749 et
814 1702 1059 1751 limatum.

361 1781 460 1835 Qui
504 1785 607 1828 tam
654 1779 905 1828 incuriose
951 1777 1147 1826 Livium
1193 1776 1491 1836 tractaverit,
1533 1792 1645 1823 eum
1690 1775 1742 1823 in

295 1856 651 1913 Freinshemio,
676 1856 760 1904 ubi
796 1856 947 1919 longe
983 1854 1146 1903 minus
1178 1871 1342 1917 operae
1378 1854 1589 1917 pretium
1620 1863 1739 1910 erat,

296 1933 601 1998 diligentiam
636 1932 922 1980 adhibuisse
958 1932 1140 1979 frustra
1175 1947 1415 1994 sperares.
1485 1930 1602 1994 Ipse
1636 1931 1742 1995 qui-

294 2013 408 2060 dem
442 2011 696 2074 gloriatur,
724 2027 849 2068 sese,
876 2026 1031 2072 quum
1063 2018 1239 2057 ceterae
1275 2009 1740 2071 supplementorum

293 2089 335 2138 F
338 2088 813 2136 reinshemianorum
845 2086 1088 2134 editiones
1113 2087 1538 2134 innumerabilibus
1560 2088 1741 2135 mendis

291 2175 544 2227 scaterent,
553 2183 614 2214 ex
626 2168 837 2232 singulis
834 2166 997 2228 ferme
994 2166 1145 2228 foliis
1153 2166 1336 2229 aliquot
1349 2165 1626 2228 sphalmata
1636 2181 1742 2226 gra-

293 2244 498 2292 vissima
519 2245 780 2293 sustulisse.
852 2244 1002 2297 Quod
1030 2250 1086 2291 ut
1119 2243 1289 2307 aliqua
1322 2260 1384 2291 ex
1408 2251 1546 2306 parte
1571 2258 1739 2290 verum

293 2340 403 2371 esse
426 2323 633 2370 libenter
655 2322 994 2377 concedimus,
1012 2321 1082 2369 ita
1103 2339 1166 2369 ex
1189 2321 1369 2368 nostris
1388 2320 1492 2369 sive
1516 2319 1646 2367 notis
1672 2319 1738 2366 ad

290 2400 656 2462 supplementa,
681 2399 787 2446 sive
821 2415 1039 2446 errorum
1064 2415 1093 2446 a
1115 2398 1261 2446 nobis
1298 2404 1632 2445 correctorum
1662 2396 1738 2444 in-

296 2476 477 2524 diculis
512 2478 786 2540 apparebit,
813 2483 1052 2540 quantum
1088 2476 1170 2524 ille
1206 2475 1388 2523 laboris
1421 2481 1472 2522 et
1495 2473 1738 2522 molestiae

291 2554 533 2603 secuturis
561 2554 835 2602 editoribus
858 2555 911 2603 in
934 2554 1260 2618 repurgandis
1296 2552 1458 2615 operis
1482 2551 1731 2600 utilissimi

294 2630 599 2679 deformibus
624 2631 833 2678 maculis
858 2631 1252 2679 exhauriendum
1276 2630 1543 2694 reliquerit.

359 2709 503 2757 Idem
550 2709 786 2771 adjuncta
823 2709 1121 2771 marginibus
1162 2707 1398 2756 editionis
1439 2706 1730 2756 Parisiensis

294 2785 499 2835 nomina
522 2785 835 2850 scriptorum,
858 2801 1066 2849 quorum
1091 2803 1151 2834 ex
1178 2786 1399 2834 fontibus
1422 2787 1594 2835 hortos
1618 2801 1737 2834 suos
