1831 3194
488 109 607 145 Llss.
638 104 785 144 xle.
833 101 960 140 cnr.
992 99 1080 136 xx.
1417 101 1487 140 139

55 225 160 279 ficio
180 224 260 264 rite
275 221 467 276 perfecto,
491 235 530 262 se
551 224 587 258 et
605 219 680 259 Cn.
707 212 927 260 Octavium,
945 209 1062 250 simul
1080 211 1240 248 senatus
1260 205 1485 253 cen-suisset,
1504 215 1541 244 U.
1557 214 1592 244 C.
1607 213 1679 242 584.

73 283 250 322 exituros
271 295 362 320 esse.
406 282 452 322 C.
478 275 641 319 Licinio
661 273 822 323 collegce
841 283 910 310 suo
915 268 1018 322 jore
1037 278 1155 313 curce,
1178 279 1218 304 se
1238 263 1410 310 absente,
1430 269 1485 310 ut,
1501 258 1539 287 A.
1555 257 1592 287 C.
1609 256 1680 286 168.

71 340 108 379 si
128 353 206 392 qua
226 338 375 391 parari
395 337 549 377 mittive
568 333 625 372 ad
651 331 695 371 id
724 329 864 368 bellum
889 339 986 378 opus
1005 324 1074 374 sit,
1090 327 1292 375 parentur
1322 321 1489 359 mittan-

72 402 227 449 turque.
288 396 451 434 Interea
473 392 694 446 legationes
714 391 941 426 exterarum
966 381 1173 421 nationum
1195 378 1336 417 audiri
1360 391 1489 429 posse.

75 451 322 493 ”Sacrificio
344 450 420 491 rite
451 443 649 506 perfecto,
672 442 793 500 primi
817 437 1107 487 Alexandrini,
1130 435 1253 491 legati
1277 434 1368 476 l‘²ab
1392 435 1490 474 l‘to-
1503 440 1680 487 Alexandn-

77 510 220 550 lcmaeo
250 516 290 549 et
319 507 542 563 Cleopatra
572 502 755 558 regibus,
778 497 911 539 vocati
943 502 1051 535 sunt.
1114 491 1339 541 sordidati,
1360 491 1533 531 barbam
1550 483 1654 523 “3³¹³-

75 575 114 607 et
138 565 285 621 capillo
314 564 530 620 promisso,
552 576 646 602 cum
671 556 794 599 ramis
826 555 927 595 oleae
958 550 1128 605 ingressi
1150 549 1322 599 curiam,
1344 563 1493 603 procu-

75 624 281 664 buerunt:
315 629 355 662 ct
377 621 524 669 oratio,
542 631 668 674 quam
690 613 874 661 habitus,
896 610 978 651 fuit
1001 607 1281 649 miserabilior.
1342 604 1494 645 Antio-

76 680 179 720 chus
202 678 334 734 Syriae
362 694 450 728 rex,
473 676 547 733 qui
577 675 695 715 obses
719 672 867 711 Romae
887 668 1041 715 fuerat,
1063 679 1137 720 per
1169 665 1382 704 honestam
1405 676 1494 716 spe-

76 737 179 777 ciem
215 735 382 791 majoris
416 730 633 775 Ptolemaei
664 726 890 770 reducendi
925 724 967 764 in
998 736 1189 777 regnum,
1210 719 1367 761 bellum
1398 734 1492 759 cum

77 793 233 834 minore
254 793 382 832 fratre
404 792 508 848 ejus,
531 789 603 845 qui
626 796 716 828 tum
739 780 1037 824 Alexandriam
1067 779 1249 827 tenebat,
1271 791 1431 832 gerens,
1454 782 1495 816 et

77 850 132 891 ad
166 849 379 890 Pelusium
416 847 551 889 navali
591 842 739 901 proelio
774 840 908 881 victor
942 838 1094 885 fuerat,
1129 843 1186 885 et,
1220 832 1496 875 tumultuario

78 922 202 962 opere
234 914 360 962 ponte
396 920 470 961 per
504 903 649 944 Nilum
685 900 811 948 facto,
848 906 1127 949 transgressus
1162 906 1257 932 cum
1294 889 1494 939 exercitu,

79 963 292 1005 obsidione
325 962 456 1018 ipsam
487 956 787 1001 Alexandriam
819 953 1025 995 terrebat:
1058 965 1132 990 nec
1164 948 1309 1004 procul
1340 947 1495 995 abesse,

80 1020 182 1076 quin
217 1020 423 1075 potiretur
455 1032 583 1073 regno
615 1010 943 1070 opulentissimo,
976 1007 1208 1047 videbatur.
1272 1006 1337 1045 Ea
1372 1003 1496 1058 legati

81 1085 299 1132 querentes
320 1077 493 1117 orabant
520 1080 724 1119 senatum,
748 1076 795 1109 ut
816 1081 936 1122 opem
968 1079 1095 1118 regno
1125 1062 1377 1117 regibusque
1399 1060 1499 1100 ami-

79 1134 137 1175 cis
158 1133 330 1189 imperio
350 1133 517 1173 ferrent.
563 1130 629 1169 Ea
654 1127 796 1167 merita
812 1123 958 1177 populi
980 1120 1159 1161 Romani
1180 1121 1221 1159 in
1240 1118 1498 1166 Antiochum,

80 1206 165 1232 eam
183 1192 294 1244 apud
309 1204 438 1230 omnes
455 1202 565 1241 reges
581 1192 797 1241 gentesque
812 1181 1093 1221 auctoritatem
1110 1191 1202 1225 esse,
1218 1182 1274 1223 ut,
1290 1176 1327 1215 si
1346 1176 1501 1228 legatos

80 1249 294 1297 misissent,
316 1249 386 1301 qui
407 1245 713 1290 denunciarent,
732 1253 809 1280 uon
824 1240 990 1292 placere
1010 1235 1184 1285 senatui,
1205 1234 1323 1273 sociis
1344 1232 1502 1286 regibus

83 1307 225 1346 bellum
254 1306 367 1358 fieri,
409 1303 604 1355 extemplo
643 1299 890 1340 abscessurus
929 1309 956 1334 a
995 1292 1186 1333 maem’hus
1220 1290 1503 1339 Alexandrice,

79 1363 398 1416 abducturusque
418 1361 630 1401 exercitum
652 1358 696 1398 in
716 1355 876 1409 Syriam
898 1358 1006 1393 esset.
1070 1350 1187 1397 Quod
1215 1349 1251 1389 si
1271 1352 1505 1388 cunctentur

63 1421 228 1476 facere,
251 1420 362 1460 brevi
382 1425 560 1459 extorres
575 1428 699 1469 regno
721 1414 977 1455 Ptolemaeum
998 1414 1035 1448 et
1055 1409 1316 1459 Cleopatram
1336 1405 1504 1445 Romam

81 1484 280 1526 venturos,
313 1491 397 1518 cum
424 1476 583 1529 pudore
613 1472 783 1526 quodam
810 1467 958 1521 populi
993 1465 1181 1511 Romani,
1213 1463 1320 1516 quod
1353 1462 1504 1500 nullam

84 1550 196 1589 opem
219 1536 262 1575 in
283 1535 423 1574 ultimo
444 1532 676 1572 discrimine
679 1529 948 1583 fortunarum
970 1524 1164 1563 tulissent.
1226 1518 1337 1560 Moti
1360 1520 1507 1558 Patres

86 1592 280 1649 precibus
311 1588 711 1635 Alexandrinorum,
743 1581 953 1637 extemplo
982 1578 1073 1619 ¹⁵C.
1098 1576 1325 1633 Popillium
1359 1576 1507 1615 Laena-
1518 1579 1570 1610 Ad
1587 1578 1697 1610 Antio-

88 1658 188 1699 tem,
205 1656 246 1689 et
262 1655 271 1680 i
294 1649 341 1688 C.
366 1645 617 1693 Decimium,
631 1651 672 1684 et
697 1643 744 1682 C.
761 1638 992 1681 Hostilium
1014 1636 1186 1691 legatos,
1204 1633 1257 1674 ad
1278 1631 1506 1672 finiendum
1519 1623 1611 1696 §211an
1627 1628 1659 1653 et

88 1706 196 1747 inter
216 1720 333 1761 reges
353 1703 526 1753 bellum,
548 1700 761 1741 miserunt.
814 1695 938 1737 Prius
960 1692 1235 1740 Antiochum,
1252 1689 1347 1730 dein
1371 1688 1510 1729 Ptole-
1521 1672 1711 1739 υζζᾏῗῖῗζῖζῃ

89 1778 241 1804 maeum
263 1761 377 1803 adire
393 1759 514 1817 jussi,
532 1766 574 1800 et
595 1755 805 1805 nunciare,
822 1752 865 1794 ni
886 1750 1112 1793 absistatur
1131 1748 1256 1797 bello,
1273 1762 1348 1802 per
1364 1753 1509 1786 utrum
1521 1758 1570 1782 tur
1586 1752 1690 1793 legati.

91 1819 286 1869 stetisset,
308 1832 403 1859 eum
425 1832 508 1857 non
528 1831 604 1872 pro
626 1812 771 1862 amico,
793 1825 868 1852 nec
888 1824 964 1865 pro
986 1806 1094 1848 socio
1114 1804 1331 1846 habituros
1352 1818 1451 1843 esse.

149 1877 259 1917 XX.
292 1875 374 1916 His
402 1874 513 1915 intra
542 1871 731 1913 triduum
763 1867 886 1909 simul
915 1880 1010 1906 cum
1043 1862 1191 1919 legatis
1212 1858 1511 1901 Alexandrinis

91 1933 302 1990 profectis,
324 1930 451 1987 legati
472 1946 523 1971 ex
546 1925 797 1970 Macedonia
818 1924 848 1948 ¹4
863 1920 1198 1977 Quinquatribus
1227 1916 1386 1959 ultimis
1406 1916 1510 1957 adeo

92 1989 320 2046 exspectati
356 1994 574 2036 venerunt,
606 1984 684 2034 uti,
715 1982 792 2023 nisi
824 1995 971 2036 vesper
1003 1984 1123 2026 esset,
1154 1974 1364 2030 extemplo
1397 1988 1512 2014 senas

94 2055 186 2089 tum
218 2045 406 2087 vocaturi
438 2043 626 2085 consules
660 2038 828 2082 fuerint.
890 2038 1064 2078 Postero
1097 2033 1163 2074 die
1199 2039 1366 2073 senatus
1398 2029 1507 2078 fuit3

95 2103 306 2160 legatique
336 2101 469 2143 auditi
500 2107 609 2141 sunt.
672 2098 709 2139 Ii
738 2095 951 2144 nunciant,
974 2091 1140 2146 Majore
1167 2090 1361 2143 periculo,
1393 2101 1511 2141 quam
1524 2093 1708 2133 Legatorum

94 2163 363 2208 emolumento,
382 2158 594 2199 exercitum
610 2170 689 2209 per
710 2154 840 2195 invios
858 2152 984 2192 saltus
1005 2150 1047 2190 in
1063 2147 1351 2190 Macedoniam
1374 2146 1513 2186 induc-
1526 2147 1564 2184 eq<
1577 2136 1728 2167 Macedo-

94 2225 189 2260 tum.
252 2218 453 2266 Pieriam,
476 2214 508 2238 ¹⁵
524 2228 600 2269 quo
620 2211 890 2267 processisset,
920 2221 1049 2261 regem
1074 2212 1235 2246 tenere.-
1267 2209 1402 2244 castra
1429 2216 1516 2243 cas·
1528 2179 1721 2254 ἓζῗῃῐξῗὲζίο.

691 2293 700 2316 ¹
717 2302 742 2326 et
759 2293 819 2325 del.
835 2293 927 2324 Crev.

144 2373 179 2403 11
216 2371 364 2412 Sacrificio
410 2372 466 2400 rite
510 2367 647 2410 pmfecto,
681 2365 787 2406 primi]
832 2363 1010 2403 Cleopatra,
1027 2364 1153 2390 venerat
1180 2356 1294 2399 legatio
1320 2356 1358 2387 de
1384 2365 1446 2396 qua
1472 2354 1521 2385 hic

102 2416 163 2447 Vix
189 2415 319 2445 dubium
343 2412 464 2443 videtur
489 2422 566 2446 esse,
591 2416 651 2441 tres
677 2409 790 2451 primas
832 2406 897 2447 agit
914 2404 1029 2435 Livius.

103 2468 193 2489 voces
219 2468 258 2488 ex
288 2456 395 2498 quinto
423 2460 495 2486 ante
524 2464 614 2484 versu
644 2453 705 2483 huc
733 2451 789 2481 im-
878 2449 917 2479 13
943 2448 976 2477 C.
1001 2446 1161 2485 Popillium
1188 2443 1346 2477 Laenatem.,
1375 2441 1409 2470 C.
1434 2439 1522 2469 Deci-

105 2500 293 2542 migTavisse.
338 2498 426 2530 Nihil
461 2498 498 2528 iis
532 2496 590 2528 hoc
620 2497 688 2528 loco
715 2505 792 2536 opus
835 2493 937 2525 mium,
960 2496 987 2521 et
1013 2490 1046 2519 C.
1066 2487 1241 2527 Hostilium]
1279 2484 1329 2516 Sic
1356 2482 1452 2514 voluit
1477 2482 1522 2512 Si-

105 2549 162 2574 est.
836 2534 957 2576 genius,
1001 2532 1086 2563 Olim
1100 2529 1175 2562 editi
1190 2529 1359 2562 habebant,
1372 2533 1398 2557 et
1416 2526 1449 2556 C.
1465 2525 1523 2554 De-

150 2586 189 2616 12
212 2586 256 2616 Ab
293 2584 459 2624 Ptolemae]
506 2582 674 2613 Ptolemaeo
719 2578 793 2620 Epi·
835 2579 965 2611 cimitini,
1003 2576 1036 2606 C.
1062 2574 1231 2604 Hostilium.
1276 2569 1407 2611 Vulgati
1444 2577 1525 2598 nunc

108 2628 202 2669 phani
227 2628 289 2658 duo
311 2627 366 2657 filii
389 2628 484 2660 fuere,
509 2626 696 2656 Ptolemaeus
719 2621 794 2652 Phi-
838 2619 996 2661 geminant
1010 2625 1047 2648 et.

108 2671 245 2706 lometor‚
281 2670 335 2711 qni
369 2679 501 2701 sororem
533 2668 731 2709 Cleopatram
763 2663 794 2694 in
881 2664 922 2693 14
955 2660 1187 2700 Quinquatribus
1226 2655 1353 2695 ultimis]
1409 2652 1526 2683 Ultimo

110 2712 300 2743 matrimonio
340 2713 502 2746 habuerat,
538 2716 570 2742 et
608 2710 796 2740 Ptolemaeus
839 2705 889 2736 die
913 2704 1177 2745 Quinquatruum.
1223 2699 1298 2730 Vid.
1322 2702 1386 2727 not.
1408 2696 1460 2725 49.
1486 2693 1526 2724 ad

112 2757 287 2795 EvergeteS,
301 2755 363 2785 sive
378 2756 532 2797 Physcon,
549 2753 601 2794 qui
619 2758 684 2783 tum
708 2751 796 2792 pulso
839 2750 863 2780 l.
879 2749 981 2779 XXX.
997 2758 1024 2777 c.
1039 2746 1090 2776 36.
1136 2746 1188 2775 De
1203 2738 1450 2781 Quinquatribus
1463 2736 1526 2778 egi-

111 2799 203 2828 fratre
225 2797 445 2828 Alexandriam
469 2797 596 2828 tenebat
616 2806 687 2825 cum
707 2794 796 2825 Cleo·
842 2802 910 2822 mus
925 2791 964 2822 ad
979 2792 1001 2821 l.
1018 2789 1141 2820 XXVI.
1157 2798 1184 2817 c.
1198 2787 1252 2816 27.

113 2846 211 2883 patra,
254 2850 346 2881 quam
389 2839 588 2871 Philometori
632 2838 798 2869 ademerat.
887 2836 926 2865 15
951 2834 1015 2867 Quo
1038 2828 1226 2871 processisset]
1258 2827 1418 2856 Romanus
1443 2833 1528 2853 exer-

114 2884 166 2915 Ab
197 2883 254 2919 his,
282 2892 393 2924 nempe
426 2883 593 2914 Ptolemaeo
627 2881 742 2912 minore
769 2884 798 2910 et
843 2876 932 2908 citus.
978 2876 1121 2908 Ceterum
1152 2871 1201 2902 hic
1225 2869 1320 2901 habes
1342 2864 1530 2900 emendatio-
