1831 3194
452 91 704 129 LIBROR.
734 89 1008 128 DEPERD.
1379 100 1449 137 271

590 267 915 320 CXXXIX.

104 385 262 426 Bellum
281 385 469 426 adversus
493 384 828 425 Transrhenanas
852 391 993 438 gentes
1013 400 1039 425 a
1065 385 1200 426 Druso
1220 391 1372 440 gestum
1392 401 1455 427 re-

36 439 187 494 fertur.
208 443 251 483 in
271 457 347 497 quo
366 443 472 483 inter
489 455 682 494 primores
694 449 978 496 pugnaverunt
998 442 1031 466 ¹⁹
1044 443 1247 484 Senectius
1266 449 1304 484 et
1326 444 1455 485 Ληρε-

46 500 127 540 tius
145 500 313 549 tribuni,
335 514 384 540 ez
411 500 577 540 civitate
606 500 863 540 Nerviorum.
923 501 1143 542 Dalmatas
1163 507 1199 541 et
1222 502 1457 542 Pannonios

54 557 174 605 Nero,
187 557 338 611 frater
366 557 512 609 Drusi,
531 557 699 611 subegit.
758 555 901 598 ²⁰Paa·
929 571 1013 597 cum
1045 558 1214 598 Parthis
1225 559 1353 611 facta
1384 565 1457 607 esf,

44 614 174 667 signis
192 628 219 654 a
238 629 336 668 rege
363 628 508 663 eorum,
540 627 629 669 quae
656 613 725 654 sub
757 614 916 665 Crasso,
944 621 982 655 et
1004 621 1150 668 postea
1178 616 1249 657 sub
1278 617 1458 657 Antonio

46 678 167 724 capta
186 678 320 722 erant,
341 672 527 713 redditis-

658 839 831 893 CXL.

106 954 267 996 Bellum
287 955 478 997 adversus
499 954 787 997 Germanorum
817 961 931 996 trans
951 956 1130 997 Rhenum
1151 956 1350 1008 civitates,
1368 971 1457 1011 ges-

48 1018 127 1053 tum
147 1026 174 1052 a
197 1013 349 1062 Druso,
371 1011 560 1064 rejertur.
618 1013 713 1066 Ipse
732 1011 994 1065 exfiactum,
1016 1027 1114 1067 equo
1133 1028 1252 1067 super
1271 1028 1358 1054 crus
1375 1029 1458 1068 qyus

43 1070 231 1123 collapso,
251 1069 450 1110 tricesimo
470 1070 546 1118 die,
565 1084 682 1124 quam
697 1071 742 1110 id,
756 1070 970 1118 acciderat,
988 1077 1161 1110 mortuus
1180 1077 1249 1111 est.
1303 1072 1458 1124 Corpus

45 1141 73 1167 a
95 1126 256 1168 Nerone
257 1127 417 1181 fratre,
435 1127 502 1181 qui
516 1128 664 1167 nuncio
676 1127 914 1168 valetudinis
929 1134 1124 1177 evocatus,
1141 1128 1293 1180 raptim
1310 1129 1456 1169 adcur—

45 1190 172 1233 rerat,
206 1184 374 1225 Romam
398 1191 639 1238 pervectum,
675 1191 712 1225 et
732 1183 765 1208 ²¹
779 1184 821 1225 in
845 1185 890 1226 C.
921 1185 1032 1227 Juliz·
1064 1186 1211 1225 tumulo
1240 1186 1454 1228 conditum.

51 1241 262 1282 Laudatus
281 1247 340 1283 est
355 1255 381 1282 a
404 1242 567 1284 Caesare
587 1241 770 1297 Augusto
787 1242 946 1294 vitrico,
962 1247 1000 1283 et
1014 1242 1203 1296 supremis
1222 1241 1304 1297 ojus
1315 1242 1458 1296 plures

44 1298 215 1340 honores
233 1299 380 1340 additi.

91 1459 130 1490 19
153 1458 300 1489 Senectius
314 1466 341 1490 et
356 1459 508 1500 Auectius]
534 1459 574 1490 In
599 1459 647 1490 his
673 1469 727 1490 no-
772 1460 884 1501 Itaque
913 1459 1054 1490 videntur
1082 1459 1267 1491 retrahenda
1295 1459 1328 1490 in
1355 1459 1454 1501 epito-

43 1501 178 1532 minibus
202 1501 321 1533 variare
349 1502 473 1534 codices
493 1513 564 1533 suos
584 1503 728 1533 observat
770 1513 841 1533 men
866 1502 936 1533 libri
966 1503 1152 1534 CXXXVI.
1178 1513 1247 1544 quae
1270 1502 1320 1534 hic
1347 1503 1450 1534 alieno

45 1544 237 1576 Gronovius:
274 1544 329 1576 sed
342 1555 391 1576 res
405 1551 452 1576 est
465 1545 551 1587 parvi
567 1545 835 1577 momenti010co
848 1546 1003 1587 leguntur.

86 1587 128 1618 20
152 1588 217 1618 Pax
230 1598 297 1618 cum
319 1588 439 1618 Parthis
448 1589 539 1629 jacta
557 1589 613 1629 est]
651 1589 725 1619 Sero
809 1590 849 1619 21
876 1589 914 1619 1η
931 1589 967 1620 C.
981 1588 1059 1619 Julii
1074 1588 1201 1629 tumulo]
1225 1587 1286 1620 Vel
1301 1587 1351 1630 leg
1353 1598 1383 1627 e,
1398 1589 1447 1620 vel

45 1629 112 1661 haec
141 1636 359 1667 memorantur,
388 1631 461 1662 totis
488 1632 597 1662 decem
635 1631 724 1662 annis
766 1631 906 1673 intellige
922 1632 1061 1674 Augusti.
1078 1630 1153 1663 Vid.
1168 1631 1260 1669 infra,
1275 1641 1304 1664 c.
1318 1599 1351 1663 'Ig-

43 1672 127 1715 prius
140 1678 239 1715 gesta.
261 1673 337 1706 Vid.
350 1684 454 1716 supra,
471 1674 655 1707 CXXXVI.
670 1675 724 1706 22.

621 2041 881 2061 11
