<?xml version="1.0" encoding="UTF-8"?>
<!DOCTYPE html PUBLIC "-//W3C//DTD XHTML 1.0 Transitional//EN"
    "http://www.w3.org/TR/xhtml1/DTD/xhtml1-transitional.dtd">
<html xmlns="http://www.w3.org/1999/xhtml" xml:lang="en" lang="en">
 <head>
  <title>
</title>
<meta http-equiv="Content-Type" content="text/html;charset=utf-8" />
  <meta name='ocr-system' content='tesseract 3.04.00' />
  <meta name='ocr-capabilities' content='ocr_page ocr_carea ocr_par ocr_line ocrx_word'/>
</head>
<body>
  <div class='ocr_page' id='page_1' title='image "./historiarumaburb04livyuoft/historiarumaburb04livyuoft_0569.png"; bbox 0 0 1841 3179; ppageno 0'>
   <div class='ocr_carea' id='block_1_1' title="bbox 589 79 1504 124">
    <p class='ocr_par' dir='ltr' id='par_1_1' title="bbox 589 79 1504 124">
     <span class='ocr_line' id='line_1_1' title="bbox 589 79 1504 124; baseline 0.009 -8"><span class='ocrx_word' id='word_1_1' title='bbox 589 79 971 118; x_wconf 79' lang='lat' dir='ltr'>AUCTORUM.</span> <span class='ocrx_word' id='word_1_2' title='bbox 1418 86 1504 124; x_wconf 81' lang='lat' dir='ltr'>cxxi</span> 
     </span>
    </p>
   </div>
   <div class='ocr_carea' id='block_1_2' title="bbox 53 188 1520 2863">
    <p class='ocr_par' dir='ltr' id='par_1_2' title="bbox 417 188 1156 234">
     <span class='ocr_line' id='line_1_2' title="bbox 417 188 1156 234; baseline 0.001 -5"><span class='ocrx_word' id='word_1_3' title='bbox 417 188 589 230; x_wconf 75' lang='lat' dir='ltr'><em>Velleius</em></span> <span class='ocrx_word' id='word_1_4' title='bbox 609 190 865 232; x_wconf 56' lang='lat' dir='ltr'>Patere-utus</span> <span class='ocrx_word' id='word_1_5' title='bbox 885 191 950 231; x_wconf 76' lang='lat' dir='ltr'>lib.</span> <span class='ocrx_word' id='word_1_6' title='bbox 975 193 1010 232; x_wconf 87' lang='lat' dir='ltr'>I.</span> <span class='ocrx_word' id='word_1_7' title='bbox 1034 205 1066 231; x_wconf 85' lang='lat' dir='ltr'>c.</span> <span class='ocrx_word' id='word_1_8' title='bbox 1091 190 1156 234; x_wconf 75' lang='lat'>17.</span> 
     </span>
    </p>

    <p class='ocr_par' dir='ltr' id='par_1_3' title="bbox 53 245 1512 415">
     <span class='ocr_line' id='line_1_3' title="bbox 111 245 1509 307; baseline 0.004 -21"><span class='ocrx_word' id='word_1_9' title='bbox 111 245 360 295; x_wconf 77' lang='lat' dir='ltr'>Historicos,</span> <span class='ocrx_word' id='word_1_10' title='bbox 383 245 452 297; x_wconf 90' lang='lat' dir='ltr'>(ut</span> <span class='ocrx_word' id='word_1_11' title='bbox 473 255 513 286; x_wconf 89' lang='lat' dir='ltr'>ct</span> <span class='ocrx_word' id='word_1_12' title='bbox 537 245 708 287; x_wconf 87' lang='lat' dir='ltr'>Livium</span> <span class='ocrx_word' id='word_1_13' title='bbox 730 262 903 303; x_wconf 82' lang='lat' dir='ltr'>quoque</span> <span class='ocrx_word' id='word_1_14' title='bbox 931 249 1119 304; x_wconf 84' lang='lat' dir='ltr'>priorum</span> <span class='ocrx_word' id='word_1_15' title='bbox 1151 249 1264 290; x_wconf 80' lang='lat' dir='ltr'>aetati</span> <span class='ocrx_word' id='word_1_16' title='bbox 1295 250 1509 307; x_wconf 81' lang='lat' dir='ltr'>adstruas)</span> 
     </span>
     <span class='ocr_line' id='line_1_4' title="bbox 53 303 1512 359; baseline 0.003 -15"><span class='ocrx_word' id='word_1_17' title='bbox 53 312 207 359; x_wconf 82' lang='lat' dir='ltr'>praeter</span> <span class='ocrx_word' id='word_1_18' title='bbox 230 304 447 353; x_wconf 84' lang='lat' dir='ltr'>Catonem,</span> <span class='ocrx_word' id='word_1_19' title='bbox 469 311 510 343; x_wconf 89' lang='lat' dir='ltr'>et</span> <span class='ocrx_word' id='word_1_20' title='bbox 531 303 734 358; x_wconf 83' lang='lat' dir='ltr'>quosdam</span> <span class='ocrx_word' id='word_1_21' title='bbox 760 313 918 345; x_wconf 83' lang='lat' dir='ltr'>vctcres</span> <span class='ocrx_word' id='word_1_22' title='bbox 938 313 979 346; x_wconf 82' lang='lat' dir='ltr'>ct</span> <span class='ocrx_word' id='word_1_23' title='bbox 1001 306 1213 356; x_wconf 87' lang='lat' dir='ltr'>obscuros,</span> <span class='ocrx_word' id='word_1_24' title='bbox 1235 307 1373 347; x_wconf 85' lang='lat' dir='ltr'>minus</span> <span class='ocrx_word' id='word_1_25' title='bbox 1403 317 1512 350; x_wconf 90' lang='lat' dir='ltr'>octo-</span> 
     </span>
     <span class='ocr_line' id='line_1_5' title="bbox 53 359 929 415; baseline -0.001 -13"><span class='ocrx_word' id='word_1_26' title='bbox 53 361 173 415; x_wconf 84' lang='lat' dir='ltr'>ginta</span> <span class='ocrx_word' id='word_1_27' title='bbox 193 360 312 401; x_wconf 83' lang='lat' dir='ltr'>annis</span> <span class='ocrx_word' id='word_1_28' title='bbox 332 359 635 400; x_wconf 81' lang='lat' dir='ltr'>circumdatum</span> <span class='ocrx_word' id='word_1_29' title='bbox 659 375 795 401; x_wconf 68' lang='lat' dir='ltr'>{evum</span> <span class='ocrx_word' id='word_1_30' title='bbox 818 361 929 403; x_wconf 88' lang='lat' dir='ltr'>tulit.</span> 
     </span>
    </p>

    <p class='ocr_par' dir='ltr' id='par_1_4' title="bbox 625 418 1063 460">
     <span class='ocr_line' id='line_1_6' title="bbox 625 418 1063 460; baseline 0.005 -2"><span class='ocrx_word' id='word_1_31' title='bbox 625 419 743 459; x_wconf 77' lang='lat' dir='ltr'>Idem</span> <span class='ocrx_word' id='word_1_32' title='bbox 763 420 829 458; x_wconf 68' lang='lat' dir='ltr'>lib.</span> <span class='ocrx_word' id='word_1_33' title='bbox 853 421 917 459; x_wconf 93' lang='lat' dir='ltr'>II.</span> <span class='ocrx_word' id='word_1_34' title='bbox 940 434 971 459; x_wconf 68' lang='lat' dir='ltr'>(J.</span> <span class='ocrx_word' id='word_1_35' title='bbox 996 418 1063 460; x_wconf 80' lang='lat'>36.</span> 
     </span>
    </p>

    <p class='ocr_par' dir='ltr' id='par_1_5' title="bbox 53 474 1516 701">
     <span class='ocr_line' id='line_1_7' title="bbox 112 474 1511 531; baseline 0.004 -16"><span class='ocrx_word' id='word_1_36' title='bbox 112 475 225 515; x_wconf 87' lang='lat' dir='ltr'>Pene</span> <span class='ocrx_word' id='word_1_37' title='bbox 247 474 377 515; x_wconf 86' lang='lat' dir='ltr'>stulta</span> <span class='ocrx_word' id='word_1_38' title='bbox 396 482 457 514; x_wconf 87' lang='lat' dir='ltr'>est</span> <span class='ocrx_word' id='word_1_39' title='bbox 477 474 770 516; x_wconf 80' lang='lat' dir='ltr'>inhaerentium</span> <span class='ocrx_word' id='word_1_40' title='bbox 797 475 929 516; x_wconf 88' lang='lat' dir='ltr'>oculis</span> <span class='ocrx_word' id='word_1_41' title='bbox 949 476 1212 531; x_wconf 84' lang='lat' dir='ltr'>ingeniorum</span> <span class='ocrx_word' id='word_1_42' title='bbox 1234 479 1511 520; x_wconf 79' lang='lat' dir='ltr'>enumeratio:</span> 
     </span>
     <span class='ocr_line' id='line_1_8' title="bbox 53 531 1514 590; baseline 0.003 -18"><span class='ocrx_word' id='word_1_43' title='bbox 53 531 163 573; x_wconf 86' lang='lat' dir='ltr'>inter</span> <span class='ocrx_word' id='word_1_44' title='bbox 194 547 291 587; x_wconf 78' lang='lat' dir='ltr'>qua:</span> <span class='ocrx_word' id='word_1_45' title='bbox 322 531 501 571; x_wconf 83' lang='lat' dir='ltr'>maxime</span> <span class='ocrx_word' id='word_1_46' title='bbox 537 531 666 573; x_wconf 86' lang='lat' dir='ltr'>nostri</span> <span class='ocrx_word' id='word_1_47' title='bbox 700 532 778 573; x_wconf 81' lang='lat' dir='ltr'>aevi</span> <span class='ocrx_word' id='word_1_48' title='bbox 816 533 1013 582; x_wconf 80' lang='lat' dir='ltr'>eminent,</span> <span class='ocrx_word' id='word_1_49' title='bbox 1064 534 1241 590; x_wconf 88' lang='lat' dir='ltr'>›rinceps</span> <span class='ocrx_word' id='word_1_50' title='bbox 1281 536 1514 577; x_wconf 78' lang='lat' dir='ltr'>carminum</span> 
     </span>
     <span class='ocr_line' id='line_1_9' title="bbox 56 548 1516 643; baseline 0.004 -15"><span class='ocrx_word' id='word_1_51' title='bbox 56 588 273 643; x_wconf 84' lang='lat' dir='ltr'>Virgilius,</span> <span class='ocrx_word' id='word_1_52' title='bbox 297 587 598 643; x_wconf 85' lang='lat' dir='ltr'>Rabiriusque,</span> <span class='ocrx_word' id='word_1_53' title='bbox 620 597 664 630; x_wconf 88' lang='lat' dir='ltr'>et</span> <span class='ocrx_word' id='word_1_54' title='bbox 691 597 938 631; x_wconf 86' lang='lat' dir='ltr'>consecutus</span> <span class='ocrx_word' id='word_1_55' title='bbox 972 548 1216 632; x_wconf 71' lang='lat' dir='ltr'>Sallustium</span> <span class='ocrx_word' id='word_1_56' title='bbox 1251 591 1416 643; x_wconf 85' lang='lat' dir='ltr'>Livius,</span> <span class='ocrx_word' id='word_1_57' title='bbox 1441 594 1516 634; x_wconf 90' lang='lat' dir='ltr'>Ti-</span> 
     </span>
     <span class='ocr_line' id='line_1_10' title="bbox 53 644 511 701; baseline -0.004 -15"><span class='ocrx_word' id='word_1_58' title='bbox 53 644 299 701; x_wconf 87' lang='lat' dir='ltr'>bullusque,</span> <span class='ocrx_word' id='word_1_59' title='bbox 321 652 363 686; x_wconf 87' lang='lat' dir='ltr'>et</span> <span class='ocrx_word' id='word_1_60' title='bbox 387 646 511 685; x_wconf 84' lang='lat' dir='ltr'>Naso.</span> 
     </span>
    </p>

    <p class='ocr_par' dir='ltr' id='par_1_6' title="bbox 395 704 1183 758">
     <span class='ocr_line' id='line_1_11' title="bbox 395 704 1183 758; baseline 0.006 -17"><span class='ocrx_word' id='word_1_61' title='bbox 395 704 582 743; x_wconf 74' lang='lat' dir='ltr'>Valerius</span> <span class='ocrx_word' id='word_1_62' title='bbox 602 704 659 744; x_wconf 85' lang='lat' dir='ltr'><em>M</em></span> <span class='ocrx_word' id='word_1_63' title='bbox 657 705 825 744; x_wconf 64' lang='lat' dir='ltr'>mimus</span> <span class='ocrx_word' id='word_1_64' title='bbox 846 705 911 744; x_wconf 69' lang='lat' dir='ltr'>lib.</span> <span class='ocrx_word' id='word_1_65' title='bbox 935 706 972 745; x_wconf 89' lang='lat' dir='ltr'>I.</span> <span class='ocrx_word' id='word_1_66' title='bbox 994 718 1083 758; x_wconf 74' lang='lat' dir='ltr'>cap.</span> <span class='ocrx_word' id='word_1_67' title='bbox 1107 708 1183 746; x_wconf 73' lang='lat' dir='ltr'>ult.</span> 
     </span>
    </p>

    <p class='ocr_par' dir='ltr' id='par_1_7' title="bbox 56 758 1520 1496">
     <span class='ocr_line' id='line_1_12' title="bbox 114 758 1516 818; baseline 0.004 -19"><span class='ocrx_word' id='word_1_68' title='bbox 114 758 223 809; x_wconf 83' lang='lat' dir='ltr'>Quia</span> <span class='ocrx_word' id='word_1_69' title='bbox 264 773 392 814; x_wconf 86' lang='lat' dir='ltr'>supra</span> <span class='ocrx_word' id='word_1_70' title='bbox 424 759 620 800; x_wconf 80' lang='lat' dir='ltr'>usitatam</span> <span class='ocrx_word' id='word_1_71' title='bbox 654 761 856 801; x_wconf 82' lang='lat' dir='ltr'>rationem</span> <span class='ocrx_word' id='word_1_72' title='bbox 892 761 1136 802; x_wconf 79' lang='lat' dir='ltr'>excedentia</span> <span class='ocrx_word' id='word_1_73' title='bbox 1167 762 1398 818; x_wconf 85' lang='lat' dir='ltr'>attigimus,</span> <span class='ocrx_word' id='word_1_74' title='bbox 1434 780 1516 805; x_wconf 90' lang='lat' dir='ltr'>scr-</span> 
     </span>
     <span class='ocr_line' id='line_1_13' title="bbox 56 816 1514 874; baseline 0.004 -18"><span class='ocrx_word' id='word_1_75' title='bbox 56 816 194 872; x_wconf 89' lang='lat' dir='ltr'>pentis</span> <span class='ocrx_word' id='word_1_76' title='bbox 214 831 385 871; x_wconf 90' lang='lat' dir='ltr'>quoque</span> <span class='ocrx_word' id='word_1_77' title='bbox 402 831 426 856; x_wconf 84' lang='lat' dir='ltr'>a</span> <span class='ocrx_word' id='word_1_78' title='bbox 448 817 501 856; x_wconf 87' lang='grc' dir='ltr'>Τ.</span> <span class='ocrx_word' id='word_1_79' title='bbox 522 817 646 858; x_wconf 91' lang='lat' dir='ltr'>Livio</span> <span class='ocrx_word' id='word_1_80' title='bbox 667 817 828 858; x_wconf 85' lang='lat' dir='ltr'>curiose</span> <span class='ocrx_word' id='word_1_81' title='bbox 850 818 1006 874; x_wconf 87' lang='lat' dir='ltr'>pariter</span> <span class='ocrx_word' id='word_1_82' title='bbox 1022 833 1068 859; x_wconf 87' lang='lat' dir='ltr'>ac</span> <span class='ocrx_word' id='word_1_83' title='bbox 1084 817 1265 860; x_wconf 84' lang='lat' dir='ltr'>facunde</span> <span class='ocrx_word' id='word_1_84' title='bbox 1285 820 1427 861; x_wconf 83' lang='lat' dir='ltr'>relatae</span> <span class='ocrx_word' id='word_1_85' title='bbox 1441 821 1514 863; x_wconf 87' lang='lat' dir='ltr'>fiat</span> 
     </span>
     <span class='ocr_line' id='line_1_14' title="bbox 56 873 1514 931; baseline 0.003 -17"><span class='ocrx_word' id='word_1_86' title='bbox 56 873 225 914; x_wconf 90' lang='lat' dir='ltr'>mentio.</span> <span class='ocrx_word' id='word_1_87' title='bbox 289 873 332 913; x_wconf 88' lang='lat' dir='ltr'>Is</span> <span class='ocrx_word' id='word_1_88' title='bbox 353 873 461 913; x_wconf 90' lang='lat' dir='ltr'>enim</span> <span class='ocrx_word' id='word_1_89' title='bbox 483 873 543 914; x_wconf 87' lang='lat' dir='ltr'>ait</span> <span class='ocrx_word' id='word_1_90' title='bbox 563 873 606 914; x_wconf 89' lang='lat' dir='ltr'>in</span> <span class='ocrx_word' id='word_1_91' title='bbox 628 873 777 914; x_wconf 85' lang='lat' dir='ltr'>Africa</span> <span class='ocrx_word' id='word_1_92' title='bbox 797 875 911 931; x_wconf 87' lang='lat' dir='ltr'>apud</span> <span class='ocrx_word' id='word_1_93' title='bbox 934 875 1170 930; x_wconf 73' lang='lat' dir='ltr'>Bagradam</span> <span class='ocrx_word' id='word_1_94' title='bbox 1191 876 1362 928; x_wconf 83' lang='lat' dir='ltr'>flumen,</span> <span class='ocrx_word' id='word_1_95' title='bbox 1385 886 1514 919; x_wconf 84' lang='lat' dir='ltr'>tantae</span> 
     </span>
     <span class='ocr_line' id='line_1_15' title="bbox 56 928 1513 987; baseline 0.005 -18"><span class='ocrx_word' id='word_1_96' title='bbox 56 928 361 985; x_wconf 85' lang='lat' dir='ltr'>magnitudinis</span> <span class='ocrx_word' id='word_1_97' title='bbox 381 944 561 985; x_wconf 79' lang='lat' dir='ltr'>anguem</span> <span class='ocrx_word' id='word_1_98' title='bbox 592 930 734 981; x_wconf 88' lang='lat' dir='ltr'>fuisse,</span> <span class='ocrx_word' id='word_1_99' title='bbox 758 940 806 972; x_wconf 90' lang='lat' dir='ltr'>ut</span> <span class='ocrx_word' id='word_1_100' title='bbox 830 931 951 973; x_wconf 85' lang='lat' dir='ltr'>Atilii</span> <span class='ocrx_word' id='word_1_101' title='bbox 985 932 1142 987; x_wconf 85' lang='lat' dir='ltr'>Reguli</span> <span class='ocrx_word' id='word_1_102' title='bbox 1172 934 1402 976; x_wconf 83' lang='lat' dir='ltr'>exercitum</span> <span class='ocrx_word' id='word_1_103' title='bbox 1434 950 1513 976; x_wconf 85' lang='lat' dir='ltr'>usu</span> 
     </span>
     <span class='ocr_line' id='line_1_16' title="bbox 57 985 1516 1048; baseline 0.004 -22"><span class='ocrx_word' id='word_1_104' title='bbox 57 985 190 1027; x_wconf 89' lang='lat' dir='ltr'>amnis</span> <span class='ocrx_word' id='word_1_105' title='bbox 219 986 479 1042; x_wconf 87' lang='lat' dir='ltr'>prohiberet:</span> <span class='ocrx_word' id='word_1_106' title='bbox 512 987 743 1043; x_wconf 88' lang='lat' dir='ltr'>multisque</span> <span class='ocrx_word' id='word_1_107' title='bbox 773 988 978 1030; x_wconf 82' lang='lat' dir='ltr'>militibus</span> <span class='ocrx_word' id='word_1_108' title='bbox 1007 990 1167 1045; x_wconf 84' lang='lat' dir='ltr'>ingenti</span> <span class='ocrx_word' id='word_1_109' title='bbox 1197 1005 1268 1031; x_wconf 87' lang='lat' dir='ltr'>ore</span> <span class='ocrx_word' id='word_1_110' title='bbox 1298 992 1516 1048; x_wconf 79' lang='lat' dir='ltr'>correptis,</span> 
     </span>
     <span class='ocr_line' id='line_1_17' title="bbox 56 1043 1516 1104; baseline 0.004 -21"><span class='ocrx_word' id='word_1_111' title='bbox 56 1043 346 1100; x_wconf 85' lang='lat' dir='ltr'>compluribus</span> <span class='ocrx_word' id='word_1_112' title='bbox 376 1043 522 1084; x_wconf 86' lang='lat' dir='ltr'>caudae</span> <span class='ocrx_word' id='word_1_113' title='bbox 552 1043 838 1086; x_wconf 87' lang='lat' dir='ltr'>voluminibus</span> <span class='ocrx_word' id='word_1_114' title='bbox 868 1045 992 1096; x_wconf 88' lang='lat' dir='ltr'>elisis,</span> <span class='ocrx_word' id='word_1_115' title='bbox 1025 1061 1159 1101; x_wconf 91' lang='lat' dir='ltr'>quum</span> <span class='ocrx_word' id='word_1_116' title='bbox 1190 1047 1371 1088; x_wconf 87' lang='lat' dir='ltr'>telorum</span> <span class='ocrx_word' id='word_1_117' title='bbox 1395 1049 1516 1104; x_wconf 82' lang='lat' dir='ltr'>jactu</span> 
     </span>
     <span class='ocr_line' id='line_1_18' title="bbox 56 1099 1518 1160; baseline 0.004 -20"><span class='ocrx_word' id='word_1_118' title='bbox 56 1099 260 1157; x_wconf 86' lang='lat' dir='ltr'>perforari</span> <span class='ocrx_word' id='word_1_119' title='bbox 282 1101 489 1156; x_wconf 87' lang='lat' dir='ltr'>nequiret,</span> <span class='ocrx_word' id='word_1_120' title='bbox 511 1100 566 1141; x_wconf 89' lang='lat' dir='ltr'>ad</span> <span class='ocrx_word' id='word_1_121' title='bbox 587 1101 786 1142; x_wconf 88' lang='lat' dir='ltr'>ultimum</span> <span class='ocrx_word' id='word_1_122' title='bbox 806 1102 1068 1143; x_wconf 85' lang='lat' dir='ltr'>ballistarum</span> <span class='ocrx_word' id='word_1_123' title='bbox 1090 1105 1307 1145; x_wconf 89' lang='lat' dir='ltr'>tormentis</span> <span class='ocrx_word' id='word_1_124' title='bbox 1329 1105 1518 1160; x_wconf 89' lang='lat' dir='ltr'>undique</span> 
     </span>
     <span class='ocr_line' id='line_1_19' title="bbox 57 1157 1515 1216; baseline 0.003 -19"><span class='ocrx_word' id='word_1_125' title='bbox 57 1157 250 1214; x_wconf 88' lang='lat' dir='ltr'>petitam,</span> <span class='ocrx_word' id='word_1_126' title='bbox 272 1157 435 1198; x_wconf 88' lang='lat' dir='ltr'>silicum</span> <span class='ocrx_word' id='word_1_127' title='bbox 456 1158 611 1198; x_wconf 83' lang='lat' dir='ltr'>crebris</span> <span class='ocrx_word' id='word_1_128' title='bbox 636 1166 677 1198; x_wconf 85' lang='lat' dir='ltr'>et</span> <span class='ocrx_word' id='word_1_129' title='bbox 698 1158 940 1213; x_wconf 78' lang='lat' dir='ltr'>ponderosis</span> <span class='ocrx_word' id='word_1_130' title='bbox 960 1159 1206 1201; x_wconf 85' lang='lat' dir='ltr'>verberibus</span> <span class='ocrx_word' id='word_1_131' title='bbox 1227 1161 1515 1216; x_wconf 85' lang='lat' dir='ltr'>procubuisse:</span> 
     </span>
     <span class='ocr_line' id='line_1_20' title="bbox 59 1214 1518 1272; baseline 0.003 -18"><span class='ocrx_word' id='word_1_132' title='bbox 59 1214 338 1269; x_wconf 91' lang='lat' dir='ltr'>omnibusque</span> <span class='ocrx_word' id='word_1_133' title='bbox 359 1222 401 1255; x_wconf 86' lang='lat' dir='ltr'>et</span> <span class='ocrx_word' id='word_1_134' title='bbox 422 1214 664 1255; x_wconf 87' lang='lat' dir='ltr'>cohortibus</span> <span class='ocrx_word' id='word_1_135' title='bbox 685 1223 726 1256; x_wconf 92' lang='lat' dir='ltr'>et</span> <span class='ocrx_word' id='word_1_136' title='bbox 744 1214 977 1270; x_wconf 84' lang='lat' dir='ltr'>legionibus</span> <span class='ocrx_word' id='word_1_137' title='bbox 998 1216 1090 1272; x_wconf 89' lang='lat' dir='ltr'>ipsa</span> <span class='ocrx_word' id='word_1_138' title='bbox 1112 1217 1367 1272; x_wconf 77' lang='lat' dir='ltr'>Carthagine</span> <span class='ocrx_word' id='word_1_139' title='bbox 1388 1218 1518 1259; x_wconf 84' lang='lat' dir='ltr'>visam</span> 
     </span>
     <span class='ocr_line' id='line_1_21' title="bbox 58 1270 1520 1328; baseline 0.003 -17"><span class='ocrx_word' id='word_1_140' title='bbox 58 1270 368 1312; x_wconf 86' lang='lat' dir='ltr'>terribiliorem:</span> <span class='ocrx_word' id='word_1_141' title='bbox 401 1278 530 1327; x_wconf 91' lang='lat' dir='ltr'>atque</span> <span class='ocrx_word' id='word_1_142' title='bbox 552 1271 677 1311; x_wconf 91' lang='lat' dir='ltr'>etiam</span> <span class='ocrx_word' id='word_1_143' title='bbox 698 1287 844 1312; x_wconf 91' lang='lat' dir='ltr'>cruore</span> <span class='ocrx_word' id='word_1_144' title='bbox 866 1288 942 1313; x_wconf 92' lang='lat' dir='ltr'>suo</span> <span class='ocrx_word' id='word_1_145' title='bbox 962 1272 1204 1328; x_wconf 84' lang='lat' dir='ltr'>gurgitibus</span> <span class='ocrx_word' id='word_1_146' title='bbox 1225 1274 1414 1324; x_wconf 88' lang='lat' dir='ltr'>imbutis,</span> <span class='ocrx_word' id='word_1_147' title='bbox 1432 1290 1520 1315; x_wconf 88' lang='lat' dir='ltr'>cor-</span> 
     </span>
     <span class='ocr_line' id='line_1_22' title="bbox 58 1327 1519 1386; baseline 0.003 -19"><span class='ocrx_word' id='word_1_148' title='bbox 58 1327 258 1384; x_wconf 88' lang='lat' dir='ltr'>porisque</span> <span class='ocrx_word' id='word_1_149' title='bbox 282 1327 460 1382; x_wconf 79' lang='lat' dir='ltr'>jacentis</span> <span class='ocrx_word' id='word_1_150' title='bbox 479 1327 678 1382; x_wconf 88' lang='lat' dir='ltr'>pestifero</span> <span class='ocrx_word' id='word_1_151' title='bbox 709 1328 851 1369; x_wconf 87' lang='lat' dir='ltr'>afflatu</span> <span class='ocrx_word' id='word_1_152' title='bbox 874 1329 1010 1369; x_wconf 89' lang='lat' dir='ltr'>vicina</span> <span class='ocrx_word' id='word_1_153' title='bbox 1036 1329 1203 1385; x_wconf 82' lang='lat' dir='ltr'>regione</span> <span class='ocrx_word' id='word_1_154' title='bbox 1233 1330 1409 1386; x_wconf 86' lang='lat' dir='ltr'>polluta,</span> <span class='ocrx_word' id='word_1_155' title='bbox 1434 1333 1519 1372; x_wconf 85' lang='lat' dir='ltr'>Ro-</span> 
     </span>
     <span class='ocr_line' id='line_1_23' title="bbox 60 1383 1517 1429; baseline 0.003 -4"><span class='ocrx_word' id='word_1_156' title='bbox 60 1399 185 1425; x_wconf 87' lang='lat' dir='ltr'>mana</span> <span class='ocrx_word' id='word_1_157' title='bbox 222 1384 321 1424; x_wconf 88' lang='lat' dir='ltr'>inde</span> <span class='ocrx_word' id='word_1_158' title='bbox 361 1383 617 1425; x_wconf 87' lang='lat' dir='ltr'>submovisse</span> <span class='ocrx_word' id='word_1_159' title='bbox 657 1393 802 1426; x_wconf 89' lang='lat' dir='ltr'>castra.</span> <span class='ocrx_word' id='word_1_160' title='bbox 865 1385 981 1427; x_wconf 88' lang='lat' dir='ltr'>Dicit</span> <span class='ocrx_word' id='word_1_161' title='bbox 1014 1386 1166 1427; x_wconf 88' lang='lat' dir='ltr'>belluae</span> <span class='ocrx_word' id='word_1_162' title='bbox 1201 1387 1326 1428; x_wconf 87' lang='lat' dir='ltr'>etiam</span> <span class='ocrx_word' id='word_1_163' title='bbox 1359 1388 1517 1429; x_wconf 87' lang='lat' dir='ltr'>corium</span> 
     </span>
     <span class='ocr_line' id='line_1_24' title="bbox 60 1440 1198 1496; baseline 0 -14"><span class='ocrx_word' id='word_1_164' title='bbox 60 1449 229 1482; x_wconf 88' lang='lat' dir='ltr'>centum</span> <span class='ocrx_word' id='word_1_165' title='bbox 249 1440 401 1496; x_wconf 88' lang='lat' dir='ltr'>viginti</span> <span class='ocrx_word' id='word_1_166' title='bbox 422 1440 549 1496; x_wconf 90' lang='lat' dir='ltr'>pedes</span> <span class='ocrx_word' id='word_1_167' title='bbox 569 1440 758 1496; x_wconf 84' lang='lat' dir='ltr'>longum,</span> <span class='ocrx_word' id='word_1_168' title='bbox 779 1441 823 1482; x_wconf 91' lang='lat' dir='ltr'>in</span> <span class='ocrx_word' id='word_1_169' title='bbox 844 1441 991 1483; x_wconf 90' lang='lat' dir='ltr'>urbem</span> <span class='ocrx_word' id='word_1_170' title='bbox 1013 1443 1198 1484; x_wconf 89' lang='lat' dir='ltr'>missum.</span> 
     </span>
    </p>

    <p class='ocr_par' dir='ltr' id='par_1_8' title="bbox 380 1498 1203 1553">
     <span class='ocr_line' id='line_1_25' title="bbox 380 1498 1203 1553; baseline 0 -14"><span class='ocrx_word' id='word_1_171' title='bbox 380 1499 676 1553; x_wconf 75' lang='lat' dir='ltr'>Senecafllius</span> <span class='ocrx_word' id='word_1_172' title='bbox 697 1500 761 1539; x_wconf 64' lang='lat' dir='ltr'>lib.</span> <span class='ocrx_word' id='word_1_173' title='bbox 786 1500 823 1539; x_wconf 90' lang='lat' dir='ltr'>I.</span> <span class='ocrx_word' id='word_1_174' title='bbox 846 1500 895 1539; x_wconf 85' lang='lat' dir='ltr'>de</span> <span class='ocrx_word' id='word_1_175' title='bbox 916 1501 1008 1549; x_wconf 77' lang='lat' dir='ltr'>Ira,</span> <span class='ocrx_word' id='word_1_176' title='bbox 1025 1513 1115 1553; x_wconf 79' lang='lat' dir='ltr'>cap.</span> <span class='ocrx_word' id='word_1_177' title='bbox 1138 1498 1203 1540; x_wconf 88' lang='lat'>16.</span> 
     </span>
    </p>

    <p class='ocr_par' dir='ltr' id='par_1_9' title="bbox 61 1554 1519 1782">
     <span class='ocr_line' id='line_1_26' title="bbox 120 1554 1518 1612; baseline 0.003 -17"><span class='ocrx_word' id='word_1_178' title='bbox 120 1555 217 1595; x_wconf 89' lang='lat' dir='ltr'>Non</span> <span class='ocrx_word' id='word_1_179' title='bbox 246 1562 308 1596; x_wconf 88' lang='lat' dir='ltr'>est</span> <span class='ocrx_word' id='word_1_180' title='bbox 329 1554 445 1610; x_wconf 91' lang='lat' dir='ltr'>quod</span> <span class='ocrx_word' id='word_1_181' title='bbox 475 1554 687 1595; x_wconf 84' lang='lat' dir='ltr'>existimes</span> <span class='ocrx_word' id='word_1_182' title='bbox 708 1569 852 1596; x_wconf 88' lang='lat' dir='ltr'>verum</span> <span class='ocrx_word' id='word_1_183' title='bbox 883 1571 984 1606; x_wconf 88' lang='lat' dir='ltr'>esse,</span> <span class='ocrx_word' id='word_1_184' title='bbox 1006 1556 1124 1612; x_wconf 91' lang='lat' dir='ltr'>quod</span> <span class='ocrx_word' id='word_1_185' title='bbox 1154 1557 1269 1612; x_wconf 90' lang='lat' dir='ltr'>apud</span> <span class='ocrx_word' id='word_1_186' title='bbox 1299 1557 1518 1600; x_wconf 88' lang='lat' dir='ltr'>disertissi-</span> 
     </span>
     <span class='ocr_line' id='line_1_27' title="bbox 61 1611 1519 1669; baseline 0.003 -17"><span class='ocrx_word' id='word_1_187' title='bbox 61 1627 178 1652; x_wconf 90' lang='lat' dir='ltr'>mum</span> <span class='ocrx_word' id='word_1_188' title='bbox 199 1612 336 1653; x_wconf 89' lang='lat' dir='ltr'>virum</span> <span class='ocrx_word' id='word_1_189' title='bbox 370 1611 541 1651; x_wconf 85' lang='lat' dir='ltr'>Livium</span> <span class='ocrx_word' id='word_1_190' title='bbox 573 1611 743 1661; x_wconf 89' lang='lat' dir='ltr'>dicitur,</span> <span class='ocrx_word' id='word_1_191' title='bbox 774 1614 843 1653; x_wconf 78' lang='lat' dir='ltr'>Vir</span> <span class='ocrx_word' id='word_1_192' title='bbox 871 1615 1035 1665; x_wconf 75' lang='lat' dir='ltr'>ingenii</span> <span class='ocrx_word' id='word_1_193' title='bbox 1060 1616 1207 1667; x_wconf 74' lang='lat' dir='ltr'>magni</span> <span class='ocrx_word' id='word_1_194' title='bbox 1226 1617 1363 1667; x_wconf 72' lang='lat' dir='ltr'>magis</span> <span class='ocrx_word' id='word_1_195' title='bbox 1392 1631 1519 1669; x_wconf 77' lang='lat' dir='ltr'>quam</span> 
     </span>
     <span class='ocr_line' id='line_1_28' title="bbox 62 1667 1519 1725; baseline 0.004 -17"><span class='ocrx_word' id='word_1_196' title='bbox 62 1670 169 1709; x_wconf 77' lang='lat' dir='ltr'>boni.</span> <span class='ocrx_word' id='word_1_197' title='bbox 230 1668 326 1708; x_wconf 93' lang='lat' dir='ltr'>Non</span> <span class='ocrx_word' id='word_1_198' title='bbox 347 1676 484 1723; x_wconf 88' lang='lat' dir='ltr'>potest</span> <span class='ocrx_word' id='word_1_199' title='bbox 514 1667 622 1709; x_wconf 89' lang='lat' dir='ltr'>illud</span> <span class='ocrx_word' id='word_1_200' title='bbox 653 1669 855 1725; x_wconf 84' lang='lat' dir='ltr'>separari:</span> <span class='ocrx_word' id='word_1_201' title='bbox 889 1678 963 1711; x_wconf 88' lang='lat' dir='ltr'>aut</span> <span class='ocrx_word' id='word_1_202' title='bbox 985 1678 1026 1711; x_wconf 89' lang='lat' dir='ltr'>et</span> <span class='ocrx_word' id='word_1_203' title='bbox 1046 1670 1203 1711; x_wconf 88' lang='lat' dir='ltr'>bonum</span> <span class='ocrx_word' id='word_1_204' title='bbox 1234 1671 1328 1722; x_wconf 89' lang='lat' dir='ltr'>erit,</span> <span class='ocrx_word' id='word_1_205' title='bbox 1350 1681 1424 1714; x_wconf 88' lang='lat' dir='ltr'>aut</span> <span class='ocrx_word' id='word_1_206' title='bbox 1444 1688 1519 1714; x_wconf 89' lang='lat' dir='ltr'>nec</span> 
     </span>
     <span class='ocr_line' id='line_1_29' title="bbox 62 1740 1295 1782; baseline 0.002 -16"><span class='ocrx_word' id='word_1_207' title='bbox 62 1740 276 1782; x_wconf 86' lang='lat' dir='ltr'>magnum.</span> <span class='ocrx_word' id='word_1_208' title='bbox 1293 1751 1295 1753; x_wconf 90' lang='lat'>·</span> 
     </span>
    </p>

    <p class='ocr_par' dir='ltr' id='par_1_10' title="bbox 390 1782 1210 1838">
     <span class='ocr_line' id='line_1_30' title="bbox 390 1782 1210 1838; baseline 0.002 -16"><span class='ocrx_word' id='word_1_209' title='bbox 390 1782 509 1823; x_wconf 83' lang='lat' dir='ltr'>Idem</span> <span class='ocrx_word' id='word_1_210' title='bbox 527 1783 592 1822; x_wconf 77' lang='lat' dir='ltr'>lib.</span> <span class='ocrx_word' id='word_1_211' title='bbox 615 1783 665 1823; x_wconf 84' lang='lat' dir='ltr'>de</span> <span class='ocrx_word' id='word_1_212' title='bbox 690 1783 1037 1837; x_wconf 70' lang='lat' dir='ltr'>Tranquillitate,</span> <span class='ocrx_word' id='word_1_213' title='bbox 1059 1798 1149 1838; x_wconf 80' lang='lat' dir='ltr'>cap.</span> <span class='ocrx_word' id='word_1_214' title='bbox 1171 1785 1210 1829; x_wconf 88' lang='lat'>9.</span> 
     </span>
    </p>

    <p class='ocr_par' dir='ltr' id='par_1_11' title="bbox 63 1838 1520 2108">
     <span class='ocr_line' id='line_1_31' title="bbox 122 1838 1520 1899; baseline 0.003 -19"><span class='ocrx_word' id='word_1_215' title='bbox 122 1838 441 1894; x_wconf 83' lang='lat' dir='ltr'>Quadringenta</span> <span class='ocrx_word' id='word_1_216' title='bbox 469 1838 600 1879; x_wconf 90' lang='lat' dir='ltr'>millia</span> <span class='ocrx_word' id='word_1_217' title='bbox 633 1839 838 1880; x_wconf 90' lang='lat' dir='ltr'>librorum</span> <span class='ocrx_word' id='word_1_218' title='bbox 878 1839 1151 1882; x_wconf 80' lang='lat' dir='ltr'>Alexandriae</span> <span class='ocrx_word' id='word_1_219' title='bbox 1189 1849 1395 1893; x_wconf 85' lang='lat' dir='ltr'>arserunt,</span> <span class='ocrx_word' id='word_1_220' title='bbox 1427 1843 1520 1899; x_wconf 91' lang='lat' dir='ltr'>pul-</span> 
     </span>
     <span class='ocr_line' id='line_1_32' title="bbox 63 1895 1518 1952; baseline 0.003 -16"><span class='ocrx_word' id='word_1_221' title='bbox 63 1896 316 1937; x_wconf 89' lang='lat' dir='ltr'>cherrimum</span> <span class='ocrx_word' id='word_1_222' title='bbox 336 1896 463 1951; x_wconf 87' lang='lat' dir='ltr'>regiae</span> <span class='ocrx_word' id='word_1_223' title='bbox 483 1895 712 1952; x_wconf 84' lang='lat' dir='ltr'>opulentiae</span> <span class='ocrx_word' id='word_1_224' title='bbox 731 1906 1062 1939; x_wconf 88' lang='lat' dir='ltr'>monumentum.</span> <span class='ocrx_word' id='word_1_225' title='bbox 1123 1898 1249 1939; x_wconf 87' lang='lat' dir='ltr'>Alius</span> <span class='ocrx_word' id='word_1_226' title='bbox 1269 1898 1518 1951; x_wconf 84' lang='lat' dir='ltr'>laudaverit,</span> 
     </span>
     <span class='ocr_line' id='line_1_33' title="bbox 66 1952 1520 2012; baseline 0.002 -18"><span class='ocrx_word' id='word_1_227' title='bbox 66 1953 174 1994; x_wconf 83' lang='lat' dir='ltr'>sicut</span> <span class='ocrx_word' id='word_1_228' title='bbox 196 1952 361 2002; x_wconf 90' lang='lat' dir='ltr'>Livius,</span> <span class='ocrx_word' id='word_1_229' title='bbox 384 1952 459 2008; x_wconf 90' lang='lat' dir='ltr'>qui</span> <span class='ocrx_word' id='word_1_230' title='bbox 480 1952 697 2008; x_wconf 85' lang='lat' dir='ltr'>elegantiae</span> <span class='ocrx_word' id='word_1_231' title='bbox 718 1969 867 2009; x_wconf 84' lang='lat' dir='ltr'>regum</span> <span class='ocrx_word' id='word_1_232' title='bbox 891 1969 1089 2011; x_wconf 87' lang='lat' dir='ltr'>curaeque</span> <span class='ocrx_word' id='word_1_233' title='bbox 1110 1955 1326 2010; x_wconf 85' lang='lat' dir='ltr'>egregium</span> <span class='ocrx_word' id='word_1_234' title='bbox 1347 1956 1392 1997; x_wconf 90' lang='lat' dir='ltr'>id</span> <span class='ocrx_word' id='word_1_235' title='bbox 1412 1972 1520 2012; x_wconf 87' lang='lat' dir='ltr'>opus</span> 
     </span>
     <span class='ocr_line' id='line_1_34' title="bbox 65 2008 1520 2066; baseline 0.003 -16"><span class='ocrx_word' id='word_1_236' title='bbox 65 2010 124 2051; x_wconf 86' lang='lat' dir='ltr'>ait</span> <span class='ocrx_word' id='word_1_237' title='bbox 145 2008 285 2050; x_wconf 85' lang='lat' dir='ltr'>fuisse.</span> <span class='ocrx_word' id='word_1_238' title='bbox 346 2010 442 2050; x_wconf 92' lang='lat' dir='ltr'>Non</span> <span class='ocrx_word' id='word_1_239' title='bbox 458 2009 541 2051; x_wconf 88' lang='lat' dir='ltr'>fuit</span> <span class='ocrx_word' id='word_1_240' title='bbox 557 2009 764 2066; x_wconf 82' lang='lat' dir='ltr'>elegantia</span> <span class='ocrx_word' id='word_1_241' title='bbox 782 2010 890 2052; x_wconf 80' lang='lat' dir='ltr'>illud</span> <span class='ocrx_word' id='word_1_242' title='bbox 910 2020 985 2054; x_wconf 88' lang='lat' dir='ltr'>aut</span> <span class='ocrx_word' id='word_1_243' title='bbox 1000 2027 1116 2064; x_wconf 87' lang='lat' dir='ltr'>cura,</span> <span class='ocrx_word' id='word_1_244' title='bbox 1134 2012 1205 2054; x_wconf 90' lang='lat' dir='ltr'>sed</span> <span class='ocrx_word' id='word_1_245' title='bbox 1222 2012 1408 2054; x_wconf 89' lang='lat' dir='ltr'>studiosa</span> <span class='ocrx_word' id='word_1_246' title='bbox 1426 2013 1520 2055; x_wconf 84' lang='lat' dir='ltr'>lux-</span> 
     </span>
     <span class='ocr_line' id='line_1_35' title="bbox 66 2067 170 2108; baseline 0 -1"><span class='ocrx_word' id='word_1_247' title='bbox 66 2067 170 2108; x_wconf 74' lang='lat' dir='ltr'>uria.</span> 
     </span>
    </p>

    <p class='ocr_par' dir='ltr' id='par_1_12' title="bbox 584 2125 1006 2178">
     <span class='ocr_line' id='line_1_36' title="bbox 584 2125 1006 2178; baseline 0.002 -13"><span class='ocrx_word' id='word_1_248' title='bbox 584 2125 701 2165; x_wconf 81' lang='lat' dir='ltr'>Idem</span> <span class='ocrx_word' id='word_1_249' title='bbox 720 2126 893 2178; x_wconf 76' lang='lat' dir='ltr'>epistola</span> <span class='ocrx_word' id='word_1_250' title='bbox 913 2125 1006 2166; x_wconf 87' lang='grc'>100.</span> 
     </span>
    </p>

    <p class='ocr_par' dir='ltr' id='par_1_13' title="bbox 67 2179 1520 2749">
     <span class='ocr_line' id='line_1_37' title="bbox 125 2179 1518 2237; baseline 0.003 -16"><span class='ocrx_word' id='word_1_251' title='bbox 125 2179 248 2221; x_wconf 85' lang='lat' dir='ltr'>Affer</span> <span class='ocrx_word' id='word_1_252' title='bbox 281 2195 407 2236; x_wconf 91' lang='lat' dir='ltr'>quem</span> <span class='ocrx_word' id='word_1_253' title='bbox 444 2180 632 2222; x_wconf 89' lang='lat' dir='ltr'>Fabiano</span> <span class='ocrx_word' id='word_1_254' title='bbox 665 2182 798 2237; x_wconf 90' lang='lat' dir='ltr'>possis</span> <span class='ocrx_word' id='word_1_255' title='bbox 829 2197 1082 2237; x_wconf 72' lang='lat' dir='ltr'>praeponere.</span> <span class='ocrx_word' id='word_1_256' title='bbox 1143 2182 1225 2223; x_wconf 88' lang='lat' dir='ltr'>Dic</span> <span class='ocrx_word' id='word_1_257' title='bbox 1263 2182 1518 2235; x_wconf 87' lang='lat' dir='ltr'>Ciceronem,</span> 
     </span>
     <span class='ocr_line' id='line_1_38' title="bbox 67 2236 1518 2295; baseline 0.002 -17"><span class='ocrx_word' id='word_1_258' title='bbox 67 2236 190 2293; x_wconf 81' lang='lat' dir='ltr'>cujus</span> <span class='ocrx_word' id='word_1_259' title='bbox 218 2237 314 2278; x_wconf 90' lang='lat' dir='ltr'>libri</span> <span class='ocrx_word' id='word_1_260' title='bbox 344 2237 399 2278; x_wconf 87' lang='lat' dir='ltr'>ad</span> <span class='ocrx_word' id='word_1_261' title='bbox 428 2237 733 2294; x_wconf 86' lang='lat' dir='ltr'>philosophiam</span> <span class='ocrx_word' id='word_1_262' title='bbox 763 2239 1031 2294; x_wconf 79' lang='lat' dir='ltr'>pertinenteS,</span> <span class='ocrx_word' id='word_1_263' title='bbox 1062 2255 1167 2295; x_wconf 89' lang='lat' dir='ltr'>pene</span> <span class='ocrx_word' id='word_1_264' title='bbox 1196 2239 1372 2281; x_wconf 84' lang='lat' dir='ltr'>totidem</span> <span class='ocrx_word' id='word_1_265' title='bbox 1405 2249 1518 2291; x_wconf 88' lang='lat' dir='ltr'>sunt,</span> 
     </span>
     <span class='ocr_line' id='line_1_39' title="bbox 69 2294 1520 2353; baseline 0.002 -19"><span class='ocrx_word' id='word_1_266' title='bbox 69 2302 177 2350; x_wconf 88' lang='lat' dir='ltr'>quot</span> <span class='ocrx_word' id='word_1_267' title='bbox 207 2294 395 2335; x_wconf 83' lang='lat' dir='ltr'>Fabiani.</span> <span class='ocrx_word' id='word_1_268' title='bbox 457 2295 632 2336; x_wconf 89' lang='lat' dir='ltr'>Cedam:</span> <span class='ocrx_word' id='word_1_269' title='bbox 665 2295 737 2336; x_wconf 89' lang='lat' dir='ltr'>sed</span> <span class='ocrx_word' id='word_1_270' title='bbox 757 2310 837 2336; x_wconf 92' lang='lat' dir='ltr'>non</span> <span class='ocrx_word' id='word_1_271' title='bbox 870 2295 1010 2337; x_wconf 89' lang='lat' dir='ltr'>statim</span> <span class='ocrx_word' id='word_1_272' title='bbox 1041 2296 1241 2351; x_wconf 89' lang='lat' dir='ltr'>pusillum</span> <span class='ocrx_word' id='word_1_273' title='bbox 1262 2304 1338 2346; x_wconf 86' lang='lat' dir='ltr'>est,</span> <span class='ocrx_word' id='word_1_274' title='bbox 1361 2296 1393 2338; x_wconf 89' lang='lat' dir='ltr'>si</span> <span class='ocrx_word' id='word_1_275' title='bbox 1414 2297 1520 2353; x_wconf 91' lang='lat' dir='ltr'>quid</span> 
     </span>
     <span class='ocr_line' id='line_1_40' title="bbox 70 2351 1520 2403; baseline 0.001 -11"><span class='ocrx_word' id='word_1_276' title='bbox 70 2351 253 2392; x_wconf 86' lang='lat' dir='ltr'>maximo</span> <span class='ocrx_word' id='word_1_277' title='bbox 282 2351 421 2392; x_wconf 90' lang='lat' dir='ltr'>minus</span> <span class='ocrx_word' id='word_1_278' title='bbox 451 2360 525 2393; x_wconf 84' lang='lat' dir='ltr'>est.</span> <span class='ocrx_word' id='word_1_279' title='bbox 585 2352 668 2393; x_wconf 90' lang='lat' dir='ltr'>Dic</span> <span class='ocrx_word' id='word_1_280' title='bbox 702 2352 900 2393; x_wconf 88' lang='lat' dir='ltr'>Asinium</span> <span class='ocrx_word' id='word_1_281' title='bbox 936 2352 1178 2394; x_wconf 87' lang='lat' dir='ltr'>Pollionem.</span> <span class='ocrx_word' id='word_1_282' title='bbox 1241 2353 1413 2403; x_wconf 83' lang='lat' dir='ltr'>cedam,</span> <span class='ocrx_word' id='word_1_283' title='bbox 1447 2354 1520 2395; x_wconf 91' lang='lat' dir='ltr'>sed</span> 
     </span>
     <span class='ocr_line' id='line_1_41' title="bbox 73 2408 1517 2465; baseline 0.001 -17"><span class='ocrx_word' id='word_1_284' title='bbox 73 2415 119 2448; x_wconf 83' lang='lat' dir='ltr'>ut</span> <span class='ocrx_word' id='word_1_285' title='bbox 148 2408 435 2464; x_wconf 88' lang='lat' dir='ltr'>respondeam,</span> <span class='ocrx_word' id='word_1_286' title='bbox 468 2409 521 2449; x_wconf 91' lang='lat' dir='ltr'>In</span> <span class='ocrx_word' id='word_1_287' title='bbox 549 2424 593 2449; x_wconf 91' lang='lat' dir='ltr'>re</span> <span class='ocrx_word' id='word_1_288' title='bbox 623 2417 741 2450; x_wconf 84' lang='lat' dir='ltr'>tanta</span> <span class='ocrx_word' id='word_1_289' title='bbox 769 2409 948 2450; x_wconf 89' lang='lat' dir='ltr'>eminere</span> <span class='ocrx_word' id='word_1_290' title='bbox 977 2418 1053 2459; x_wconf 87' lang='lat' dir='ltr'>est,</span> <span class='ocrx_word' id='word_1_291' title='bbox 1084 2418 1125 2450; x_wconf 90' lang='lat' dir='ltr'>et</span> <span class='ocrx_word' id='word_1_292' title='bbox 1154 2417 1249 2465; x_wconf 89' lang='lat' dir='ltr'>post</span> <span class='ocrx_word' id='word_1_293' title='bbox 1284 2410 1390 2451; x_wconf 90' lang='lat' dir='ltr'>duos</span> <span class='ocrx_word' id='word_1_294' title='bbox 1419 2425 1517 2452; x_wconf 81' lang='lat' dir='ltr'>esse.</span> 
     </span>
     <span class='ocr_line' id='line_1_42' title="bbox 70 2464 1519 2522; baseline 0.001 -17"><span class='ocrx_word' id='word_1_295' title='bbox 70 2464 254 2505; x_wconf 85' lang='lat' dir='ltr'>Nomina</span> <span class='ocrx_word' id='word_1_296' title='bbox 280 2465 419 2506; x_wconf 88' lang='lat' dir='ltr'>adhuc</span> <span class='ocrx_word' id='word_1_297' title='bbox 450 2465 634 2506; x_wconf 84' lang='lat' dir='ltr'>Livium.</span> <span class='ocrx_word' id='word_1_298' title='bbox 666 2466 830 2522; x_wconf 83' lang='lat' dir='ltr'>scripsit</span> <span class='ocrx_word' id='word_1_299' title='bbox 860 2466 969 2507; x_wconf 89' lang='lat' dir='ltr'>enim</span> <span class='ocrx_word' id='word_1_300' title='bbox 999 2474 1040 2507; x_wconf 88' lang='lat' dir='ltr'>et</span> <span class='ocrx_word' id='word_1_301' title='bbox 1070 2466 1271 2522; x_wconf 86' lang='lat' dir='ltr'>dialogos,</span> <span class='ocrx_word' id='word_1_302' title='bbox 1301 2482 1408 2522; x_wconf 89' lang='lat' dir='ltr'>quos</span> <span class='ocrx_word' id='word_1_303' title='bbox 1437 2482 1519 2507; x_wconf 90' lang='lat' dir='ltr'>non</span> 
     </span>
     <span class='ocr_line' id='line_1_43' title="bbox 71 2521 1517 2579; baseline 0.002 -18"><span class='ocrx_word' id='word_1_304' title='bbox 71 2521 205 2576; x_wconf 86' lang='lat' dir='ltr'>magis</span> <span class='ocrx_word' id='word_1_305' title='bbox 233 2521 509 2579; x_wconf 80' lang='lat' dir='ltr'>philosophiae</span> <span class='ocrx_word' id='word_1_306' title='bbox 538 2537 811 2564; x_wconf 86' lang='lat' dir='ltr'>annumerare</span> <span class='ocrx_word' id='word_1_307' title='bbox 840 2523 986 2579; x_wconf 85' lang='lat' dir='ltr'>possiS,</span> <span class='ocrx_word' id='word_1_308' title='bbox 1008 2538 1136 2579; x_wconf 90' lang='lat' dir='ltr'>quam</span> <span class='ocrx_word' id='word_1_309' title='bbox 1165 2523 1368 2570; x_wconf 80' lang='lat' dir='ltr'>historiae3</span> <span class='ocrx_word' id='word_1_310' title='bbox 1400 2531 1442 2564; x_wconf 87' lang='lat' dir='ltr'>et</span> <span class='ocrx_word' id='word_1_311' title='bbox 1466 2538 1517 2564; x_wconf 86' lang='lat' dir='ltr'>ex</span> 
     </span>
     <span class='ocr_line' id='line_1_44' title="bbox 71 2577 1518 2636; baseline 0.001 -18"><span class='ocrx_word' id='word_1_312' title='bbox 71 2577 259 2633; x_wconf 88' lang='lat' dir='ltr'>professo</span> <span class='ocrx_word' id='word_1_313' title='bbox 287 2579 593 2636; x_wconf 90' lang='lat' dir='ltr'>philosophiam</span> <span class='ocrx_word' id='word_1_314' title='bbox 623 2580 880 2621; x_wconf 87' lang='lat' dir='ltr'>continentes</span> <span class='ocrx_word' id='word_1_315' title='bbox 908 2579 1048 2621; x_wconf 89' lang='lat' dir='ltr'>libros.</span> <span class='ocrx_word' id='word_1_316' title='bbox 1079 2580 1178 2622; x_wconf 90' lang='lat' dir='ltr'>huic</span> <span class='ocrx_word' id='word_1_317' title='bbox 1207 2595 1378 2636; x_wconf 89' lang='lat' dir='ltr'>quoque</span> <span class='ocrx_word' id='word_1_318' title='bbox 1409 2579 1518 2620; x_wconf 89' lang='lat' dir='ltr'>dabo</span> 
     </span>
     <span class='ocr_line' id='line_1_45' title="bbox 71 2634 1519 2693; baseline 0.001 -19"><span class='ocrx_word' id='word_1_319' title='bbox 71 2634 222 2675; x_wconf 90' lang='lat' dir='ltr'>locum.</span> <span class='ocrx_word' id='word_1_320' title='bbox 283 2636 388 2676; x_wconf 90' lang='lat' dir='ltr'>Vide</span> <span class='ocrx_word' id='word_1_321' title='bbox 408 2645 547 2678; x_wconf 89' lang='lat' dir='ltr'>tamen</span> <span class='ocrx_word' id='word_1_322' title='bbox 567 2652 695 2693; x_wconf 86' lang='lat' dir='ltr'>quam</span> <span class='ocrx_word' id='word_1_323' title='bbox 716 2636 871 2678; x_wconf 89' lang='lat' dir='ltr'>multos</span> <span class='ocrx_word' id='word_1_324' title='bbox 891 2637 1123 2687; x_wconf 84' lang='lat' dir='ltr'>antecedat,</span> <span class='ocrx_word' id='word_1_325' title='bbox 1140 2637 1214 2692; x_wconf 91' lang='lat' dir='ltr'>qui</span> <span class='ocrx_word' id='word_1_326' title='bbox 1230 2652 1256 2677; x_wconf 92' lang='lat' dir='ltr'>a</span> <span class='ocrx_word' id='word_1_327' title='bbox 1275 2636 1410 2678; x_wconf 91' lang='lat' dir='ltr'>tribus</span> <span class='ocrx_word' id='word_1_328' title='bbox 1430 2635 1519 2676; x_wconf 88' lang='lat' dir='ltr'>vin-</span> 
     </span>
     <span class='ocr_line' id='line_1_46' title="bbox 73 2691 796 2749; baseline 0.003 -18"><span class='ocrx_word' id='word_1_329' title='bbox 73 2691 199 2741; x_wconf 89' lang='lat' dir='ltr'>citur,</span> <span class='ocrx_word' id='word_1_330' title='bbox 221 2698 262 2732; x_wconf 85' lang='lat' dir='ltr'>et</span> <span class='ocrx_word' id='word_1_331' title='bbox 282 2692 418 2733; x_wconf 91' lang='lat' dir='ltr'>tribus</span> <span class='ocrx_word' id='word_1_332' title='bbox 437 2693 796 2749; x_wconf 89' lang='lat' dir='ltr'>eloquentissimis.</span> 
     </span>
    </p>

    <p class='ocr_par' dir='ltr' id='par_1_14' title="bbox 132 2750 1516 2863">
     <span class='ocr_line' id='line_1_47' title="bbox 384 2750 1210 2804; baseline -0.002 -13"><span class='ocrx_word' id='word_1_333' title='bbox 384 2751 501 2791; x_wconf 76' lang='lat' dir='ltr'>Idem</span> <span class='ocrx_word' id='word_1_334' title='bbox 521 2752 586 2791; x_wconf 72' lang='lat' dir='ltr'>cib.</span> <span class='ocrx_word' id='word_1_335' title='bbox 615 2750 655 2790; x_wconf 88' lang='lat' dir='ltr'>V.</span> <span class='ocrx_word' id='word_1_336' title='bbox 679 2752 839 2792; x_wconf 73' lang='lat' dir='ltr'>Natur.</span> <span class='ocrx_word' id='word_1_337' title='bbox 862 2756 1009 2804; x_wconf 78' lang='lat' dir='ltr'>qucest.</span> <span class='ocrx_word' id='word_1_338' title='bbox 1032 2764 1121 2803; x_wconf 76' lang='lat' dir='ltr'>cap.</span> <span class='ocrx_word' id='word_1_339' title='bbox 1146 2750 1210 2789; x_wconf 86' lang='lat'>18.</span> 
     </span>
     <span class='ocr_line' id='line_1_48' title="bbox 132 2805 1516 2863; baseline 0.001 -18"><span class='ocrx_word' id='word_1_340' title='bbox 132 2805 257 2846; x_wconf 89' lang='lat' dir='ltr'>Nunc</span> <span class='ocrx_word' id='word_1_341' title='bbox 286 2805 405 2861; x_wconf 20' lang='lat' dir='ltr'>quod*</span> <span class='ocrx_word' id='word_1_342' title='bbox 431 2806 483 2847; x_wconf 88' lang='lat' dir='ltr'>de</span> <span class='ocrx_word' id='word_1_343' title='bbox 514 2807 805 2863; x_wconf 44' lang='lat' dir='ltr'>Caesare—olim</span> <span class='ocrx_word' id='word_1_344' title='bbox 834 2808 991 2862; x_wconf 77' lang='lat' dir='ltr'>majore</span> <span class='ocrx_word' id='word_1_345' title='bbox 1014 2806 1144 2862; x_wconf 86' lang='lat' dir='ltr'>vulgo</span> <span class='ocrx_word' id='word_1_346' title='bbox 1172 2805 1410 2847; x_wconf 80' lang='lat' dir='ltr'>dictitatum</span> <span class='ocrx_word' id='word_1_347' title='bbox 1440 2813 1516 2856; x_wconf 85' lang='lat' dir='ltr'>est,</span> 
     </span>
    </p>
   </div>
  </div>
 </body>
</html>
