1805 3174
577 86 982 136 l’RAEFATlo.
1401 87 1501 135 lxiii

50 225 327 289 perirentur
361 227 444 291 qui
486 243 653 291 parem
690 227 934 275 veteribus
975 225 1145 289 adepti
1187 225 1406 272 lauream
1443 227 1499 274 iis

53 303 351 362 assiderent,
377 306 427 353 in
450 305 678 353 inferiore
705 305 880 369 procul
908 304 1061 352 dubio
1096 303 1370 352 consistere
1394 321 1501 365 gra-

52 381 121 428 du
158 383 451 439 debuerunt,
481 384 564 446 qui
589 402 642 431 se
667 384 909 432 veteribus
946 383 1200 430 inferiores
1236 399 1347 429 esse
1373 381 1499 429 ultro

49 461 418 521 profitebantur,
443 468 493 509 et
516 478 688 509 eorum
713 462 889 525 procul
915 462 1126 509 adorare
1151 459 1357 522 vestigia
1382 459 1501 507 satis

52 536 340 587 habuerant.

118 615 231 664 Nec
272 632 385 664 vero
424 616 551 665 intra
587 633 699 664 eum
744 616 954 663 modum
989 633 1065 663 res
1102 615 1255 665 stetit.
1326 614 1700 664 Nostri'sumetiam

1513 680 1616 705 exorta
1629 686 1713 713 mag-

49 693 288 750 homines,
312 700 584 757 postquam
609 711 725 742 suas
751 693 941 757 experti
966 692 1106 749 vireS,
1133 692 1254 740 satis
1280 691 1370 740 sibi
1396 691 1498 755 pla·
1512 728 1552 747 „a
1566 714 1691 748 omma

49 788 210 828 cuere,
239 772 497 835 magistros
522 774 629 834 jam
654 788 772 820 suos
799 777 1372 835 praemonstratoresque,
1399 765 1713 844 exi-{ffiffiffgsaffi

48 848 175 897 mios
200 849 314 898 illos
336 850 450 898 dico
468 850 776 914 antiquitatis
794 850 1079 913 scriptores,
1098 849 1278 912 quibus
1298 849 1395 896 hoc
1417 848 1500 895 de·
1512 857 1618 879 manu·

46 927 275 983 bebatur,
296 928 435 991 quod
456 928 682 991 sepultus
710 927 901 975 tamdiu
927 933 977 973 et
994 926 1349 973 intermortuus
1376 925 1501 972 litte-

46 1020 208 1052 rarum
233 1005 391 1053 honos
416 1007 621 1053 tandem
646 1005 920 1065 revixisset,
944 1004 1177 1052 insectari
1202 1003 1498 1059 sustinuere,

49 1087 98 1128 et
122 1081 235 1129 illos
261 1083 533 1145 premendo
564 1100 671 1130 sese
696 1082 936 1129 extollere
973 1081 1143 1129 conati
1171 1087 1304 1130 sunt.
1379 1080 1501 1129 Non

48 1175 220 1207 omnes
257 1159 477 1224 quidem,
504 1177 595 1207 nec
620 1159 651 1206 ii
676 1175 795 1206 sane
826 1158 910 1221 qui
948 1157 1233 1220 ambiguam
1260 1158 1501 1205 veteribus

48 1236 263 1299 palmam
287 1236 569 1292 faciebant;
607 1236 695 1283 sed
722 1234 1108 1297 ingeniosissimi
1142 1242 1308 1282 tamen
1345 1235 1503 1285 horni-

47 1330 154 1370 nes,
173 1321 264 1361 ete
280 1313 600 1378 philosophia
617 1313 724 1370 toti,
742 1331 851 1377 quae
868 1313 1297 1376 quemadmodum
1317 1312 1502 1361 salubri

47 1391 202 1438 modo
245 1397 585 1454 attemperata,
621 1406 801 1453 magno
844 1397 893 1437 et
931 1390 1224 1453 eloquentiae
1267 1396 1317 1438 et
1362 1391 1502 1454 poesi

48 1474 343 1517 ornamento
382 1486 440 1517 ac
478 1468 709 1533 praesidio
744 1484 854 1517 esse
892 1474 1073 1531 potest,
1108 1468 1179 1516 ita
1216 1469 1361 1516 miras
1400 1469 1501 1517 ciet

47 1547 234 1604 turbas,
257 1547 298 1594 si
325 1548 390 1594 ad
415 1546 522 1608 ejus
547 1562 774 1594 normam
794 1545 964 1593 omnia
986 1544 1263 1608 exigantur,
1284 1551 1334 1593 et
1357 1545 1503 1593 liber-

46 1623 196 1672 rimos
223 1631 382 1688 poetae
408 1623 716 1686 oratorisque
752 1624 968 1685 impetus
992 1628 1041 1669 et
1064 1622 1333 1685 quemdam
1357 1623 1501 1686 quasi

47 1702 227 1750 furoris
252 1703 488 1758 afflatum,
506 1718 568 1749 ex
585 1717 769 1748 severae
790 1699 1232 1763 argumentationis
1249 1700 1501 1763 praescrip-

47 1785 99 1827 to
125 1781 315 1828 frenare
338 1779 449 1843 quis
473 1779 606 1827 velit.
679 1778 874 1826 Horum
911 1778 1096 1826 ducum
1121 1777 1265 1840 signa
1294 1778 1500 1825 nomen-

48 1874 145 1921 que
168 1873 269 1904 non
294 1856 614 1921 poenitendus
639 1861 880 1919 sequutus
906 1862 980 1902 est
1005 1855 1338 1918 gregariorum
1364 1854 1500 1902 velut

49 1935 260 1983 militum
285 1951 536 1991 numerus,
558 1934 642 1998 qui
666 1935 728 1982 ab
753 1932 891 1982 omni
914 1932 1138 1997 plerique
1163 1932 1393 1980 doctrina
1417 1932 1500 1978 de-

49 2012 217 2069 stituti,
243 2027 332 2060 eos
368 2027 494 2075 quos
529 2011 611 2058 vix
649 2027 708 2058 ac
743 2027 806 2058 ne
841 2009 926 2058 vix
961 2009 1164 2074 quidem
1200 2008 1497 2071 intelligunt,

48 2105 266 2153 carpere,
292 2088 536 2149 vellicare,
564 2087 795 2135 allatrare
831 2086 921 2134 sibi
957 2085 1095 2134 laudi
1130 2103 1241 2134 esse
1278 2087 1499 2134 ducunt:

48 2184 303 2231 quumque
328 2183 499 2215 eorum
524 2167 801 2214 obtrectent
824 2163 1007 2226 gloriae,
1028 2180 1153 2228 quos
1179 2152 1339 2212 omriis
1368 2169 1500 2211 retro

49 2245 226 2292 mirata
251 2249 327 2291 est
357 2249 595 2299 vetustas,
624 2258 752 2305 quos
777 2240 937 2289 mirati
962 2248 1078 2288 sunt
1113 2240 1145 2288 ii
1178 2258 1381 2304 quoque
1416 2241 1501 2305 qui

49 2322 183 2385 apud
207 2338 301 2369 nos
324 2321 374 2368 in
402 2320 539 2368 omni
564 2319 816 2368 scribendi
840 2335 1019 2382 genere
1042 2318 1265 2375 floruere,
1294 2327 1398 2366 tum
1424 2335 1502 2366 ve-

47 2415 102 2446 1'0
128 2400 229 2447 dici
254 2416 355 2447 non
379 2405 559 2462 potest,
583 2414 682 2462 quo
709 2403 1000 2461 contemptu
1028 2403 1391 2460 prosequantur
1414 2412 1500 2443 eos

49 2478 134 2541 qui
158 2477 209 2525 in
233 2475 512 2525 scrutandis
537 2474 944 2538 illustrandisque
962 2481 1182 2521 veterum
1209 2489 1500 2520 monumen-

51 2555 112 2603 tis
138 2555 434 2604 industriam
459 2570 601 2602 suam
624 2553 752 2600 bene
777 2553 993 2601 locatam
1018 2551 1330 2599 existimant:
1370 2550 1499 2596 adeo

50 2639 106 2681 ut
135 2632 300 2696 ipsum
334 2634 516 2681 eruditi
549 2648 732 2680 nomen
768 2631 900 2694 apud
936 2647 1024 2679 eos
1058 2629 1109 2678 in
1145 2626 1500 2677 contumeliam

49 2710 261 2758 verterit.

116 2788 199 2836 Ab
218 2787 426 2837 'istorum
450 2788 729 2837 maledictis
749 2787 1001 2836 vindicare
1025 2792 1209 2833 veteres
1234 2798 1328 2830 nec
1353 2779 1498 2840 hujus
