1816 3159
103 691 194 722 Voss.
209 690 248 721 de

102 734 220 764 Histor.
237 734 306 764 Lat.

103 777 129 806 I.
162 778 213 806 59.
242 777 303 805 Eu-

100 819 166 850 seb.
190 819 305 850 Chron.

104 1067 237 1103 Quintil.
250 1069 303 1098 In-

101 1110 163 1141 stit.
180 1111 221 1143 X,
240 1113 268 1142 l.

102 1365 174 1395 Seu.

104 1407 238 1439 Prooem.
254 1409 276 1440 l.

104 1450 145 1481 V.
160 1451 306 1484 Comi-ov,

103 1595 179 1626 Seu.
194 1606 242 1637 ep.

105 1638 175 1668 100.

103 1826 231 1855 Sueton.
246 1823 278 1853 in

103 1867 303 1898 Claud.c.41.

104 1920 188 1951 Plin.
211 1920 233 1951 l.
250 1919 297 1951 II.

102 1974 151 2006 ep.
167 1964 198 1994 3.

316 80 346 126 ii
810 79 1267 128 PRAEFATIO.

313 223 437 280 gunt
460 224 507 265 et
530 218 885 266 immortalitati
920 221 1289 276 commendant,
1317 218 1550 283 ipsorum,
1579 228 1753 284 praeter

314 309 513 351 nomen,
534 295 722 357 reliqua
745 296 843 341 sere
869 295 1037 342 omnia
1060 296 1258 344 interire
1278 295 1580 345 sinerentur:
1618 299 1752 346 malo

316 388 436 418 sane
472 371 715 433 exemplo,
742 388 832 418 nec
867 371 986 419 satis
1017 379 1157 433 grata
1194 371 1485 435 posteritate
1518 374 1753 421 adversus

317 463 404 494 eos
428 447 606 509 quibus
634 452 824 494 tantum
851 447 1067 494 deberet.

383 516 500 570 Hoc
527 530 575 570 et
609 522 733 570 Livii
766 524 918 571 fatum
955 524 1058 580 fuit,
1084 532 1138 570 ut
1170 524 1300 571 fama
1332 526 1438 586 ejus
1474 525 1754 589 scriptaque

316 605 424 646 toto
451 598 571 645 orbe
594 599 866 656 notissima,
894 599 994 648 vita
1018 600 1067 647 in
1092 600 1300 647 obscuro
1327 607 1475 649 esset.
1546 600 1627 648 Ex
1653 618 1754 665 qua

317 675 422 722 haec
448 675 663 737 paucula
692 677 756 723 ad
788 676 1010 724 notitiam
1042 682 1264 724 nostram
1298 684 1659 740 pervenerunt:
1694 677 1752 725 il-

318 750 419 797 lum
448 751 639 798 Patavii
664 759 839 808 ortum,
860 752 1045 800 Pisone
1070 760 1118 800 et
1141 752 1355 800 Gabinio
1382 752 1524 800 Coss.
1552 770 1682 800 anno
1708 770 1753 801 a.

319 826 378 874 C.
403 832 483 874 58.
514 828 686 875 Romae
720 845 950 890 magnam
986 828 1145 891 egisse
1170 828 1325 876 aetatis
1362 835 1565 892 partem,
1591 829 1677 876 sed
1704 829 1755 876 in

316 902 474 965 patria
498 902 714 966 denique
733 921 1017 967 supremum
1044 904 1174 951 diem
1200 904 1394 959 obiisse,
1417 920 1547 951 anno
1572 904 1751 968 princi-

318 987 463 1041 patus
489 979 669 1027 Tiberii
694 987 887 1044 quarto,
906 981 1065 1028 aetatis
1086 997 1187 1028 suae
1213 987 1357 1028 sexto
1383 987 1430 1028 et
1448 981 1758 1043 septuagesi-

321 1071 432 1112 mo;
481 1056 631 1103 filium
665 1056 708 1104 ei
731 1057 897 1113 fuisse,
926 1056 1003 1104 cui
1039 1057 1260 1120 quadam
1295 1056 1346 1103 in
1382 1056 1595 1119 epistola
1628 1057 1756 1105 hanc

317 1131 512 1191 legendi
537 1132 876 1180 brevissimam
895 1134 1122 1180 eamdem
1148 1132 1665 1196 sapientissimamque
1689 1133 1756 1179 le-

317 1223 427 1268 gem
453 1208 728 1270 scripserat,
755 1211 980 1274 legendos
1007 1209 1375 1256 Demosthenem
1397 1215 1538 1271 atque
1567 1210 1756 1257 Cicero-

316 1299 435 1338 nem,
463 1291 560 1330 tum
586 1287 658 1331 ila
681 1293 735 1332 ut
758 1287 951 1348 quisque
975 1293 1094 1332 esset
1120 1285 1436 1332 Demostheni
1460 1293 1506 1332 et
1533 1283 1758 1333 Ciceroni

318 1360 624 1418 simillinzns;
660 1361 811 1407 filiam
832 1361 875 1407 ei
897 1360 1071 1408 itidem
1096 1359 1261 1419 fuisse,
1281 1366 1486 1422 nuptam
1506 1359 1564 1407 L.
1586 1360 1757 1422 Magio

319 1435 516 1491 rhetori,
558 1453 707 1499 quem
748 1436 1114 1485 declamantem
1163 1435 1394 1483 homines
1435 1435 1756 1498 aliquamdiu,

317 1527 418 1557 non
443 1511 492 1558 in
516 1512 669 1575 ipsius
694 1513 932 1560 honorem
959 1513 1289 1572 laudaverint,
1315 1513 1400 1559 sed
1428 1512 1477 1559 in
1502 1512 1661 1561 soceri
1685 1519 1760 1561 tu-

319 1586 492 1647 lerint3
529 1589 790 1652 scripsisse
816 1606 943 1645 eum,
965 1597 1139 1653 praeter
1161 1588 1407 1645 historias,
1428 1588 1577 1636 etiam
1598 1589 1756 1636 dialo-

318 1680 424 1725 gOS,
445 1682 571 1728 quos
598 1682 698 1713 non
717 1667 870 1729 magis
887 1666 1215 1730 philosophiae
1237 1682 1560 1713 annumerare
1580 1665 1758 1728 possis,

317 1758 465 1803 quam
486 1743 713 1800 historiae,
732 1751 781 1791 et
799 1761 860 1791 ex
881 1745 1104 1807 professo
1122 1742 1487 1806 philosophiam
1505 1742 1759 1790 continen-

318 1823 389 1865 tes
415 1818 595 1879 libros;
632 1836 689 1867 eo
708 1828 924 1876 auctore,
944 1819 1224 1875 Claudium,
1246 1819 1331 1883 qui
1356 1826 1530 1882 postea
1548 1819 1757 1882 impera-

318 1893 402 1955 vit,
421 1897 484 1943 ad
506 1895 758 1944 historiam
776 1897 1092 1945 scribendam
1113 1896 1329 1943 animum
1355 1896 1633 1960 appulisse3
1671 1897 1758 1944 de-

316 1971 465 2034 nique
487 1971 582 2034 ipsi
608 1974 778 2020 datum
806 1989 932 2029 esse,
959 1980 1014 2020 ut
1039 1973 1176 2020 vivus
1200 1972 1355 2035 gloria
1379 1989 1468 2020 sua
1492 1973 1759 2035 perfruere-

316 2055 409 2103 tur,
437 2048 838 2112 Gaditanumque
860 2049 1143 2112 quemdam,
1173 2048 1280 2109 ejus
1300 2048 1504 2096 nomine
1528 2049 1757 2113 famaque

316 2132 634 2183 commotum,
669 2126 731 2172 ad
770 2124 1030 2172 visendum
1067 2141 1180 2172 eum
1217 2124 1279 2171 ab
1314 2125 1486 2172 ultimo
1521 2131 1756 2172 terrarum
1809 2119 1811 2122 ⁸

318 2199 452 2247 Orbe
477 2201 685 2262 venisse,
710 2201 977 2265 statimque
1000 2207 1057 2249 ut
1081 2201 1271 2249 viderat
1295 2201 1475 2249 abiisse
1489 2210 1522 2249 ἢ,

369 2324 384 2339 ³
407 2319 502 2362 Quae
522 2321 567 2357 de
586 2322 827 2358 aemulatione
852 2323 947 2358 inter
965 2321 1009 2357 T.
1066 2322 1286 2370 tuagenario
1303 2321 1421 2368 major
1439 2320 1581 2357 obierit.
1643 2318 1758 2358 Ratio

320 2372 466 2408 Livium
484 2380 522 2409 et
549 2373 758 2411 Cornutum
785 2376 900 2412 habet
924 2375 1011 2411 Sui·
1067 2382 1273 2424 temporum
1292 2375 1341 2410 ad
1359 2387 1443 2410 eam
1472 2386 1539 2409 nos
1567 2373 1757 2420 conjectu-

318 2425 386 2461 das
404 2426 443 2460 in
461 2439 549 2462 voce
567 2428 737 2478 Κοζνὲτος,
756 2441 802 2465 ea
820 2430 926 2464 nobis
938 2441 1012 2464 non
1065 2441 1146 2464 ram
1175 2427 1375 2465 deduceret
1404 2427 1537 2474 magiS,
1570 2433 1612 2461 ut
1636 2428 1756 2475 suspi-

316 2478 487 2514 videntur
518 2480 701 2526 quadrare
732 2483 768 2516 in
797 2482 897 2518 hunc
925 2495 1011 2518 nos-
1065 2494 1234 2518 caremur
1276 2480 1553 2516 aemulationem
1589 2478 1758 2516 Cornuto

319 2539 417 2567 trum
435 2531 673 2567 historiarum
687 2535 914 2583 scriptorem,
933 2542 1012 2570 tum
1066 2534 1180 2570 fuisse
1209 2546 1294 2569 cum
1324 2532 1418 2569 Livii
1454 2533 1570 2568 nostri
1598 2532 1685 2576 filio,
1718 2540 1758 2569 et

318 2585 364 2620 ob
400 2584 488 2628 alia,
524 2591 603 2620 tum
632 2586 690 2621 vel
717 2588 881 2623 maxime
915 2588 1014 2635 quod
1066 2588 1171 2623 illum
1189 2586 1440 2635 scriptorema
1459 2585 1577 2622 Suida
1591 2586 1756 2634 exscrip-

319 2636 510 2673 Cornutus
528 2638 663 2674 ibidem
690 2638 826 2675 dicitur
843 2641 912 2675 sub
934 2639 1009 2676 Ne—
1065 2647 1158 2683 tum,
1177 2652 1295 2675 errore
1321 2652 1395 2675 non
1422 2640 1616 2683 inusitato,
1635 2651 1682 2676 ea.
1710 2639 1756 2675 de

317 2702 405 2726 rone
427 2689 604 2735 floruisse,
631 2704 747 2739 quum
776 2691 902 2728 Livius
924 2705 1011 2729 nos·
1063 2700 1168 2742 patre
1181 2704 1352 2730 narrasse
1370 2705 1453 2741 quae
1474 2692 1522 2731 ad
1539 2691 1655 2731 filium
1672 2698 1760 2742 per-'

318 2749 373 2778 ter
402 2744 507 2781 initio
524 2745 754 2794 principatus
772 2744 909 2784 Tiberii
927 2758 1010 2795 sep·
1065 2746 1253 2783 tinuerint.
