1816 3159
289 92 425 142 lxxvi
808 92 1263 142 PRAEFATIO.

357 233 456 280 Sed
481 233 724 296 praeterire
758 248 863 280 non
899 250 1105 297 possum
1130 235 1284 283 virum
1331 233 1560 282 omnibus
1584 234 1732 283 bonis

288 310 554 373 doctisque
578 309 811 365 flebilem,
836 310 996 366 nobis,
1025 311 1144 358 dum
1167 319 1439 359 extremam
1462 311 1575 359 huic
1600 311 1733 375 operi

74 398 267 429 M..10annis
289 404 491 436 manum
517 387 925 455 admovebamus,
945 386 1177 435 luctuosa
1201 394 1361 436 morte
1387 394 1629 451 ereptum,
1657 386 1733 435 M.

73 441 210 471 Heuzet.

284 467 534 514 Joannem
578 464 791 519 Heuzet,
831 462 1124 519 eruditione,
1168 464 1439 526 diligentia,
1483 464 1734 511 indefessa

285 542 337 590 in
361 541 644 589 scrutandis
675 549 724 589 et
747 542 810 589 ad
837 541 1081 605 liquidum
1117 543 1449 605 perducendis
1484 544 1627 590 rebus
1652 559 1736 606 pa-

285 619 455 666 tientia
491 619 889 667 memorabilem:
938 620 1020 683 qui
1056 621 1256 683 quidem
1291 628 1460 669 nostra
1496 619 1734 683 praedica-

286 697 420 744 tione
455 713 555 744 non
590 697 793 759 indiget,
819 713 972 760 quum
1009 714 1109 744 suae
1146 714 1257 745 eum
1293 697 1464 745 litterae
1499 704 1547 744 et
1583 712 1731 743 aurea

286 775 547 837 opuscula,
586 774 817 821 nimirum
856 773 1055 821 selectae
1097 790 1159 821 ex
1197 774 1348 821 veteri
1387 773 1728 828 Testamento,

284 859 388 900 tum
425 870 485 899 ex
522 851 745 915 profanis
782 850 1105 914 scriptoribus
1141 851 1370 910 historiae,
1395 857 1444 898 et
1476 851 1645 897 breves
1680 849 1732 896 in

286 929 510 978 Curtium
554 928 947 991 Sallustiumque
988 927 1190 984 notulae,
1235 927 1435 974 abunde
1483 942 1734 974 commen-

285 1006 424 1055 dent.
494 1007 575 1054 Ex
601 1006 675 1053 his
701 1007 805 1068 ejus
832 1005 1047 1069 scriptis,
1071 1023 1182 1068 quae
1204 1005 1405 1053 minime
1442 1003 1731 1052 ambitiosus

285 1083 526 1131 doctrinae
553 1089 827 1130 ostentator
850 1082 1087 1130 studiosae
1120 1082 1390 1143 juventutis
1429 1080 1624 1129 utilitati
1649 1080 1733 1127 de-

286 1166 503 1219 voverat,
520 1167 695 1207 uotum
720 1160 812 1207 erit
835 1159 1064 1207 omnibus
1084 1177 1185 1223 qua
1206 1160 1289 1207 ille
1313 1157 1622 1223 antiquitatis
1646 1173 1733 1205 no-

284 1236 403 1292 titia,
442 1252 595 1300 quam
631 1236 731 1283 acri
766 1244 815 1283 et
849 1236 1020 1283 limato
1051 1236 1261 1297 judicio,
1297 1253 1447 1300 quam
1482 1236 1648 1283 solerti
1682 1235 1733 1282 in

283 1314 432 1361 rebus
459 1313 632 1360 ordine
657 1312 986 1375 disponendis
1024 1312 1286 1375 prudentia
1311 1312 1550 1375 praeditus
1575 1311 1731 1359 fuerit.

285 1389 466 1445 Nobis,
492 1389 672 1453 quibus
698 1388 991 1436 suavissimo
1027 1387 1159 1436 illius
1185 1388 1418 1436 convictu
1444 1389 1536 1436 frui
1561 1389 1732 1436 datum

285 1473 374 1523 est,
412 1466 562 1513 etiam
599 1473 891 1529 perspectus
933 1464 1024 1512 fuit
1059 1481 1249 1512 morum
1291 1465 1397 1527 ejus
1439 1466 1645 1522 candor,
1682 1471 1732 1513 et

285 1544 437 1607 digna
475 1545 747 1592 litterarum
795 1543 1097 1605 ingenuitate
1143 1542 1452 1606 simplicitas,
1492 1550 1540 1590 et
1579 1542 1729 1590 nullis

283 1638 505 1685 unquam
531 1621 865 1669 interturbatae
891 1620 1152 1668 nubeculis
1185 1621 1359 1668 frontis
1384 1620 1634 1684 animique
1659 1637 1734 1668 se-

281 1698 483 1754 renitas,
509 1706 558 1746 et
592 1698 643 1745 in
678 1714 858 1760 magna
893 1697 1131 1761 gravitate
1165 1697 1276 1745 vitae
1314 1698 1519 1745 comitas
1548 1699 1730 1760 jucun-

283 1775 503 1834 dissima,
525 1784 574 1824 et
597 1776 742 1823 obvia
762 1776 887 1823 votis
908 1776 1177 1824 amicorum
1203 1776 1460 1832 sedulitas,
1483 1782 1533 1823 et
1557 1791 1728 1823 omnes

283 1853 501 1916 denique
540 1853 744 1900 virtutes
791 1867 902 1915 quae
950 1852 1141 1899 animos
1189 1852 1441 1900 hominurn
1482 1852 1730 1899 devincire

281 1938 507 1994 possunt,
534 1930 725 1978 sincera
749 1931 798 1977 in
825 1930 992 1977 Deum
1017 1930 1197 1993 pietate
1221 1936 1541 1978 consecratae.

348 2007 448 2055 Sed
475 2007 672 2070 longius
696 2023 788 2055 nos
815 2007 1027 2071 abripuit
1051 2009 1229 2056 acerba
1255 2008 1420 2056 amissi
1445 2008 1559 2055 talis
1584 2007 1729 2054 amici

280 2084 577 2133 recordatio.
646 2084 762 2131 Jam
800 2085 865 2131 ad
904 2084 1212 2149 propositum
1247 2093 1560 2140 revertamur,
1587 2090 1635 2131 et
1664 2083 1728 2131 ad

279 2162 396 2210 illos
432 2162 694 2209 doctorum
719 2162 975 2209 hominum
1011 2171 1300 2218 conventus,
1325 2178 1454 2226 quos
1488 2162 1619 2225 apud
1645 2177 1725 2207 me

278 2238 479 2286 habitos
516 2255 624 2286 esse
660 2238 945 2286 memoravi.
1016 2238 1092 2286 Ibi
1128 2245 1261 2287 totus
1298 2246 1483 2287 attente
1519 2239 1725 2302 diligen-

280 2322 451 2378 terque
488 2314 655 2363 Livius
690 2316 938 2379 perlectus
962 2324 1052 2373 est,
1081 2324 1129 2365 et
1160 2318 1223 2364 de
1251 2317 1309 2364 iis
1346 2316 1575 2364 omnibus
1611 2332 1723 2378 quae

280 2390 502 2438 difficilia
537 2393 878 2449 occurrebant,
904 2393 1028 2440 itum
1062 2392 1113 2440 in
1150 2393 1443 2441 consilium:
1488 2392 1554 2439 ibi
1590 2400 1723 2441 notae

279 2484 404 2531 quas
428 2485 521 2530 ego
542 2469 972 2528 concinnaveram,
992 2471 1062 2518 ita
1082 2471 1259 2518 sedulo
1277 2487 1521 2534 expensae,
1548 2476 1724 2518 retrac-

278 2550 407 2604 tatae,
445 2545 740 2600 emendatae‚
781 2546 1012 2609 expolitae
1059 2555 1188 2606 sunt,
1227 2555 1278 2594 ut
1315 2564 1398 2594 eas
1445 2562 1721 2594 consensus

280 2620 501 2668 omnium
515 2637 616 2669 non
637 2622 875 2684 probasse
891 2624 1103 2686 scriptas
1115 2624 1447 2687 magis,quam
1464 2623 1722 2686 scripsisse

278 2698 541 2746 videretur.
610 2697 743 2753 Quid
782 2698 833 2745 in
858 2700 927 2746 eis
963 2699 1142 2760 intuiti,
1166 2699 1287 2763 quid
1325 2701 1517 2748 efficere
1553 2699 1720 2748 conati

279 2773 531 2835 fuerimus,
557 2775 726 2823 lectori
745 2775 849 2836 jam
876 2775 1125 2838 sigillatim
1151 2777 1393 2825 debemus
1420 2792 1685 2840 exponere.
