1841 3179
607 118 956 159 PRAEFATIO.
1424 132 1511 170 cxiii

43 197 328 274 lhentjudim‘i,
344 225 406 266 ibi
420 228 563 267 minus
582 230 841 282 intelligunt.
903 233 1074 273 Ilorum
1093 235 1230 288 igitur
1249 237 1507 291 depravatio-

48 292 138 329 nes,
147 294 254 333 quas
268 287 390 323 tanta
404 284 690 326 diuturnitate
706 291 900 342 temporis·
913 295 1118 344 tantaque
1125 294 1333 335 Imrbarioe
1347 311 1508 340 neeesse

36 336 135 390 ficit
155 352 241 379 esse
269 343 618 393 quamplurimas,
641 348 786 386 multis
804 349 951 401 fretus
971 352 1276 403 ememplaribus
1305 357 1507 405 eoo-rigere

47 408 286 446 aggressus,
299 398 402 451 feei,
425 401 535 451 quod
555 405 602 440 tu
623 402 817 452 jussisti;
850 407 1089 461 etiamfiwi,
1112 423 1239 461 qicam
1256 413 1392 462 potui,
1415 414 1507 453 dili-

36 457 202 502 genter,
220 459 270 494 αι
281 457 382 495 linio
395 469 517 497 novoe
531 460 732 511 miraeque
744 462 975 502 indus-trice
989 465 1285 517 impressorum
1304 469 1393 520 ipse
1409 484 1507 522 quo-

43 521 126 560 que
140 523 221 562 pro
240 513 354 552 virili
373 516 619 556 auaviliarer.
663 516 845 559 Deinde:
882 521 1003 567 Quod
1022 522 1079 561 ad
1107 537 1170 563 me
1190 525 1382 575 attinuit,
1404 540 1507 568 nus-

43 578 171 617 quam
187 571 378 610 curiosus
393 572 601 625 inteopres
616 579 695 614 aut
706 575 931 625 divinator,
948 579 1059 617 nihil
1070 586 1230 632 prceter
1244 595 1381 622 meum
1400 585 1507 624 labo-

41 635 131 663 rem
151 629 191 665 et
211 626 476 678 diligentiam
496 632 643 671 attuli:
684 645 783 684 quoe
802 635 972 673 utinam
992 640 1116 676 tanta
1135 638 1291 692 suerit,
1313 645 1364 679 ut
1383 641 1506 682 libra-

41 680 203 721 riormn
224 684 416 724 tollendis
435 688 644 728 errwibus
663 690 933 743 satisfecerit!
967 692 1088 733 Certe
1107 696 1156 734 in
1174 695 1248 735 lma
1256 696 1354 749 fuit
1373 701 1506 739 mam·-

42 750 126 786 ma,
149 743 201 779 ut
221 740 335 781 Livii
355 743 614 794 majestatem
643 747 906 801 qffectatimze
925 749 1088 801 ingenii
1109 765 1323 805 nusquam
1342 757 1505 797 minue-

40 807 140 835 rem.
200 796 389 838 Andreae
424 799 542 840 velut
573 802 868 858 praescriptum
908 819 992 845 una
1023 821 1118 847 cum
1151 809 1398 864 praefatione
1433 828 1504 854 ex-

38 861 281 905 presserunt
319 853 399 906 (ita
430 863 586 908 tamen,
623 867 671 900 ut
701 859 930 902 identidem
960 862 1014 903 ab
1044 879 1093 904 eo
1122 866 1383 922 recesserint)
1409 870 1502 910 Me-

38 906 304 961 diolanensis‚
341 921 473 955 artem
509 922 551 956 et
587 915 794 972 impensas
834 917 1010 960 laudans
1047 921 1156 962 Phili
1190 923 1234 978 pi
1271 924 1500 981 Lavagniae

36 976 374 1009 MCCCCLxxvnl:
410 970 634 1013 Tarvisina
646 981 844 1030 utraque,
861 976 1043 1018 referens
1059 977 1133 1019 has
1179 980 1324 1021 ecades
1340 997 1364 1022 a
1381 982 1502 1025 Luca

38 1021 173 1064 Porro
202 1023 519 1082 diligentissime
548 1030 784 1081 recensitas,
806 1032 938 1088 praelo
967 1035 1204 1091 suppositas
1233 1038 1364 1079 fuisse
1384 1054 1409 1080 a
1428 1042 1497 1081 Jo.

36 1078 287 1124 Vercellensi
316 1096 640 1134 MCCCCLxxx113
684 1095 725 1128 et
746 1089 900 1130 iterum
931 1090 1100 1146 quinto,
1145 1108 1242 1148 quae
1273 1094 1370 1136 duae
1400 1105 1500 1139 sunt

35 1134 241 1180 editiones
261 1139 438 1183 diversae
490 1158 534 1183 er
553 1143 706 1194 omnia,
728 1160 825 1195 non,
849 1153 897 1187 ut
918 1161 1030 1188 nunc
1050 1148 1264 1190 interdum
1295 1151 1497 1205 illudunt,

67 1192 221 1236 rimum
252 1197 378 1239 modo
407 1158 556 1240 follium
586 1216 683 1241 cum
713 1216 822 1243 anno
851 1203 1007 1246 habent
1038 1213 1267 1248 mutatum:
1315 1208 1499 1266 duaeque

34 1207 224 1303 genetae,
245 1269 344 1310 quae
364 1270 440 1311 per
471 1256 829 1300 Bartholomaeum
850 1260 902 1301 de
925 1261 1052 1302 Zanis
1072 1277 1097 1302 a
1118 1263 1308 1305 Portesio
1335 1280 1499 1310 summa

32 1305 243 1351 industria
255 1326 297 1352 se
310 1312 522 1354 conditam
535 1323 676 1357 cantat
692 1328 991 1368 MCCCCXCVIII,
1006 1326 1047 1359 et
1061 1334 1158 1375 quae
1174 1335 1249 1376 per
1264 1321 1496 1379 Georgium

32 1362 87 1405 de
120 1365 391 1410 Rusconibus
425 1370 783 1414 Mediolanensem
815 1387 916 1415 MDI.
978 1376 1073 1415 Non
1106 1377 1242 1418 multo
1282 1380 1425 1431 serior,
1461 1383 1494 1424 si

33 1434 117 1462 non
146 1424 361 1480 antiquior
391 1426 662 1483 quibusdam,
684 1438 746 1472 est
778 1431 1049 1482 Bcchariana,
1075 1432 1221 1475 charta
1251 1436 1493 1494 ὄκταπτύχῳ,

33 1477 95 1530 (et
156 1480 305 1523 rimam
335 1497 384 1523 ea
412 1483 548 1525 forma
576 1494 829 1529 contractam
859 1488 967 1529 hanc
996 1504 1155 1539 censeo,
1177 1506 1251 1532 nec
1281 1493 1382 1543 vidi,
1414 1496 1493 1537 nisi

30 1494 154 1591 quog
170 1537 305 1580 habeo
319 1540 411 1595 ejus
432 1542 639 1597 specimen
655 1558 680 1584 a
697 1545 836 1586 Tobia
852 1546 1037 1587 Andreae
1057 1547 1280 1604 donatum)
1299 1550 1492 1594 dissimu-

30 1590 118 1634 lato
137 1593 229 1635 loco
256 1603 298 1637 et
327 1604 530 1654 tempore,
553 1615 680 1641 unam
723 1603 936 1643 2raeferens
966 1603 1190 1660 utriusque
1219 1614 1375 1658 notam,
1398 1610 1491 1650 Au-

29 1650 190 1705 gustini
212 1653 406 1695 Becharii
423 1656 648 1698 sacerdotis
670 1617 725 1698 ad
741 1659 950 1701 studiosos
970 1659 1218 1717 alloquium,
1237 1664 1353 1719 quod
1376 1667 1490 1708 testi-

28 1706 170 1748 monio
200 1709 463 1763 Quintiliani,
493 1714 831 1771 Hieronymique
860 1732 908 1757 ac
939 1716 1065 1758 Plinii
1094 1720 1408 1762 narratiuncula
1437 1723 1489 1764 de

30 1762 245 1807 Gaditano
281 1768 534 1810 Patavinum
569 1770 727 1813 visente
762 1782 935 1815 constat.
997 1775 1069 1815 Ab
1105 1775 1249 1817 eodem
1287 1778 1489 1821 Bechario

25 1820 249 1864 «Iustinum
280 1825 344 1865 M.
367 1827 555 1868 Antonio
587 1829 737 1870 Coccio
761 1830 964 1871 Sabellico
993 1832 1254 1888 recognitum
1284 1836 1488 1890 prodiisse

27 1883 209 1921 testatur
230 1881 359 1923 Matt.
383 1883 686 1941 Berneggerus.
749 1887 947 1928 Proxima
966 1888 1068 1929 mihi
1099 1889 1240 1931 oblata
1260 1900 1336 1942 est,
1358 1908 1487 1948 quam

27 1932 217 1978 Lutetiae
239 1951 410 1979 MDxnI.
429 1941 566 1983 emisit
587 1943 777 1984 Jodocus
798 1944 959 1986 Badius
980 1946 1218 1988 Ascensius.
1236 1947 1270 1988 is
1290 1948 1486 1992 lectorem

24 2000 166 2034 monet
197 1994 410 2050 superiore
439 2006 592 2040 conatu
619 2008 715 2041 ante
744 2001 960 2043 biennium
989 2018 1137 2059 operas
1167 2019 1261 2045 suas
1291 2005 1486 2063 deceptas

24 2047 181 2101 codice,
214 2051 289 2107 qui
323 2051 388 2093 M.
425 2054 676 2097 Sabellicum
707 2066 943 2100 exactorem
975 2060 1238 2116 praedicaret,
1271 2062 1484 2118 plusculas

22 2106 196 2148 mendas
224 2123 308 2150 non
337 2112 556 2154 exemisse:
608 2129 695 2170 quo
725 2116 867 2164 serius,
885 2125 1099 2172 comperto
1129 2133 1171 2158 se
1200 2133 1364 2161 curasse
1391 2122 1484 2163 reli-

23 2162 145 2217 quias
167 2164 365 2208 Livianas
394 2183 490 2210 cum
511 2169 654 2211 decem
675 2171 850 2213 diversae
880 2182 1057 2215 monetae
1077 2182 1152 2216 aut
1173 2176 1392 2232 scripturae
1413 2194 1483 2220 ex-

22 2219 280 2275 emplaribus
300 2224 477 2267 conferri
494 2242 519 2267 a
536 2227 757 2269 Gerhardo
773 2229 1021 2271 Vercellensi
1039 2232 1286 2287 Burgundo.
1333 2236 1481 2291 Atque

19 2273 87 2317 hae
116 2292 259 2320 omnes
274 2279 382 2322 libro
402 2283 527 2324 tertio
544 2292 585 2326 et
602 2285 817 2341 trigesimo
846 2302 1084 2344 magnaque
1105 2297 1225 2345 parte
1245 2291 1479 2348 quadrage-

20 2331 130 2384 simi,
151 2335 283 2378 finitae
304 2337 459 2381 scilicet
478 2339 521 2381 in
541 2341 608 2383 his
628 2343 765 2385 verbis
785 2358 875 2400 cap.
893 2345 960 2387 37.
973 2360 1053 2399 per
1071 2348 1212 2387 omnia
1221 2349 1325 2402 fora
1346 2353 1479 2390 conci-

19 2389 262 2446 liabulaque
281 2396 520 2448 edioeerunt,
541 2397 844 2442 destituuntur.
867 2417 945 2457 ego
964 2410 1105 2443 autem
1127 2405 1302 2455 cunctis,
1324 2415 1477 2461 praeter

21 2445 318 2504 campanicam
357 2461 398 2494 et
440 2452 620 2510 priorem
667 2457 948 2509 Tarvisinam,
990 2468 1038 2501 ut
1084 2460 1300 2511 inciderat,
1342 2464 1474 2518 quod,

16 2505 377 2559 quemadmodum
396 2509 625 2568 aliquando
645 2512 800 2556 lectum
821 2524 941 2567 esset,
963 2531 1129 2559 noscere
1149 2517 1312 2559 animus
1331 2519 1473 2570 ferret,

18 2573 122 2602 usus
143 2576 247 2604 sum.
308 2567 471 2610 Praeter
496 2569 572 2611 has
591 2570 715 2612 video
744 2571 907 2614 laudari
928 2588 953 2614 a
974 2574 1220 2616 Robortello
1251 2574 1472 2617 Melehjori

19 2616 182 2661 Suessae
202 2619 471 2676 elaboratam,
487 2634 529 2669 et
550 2627 603 2669 ab
623 2627 729 2679 aliis,
746 2629 939 2671 Antonio
961 2631 1147 2673 Zarotho
1167 2647 1218 2673 ex
1238 2632 1472 2674 recensione

17 2672 135 2716 Petri
181 2677 212 2717 J
214 2678 342 2720 ustini
389 2682 602 2741 Philelphi
649 2685 845 2742 impensis
891 2688 922 2728 J
924 2703 960 2728 o.
1004 2688 1194 2744 Legnani
1240 2688 1470 2729 Mediolani

15 2743 296 2775 Mccchxxx.
328 2738 569 2782 confectam.
600 2742 672 2785 sed
708 2743 789 2794 hae,
820 2750 861 2785 et
896 2745 1144 2800 complures,
1180 2745 1341 2800 opinor,
1377 2745 1469 2787 aliae

14 2788 157 2831 oculos
186 2805 298 2834 meos
326 2793 541 2850 fugerunt.
602 2800 730 2840 Anno
758 2800 939 2856 proximi
970 2801 1096 2842 seculi
1132 2809 1278 2842 octavo
1307 2801 1467 2864 decimo

13 2846 208 2899 provenit
238 2849 591 2905 Magontiacensis
619 2856 734 2911 apud
756 2858 825 2898 Jo.
851 2858 1107 2899 Schefferum
1138 2859 1205 2897 JO.
1230 2859 1377 2899 Fausti
1398 2874 1466 2898 ne-

69 2926 163 2958 vot„
186 2929 241 2957 ιν.
815 2926 879 2964 *11
