1805 3174
476 88 863 128 HISTORIARUM
894 88 1099 127 LIBROS.

119 203 209 234 gatus
221 202 252 229 in
263 202 366 230 deceni
379 201 417 229 :ul
430 209 475 228 res
489 200 571 228 Asim
583 200 759 238 disceptan-

118 244 173 272 ‹las
189 245 491 282 coniponendasque,
509 248 562 276 37.
578 247 629 273 55.
641 244 760 282 legatus

120 287 151 315 in
178 288 310 317 Galliam
340 286 575 325 Transalpinam
610 287 761 325 mittitur,

119 334 174 366 39,
193 335 245 360 54.

77 374 120 405 Q.
138 374 296 402 Minucius
307 372 633 407 Tliermus,tribunus
652 375 765 412 plebis,

64 441 67 445 ,
118 420 175 452 30,
192 420 242 445 40.
261 417 356 445 aedilis
370 416 497 452 curulis,
514 420 570 452 32,
584 421 634 447 27.
654 419 765 447 trium-

119 460 167 488 vir
183 460 301 490 colonis
315 460 516 496 deducendis,
536 464 586 490 29.
606 465 636 489 et
653 465 765 498 34,45.

119 506 245 541 praetor,
275 507 329 539 33,
346 507 394 532 24.
428 503 558 532 sortitur
574 504 762 543 Hispaniam

118 546 306 583 citeriorem,
325 549 377 576 26.
403 547 494 575 caedit
520 546 696 585 Hispanos,
712 552 764 577 44.

120 590 308 628 triumphat,
334 594 389 627 34,
417 594 466 618 10.
490 592 613 627 consul,
631 595 682 620 54.
700 592 767 628 ejus

121 633 154 661 in
178 633 305 670 Liguria
328 642 374 662 res
391 637 498 672 gcstm,
515 638 569 666 35.
588 639 619 664 8.
643 635 671 663 ei
696 644 765 664 cum

120 675 255 705 exercitu
271 677 302 706 in
315 676 482 715 Liguribus
498 682 699 715 prorogatum
710 679 767 707 im-

122 719 253 758 perium,
278 724 331 750 20.
348 729 418 749 cum
438 720 605 757 Liguribus
623 731 768 760 prospere.¹

122 767 254 801 pugnat.
272 767 324 793 21.
340 762 406 802 ejus
433 768 534 792 castra
557 765 691 803 aggressi
716 766 768 794 Li-

123 815 213 845 gures
230 806 435 844 repelluntur,
453 809 508 841 36,
521 811 574 837 38.
590 809 617 837 ei
635 813 768 847 negatur

122 849 313 887 triumphus,
335 854 391 887 37,
417 853 468 878 46.
495 850 616 889 legatus
632 852 770 881 mittitur

123 893 156 921 in
173 893 276 922 decem
295 893 331 922 ad
350 903 395 922 res
412 892 495 922 Asiae
521 895 769 933 constituendas,

125 939 176 964 55.
201 936 392 966 interficitur
420 937 453 967 iu
483 939 596 976 proelio
623 939 768 968 adversus

134 979 283 1013 Thraces,
299 984 353 1017 38,
368 984 422 1011 41.

79 1022 129 1052 Ti.
143 1022 317 1062 Minucius,
339 1025 461 1061 consul,
481 1025 579 1054 vincit
602 1025 770 1063 Samnites,

122 1069 155 1098 9,
180 1070 232 1096 44.

86 1109 300 1138 Ti.Minncius
311 1108 503 1145 Molliculus,
514 1114 635 1140 creatus
646 1116 771 1150 praetor,

127 1152 258 1181 sortitur
283 1152 534 1190 jurisdictionem
563 1156 769 1194 peregrinam,

126 1198 182 1231 40,
196 1199 247 1224 35.
265 1197 410 1232 moritur,
427 1200 479 1226 37.

82 1238 118 1267 Τ.
133 1238 293 1267 Minucius
310 1240 424 1276 Rufus,
439 1243 493 1275 42,
512 1243 562 1268 54.

84 1280 238 1311 Miracula
262 1283 322 1312 fere
348 1284 461 1313 adficta
480 1283 556 1312 loeis
582 1283 771 1325 insignibus,

128 1328 183 1362 24,
200 1329 230 1355 3.

87 1368 276 1398 Miraculum
290 1368 323 1398 in
336 1369 387 1398 Ti.
402 1370 526 1408 Atinio,
539 1374 665 1410 repente
674 1381 769 1401 mem-

129 1411 192 1440 bris
223 1411 370 1441 omnibus
396 1417 502 1452 capto,
534 1424 605 1444 mox
636 1424 712 1444 sano
736 1424 771 1444 ac

129 1457 255 1494 vegeto,
274 1459 306 1491 2,
324 1457 375 1484 36.

87 1497 236 1527 Min-anda
250 1502 281 1526 et
299 1498 477 1537 prodigiosa
503 1509 566 1538 quo
594 1501 691 1539 magis
707 1510 771 1529 cre-

129 1541 260 1577 duntur,
284 1550 320 1570 eo
343 1540 434 1580 plura
455 1544 700 1579 annunciantun
717 1549 770 1578 24,

133 1588 183 1614 10.

88 1627 278 1666 MisageneS,
296 1627 470 1657 Masinissae
486 1629 579 1664 filius,
593 1630 707 1659 auxilio
720 1639 771 1658 ve-

130 1671 178 1700 nit
196 1671 355 1704 Romanis,
373 1675 428 1708 42,
446 1676 497 1703 29.
512 1675 563 1701 62.
588 1676 640 1702 65.
665 1679 693 1701 et
721 1676 771 1704 67.

129 1713 196 1750 ejus
214 1714 320 1744 classis
343 1714 530 1753 dispergitur
556 1715 588 1745 in
613 1716 773 1745 Adriatico

129 1757 221 1794 mari,
246 1757 373 1795 ipseque
396 1768 477 1796 aeger
505 1759 706 1789 Brundisium
724 1761 774 1789 de-

129 1801 242 1837 fertur,
257 1804 309 1835 45,
330 1805 376 1830 14.
394 1802 422 1830 ci
438 1811 456 1831 a
471 1802 622 1832 Romanis
646 1813 775 1833 munera

132 1844 217 1876 data,
235 1843 312 1874 ibid.

91 1887 208 1917 Miseni
223 1888 486 1925 promontorium,
504 1893 558 1924 24,
582 1894 628 1919 13.

91 1930 224 1960 Missilia
239 1930 313 1966 tela,
324 1935 356 1963 9,
371 1935 424 1960 35.
442 1935 497 1968 38,
519 1937 566 1963 19.
582 1938 612 1962 ct
628 1937 678 1962 20.

91 1973 306 2009 Mithridates,
322 1973 403 2002 filius
420 1975 584 2012 Antiochi,
599 1981 652 2009 33,
672 1981 718 2007 19.

93 2016 307 2053 Mithridates,
324 2017 417 2046 Ponti
433 2026 494 2052 rex,
511 2020 618 2048 Asiam
631 2023 775 2057 occupat,

133 2059 220 2098 Epit.
235 2063 287 2090 78.
301 2059 337 2088 ad
352 2059 518 2099 Tigranem
530 2063 775 2101 confugit,Epit.

135 2107 189 2134 97.
206 2111 224 2131 a
239 2102 303 2131 filio
320 2102 477 2133 Pharnace
493 2105 526 2133 in
554 2107 636 2141 regia
658 2106 777 2136 obside-

134 2149 201 2182 tur,
219 2145 304 2184 Epit.
325 2149 395 2174 102.
411 2147 691 2183 interficitunibid.

95 2189 259 2227 Mitylene,
277 2193 332 2225 37,
349 2193 400 2218 21.

94 2232 282 2270 Mitylenaeae
299 2232 452 2269 triremes,
468 2238 523 2271 37,
540 2239 587 2265 12.

96 2275 208 2314 Mitys,
224 2276 337 2313 amnis,
354 2279 408 2310 44,
427 2281 456 2306 7.

95 2318 321 2355 Mnesilochum
334 2319 476 2358 princeps
487 2320 780 2360 Acarnanumgen·

139 2365 202 2391 tem
215 2370 301 2391 suam
311 2363 458 2392 conciliat
468 2364 641 2396 Antiocho.
659 2368 714 2402 36,
732 2369 779 2393 11.

140 2409 171 2434 et
192 2408 238 2433 12.
256 2415 326 2435 eum
356 2406 414 2435 sibi
441 2407 509 2436 dedi
535 2408 695 2446 postulant
718 2409 780 2438 Ro-

142 2448 240 2484 mani,
256 2453 310 2482 37,
328 2453 380 2478 45.
392 2453 446 2485 38,
462 2454 517 2480 38.

97 2491 272 2528 Moagetes,
301 2496 456 2530 tyrannus
496 2493 629 2532 Cibyrae,
661 2494 784 2532 cogitur

140 2537 268 2563 centum
285 2536 417 2571 talenta,
433 2540 465 2565 et
481 2537 584 2566 decem
602 2538 699 2566 millia
722 2547 783 2566 me-

142 2576 285 2607 dimnnm
303 2579 451 2608 frumenti
468 2581 599 2618 pendere
624 2581 784 2614 Romanis,

141 2624 197 2656 38,
217 2623 266 2648 14.
317 2648 320 2651 .

102 2662 330 2701 Moenicaptus,
353 2665 513 2696 Gallorum
538 2666 675 2706 regulus,
701 2666 783 2695 cadit

144 2706 178 2734 in
194 2706 315 2744 proelio,
328 2711 381 2744 24,
395 2713 445 2740 42.

103 2748 214 2786 Moesi,
230 2758 302 2788 pop.
319 2750 405 2788 Epit.
419 2756 490 2782 134.

102 2792 263 2830 Molossis,
284 2792 369 2831 Epiri
384 2794 482 2832 regio,
503 2799 532 2829 8,
551 2799 602 2824 24.
619 2798 674 2832 45,
693 2797 744 2824 26.

103 2835 243 2866 Muneris
270 2836 368 2872 navis,
383 2840 437 2874 38,
454 2841 507 2868 38.
540 2841 543 2843 “

161 2891 255 2918 vol..
294 2892 349 2918 IV.

1423 92 1499 136 369

814 199 954 227 Monetae
972 200 1049 228 mdes
1067 203 1161 237 atque
1173 200 1348 238 officina‚4,
1364 209 1391 234 7.
1406 211 1434 235 et
1444 212 1494 236 20.

860 245 891 279 6,
909 246 960 272 20.
976 248 1031 278 33,
1050 246 1101 272 26.
1119 244 1182 272 vicl.
1197 244 1294 273 duno.

816 285 1061 322 Monomacliiae,
1079 291 1111 323 7,
1131 291 1179 316 10.
1201 292 1231 316 ct
1257 291 1306 317 26.
1326 293 1358 327 8,
1380 295 1409 321 7.
1422 299 1450 322 ce
1468 298 1496 322 s,

858 334 910 366 23,
927 332 981 360 46.
997 335 1025 359 ct
1039 335 1089 361 47.
1108 334 1161 368 25,
1186 333 1231 359 is.

815 373 1009 411 Monopodia
1025 374 1149 411 quando
1172 374 1318 412 primum,
1333 379 1364 404 et
1387 386 1406 406 a
1428 379 1496 416 qui-

856 416 928 452 bus,
947 417 1078 446 Romam
1095 417 1235 451 advecta,
1247 422 1300 451 39,
1315 421 1343 447 6.

813 459 908 488 Mons
927 460 1029 493 Sacer,
1055 465 1087 496 2,
1113 465 1165 491 32.
1191 462 1321 490 secessio
1344 463 1442 501 plebis
1463 465 1494 494 in

858 503 988 531 Lacrum
1003 508 1155 541 montem,
1172 504 1245 533 'ibid-
1263 505 1382 534 tribuni
1400 507 1498 545 plebis

857 545 889 575 in
915 546 1008 575 Sacro
1034 552 1141 576 monte
1168 548 1275 583 creati,
1299 553 1352 579 33.
1378 550 1420 580 ibi
1449 561 1497 581 sa-

856 593 942 618 crata
960 591 1006 619 lex
1024 590 1101 623 lata,
1119 591 1195 621 ibid.

816 630 987 671 Mopsiani,
1002 635 1067 662 sive
1079 634 1273 672 Mopsiorum
1283 635 1389 670 factio.
1401 642 1453 673 23,
1470 643 1497 669 1.

814 674 986 714 Mopsium,
1003 677 1158 714 tumulus,
1174 682 1229 715 42,
1245 682 1296 707 61.
1310 684 1341 708 et
1357 682 1408 712 67.

814 720 955 756 Morcus,
971 720 1090 758 legatus
1109 721 1214 752 Gentii
1225 724 1262 752 ad
1275 723 1426 759 Rhodios,
1443 730 1497 764 44,

857 767 907 792 23.

814 806 1018 844 Morgantina
1034 807 1119 842 urbs,
1134 808 1197 838 vid.
1208 809 1399 845 Murgantia.

814 849 1011 879 Mortuornm
1038 851 1232 881 laudationes
1259 853 1373 882 vitiant
1395 864 1497 886 rerum

856 893 1013 930 historias,
1037 898 1066 927 8,
1085 898 1136 924 40.

814 936 934 965 Mortui
966 946 1035 966 cum
1059 937 1232 974 insignibus
1256 939 1411 970 honorum
1435 950 1500 971 cre-

857 983 995 1015 mantur,
1008 984 1061 1014 34,
1080 985 1108 1011 7.

815 1022 951 1059 Morzes,
967 1024 1202 1061 Paphlagonum
1228 1034 1292 1060 rex,
1307 1029 1361 1059 38,
1381 1029 1431 1055 26.

815 1066 921 1095 Mucia
944 1071 1044 1104 prata,
1071 1067 1114 1095 sic
1145 1067 1244 1096 dictus
1275 1077 1360 1107 ager,
1390 1070 1497 1099 Mucio

857 1109 982 1138 virtutis
1000 1118 1109 1138 caussa
1126 1113 1212 1139 trans
1238 1111 1376 1142 Tiberim
1393 1113 1496 1147 datus,

860 1156 892 1188 2,
913 1156 959 1181 13.

816 1197 849 1226 C.
867 1196 1005 1231 Mucius,
1024 1196 1204 1225 adolescens
1216 1196 1344 1234 nobilis,
1355 1202 1498 1236 penetrat

857 1238 889 1268 in
906 1243 1006 1267 castra
1019 1239 1169 1277 hostium,
1188 1245 1218 1277 2,
1238 1245 1284 1269 12.
1299 1242 1429 1271 scribam
1443 1252 1499 1281 pro

858 1291 928 1321 rege
950 1282 1131 1317 obtruncat,
1160 1283 1234 1313 ibid.
1269 1284 1398 1314 incenso
1428 1287 1498 1315 foco

857 1325 994 1354 dextram
1011 1326 1126 1363 injicit,
1138 1327 1211 1355 ibid.
1228 1327 1411 1363 dimittitur,
1426 1330 1499 1358 ibid.

857 1368 884 1397 ei
901 1378 973 1408 ager
987 1378 1005 1398 a
1017 1369 1160 1398 Patribus
1172 1370 1322 1400 Romanis
1337 1371 1498 1409 datur‚13.

857 1421 912 1441 cur
928 1412 1066 1442 Scaevola
1078 1413 1192 1449 dictus,
1208 1414 1282 1444 ibid.

816 1456 847 1483 P.
866 1456 990 1484 Mucius
1006 1455 1155 1490 Scaevola,
1175 1462 1298 1494 praetor,
1313 1458 1443 1487 sortitur
1453 1458 1500 1488 Si-

858 1498 971 1531 ciliam,
986 1502 1040 1535 40,
1057 1503 1107 1528 44.
1125 1500 1247 1537 consul,
1271 1504 1325 1538 41,
1352 1506 1401 1530 22.
1420 1503 1499 1540 petit

858 1551 1031 1577 censuram,
1055 1546 1110 1578 43,
1130 1545 1176 1571 16.

816 1585 856 1617 Q.
868 1585 992 1614 Mucius
1004 1585 1142 1614 Scaevola
1161 1590 1274 1624 praetor
1290 1591 1422 1621 creatur,
1442 1593 1495 1626 23,

860 1632 911 1657 24.
943 1628 1114 1658 Sardiniam
1147 1630 1290 1664 sortitur,
1319 1635 1371 1659 30.
1404 1632 1499 1670 longo

859 1671 968 1701 morbo
984 1671 1166 1709 implicitus,
1184 1674 1221 1701 ad
1239 1673 1308 1703 belli
1326 1674 1386 1703 vim
1405 1676 1499 1704 susti-

861 1715 997 1743 nendum
1015 1715 1051 1743 fit
1066 1715 1200 1752 inutilis,
1218 1720 1270 1746 34.
1287 1722 1317 1745 et
1332 1721 1383 1746 40.

818 1758 859 1790 Q.
873 1758 997 1787 Mucius
1008 1758 1158 1795 Scaevola,
1169 1759 1320 1789 decemuir
1330 1769 1500 1798 sacrorum,

861 1801 1006 1836 moritur,
1032 1806 1085 1838 27,
1103 1806 1132 1831 8.

819 1844 858 1876 Q.
872 1844 996 1873 Mucius
1008 1845 1157 1880 Scaevola,
1167 1850 1292 1884 praetor,
1311 1846 1499 1884 sortitur-jn-

861 1888 1072 1917 risdictionem
1087 1890 1361 1925 urbanam,40‚44.
1373 1892 1499 1925 consul,

863 1935 916 1967 41,
945 1933 997 1961 26.
1018 1932 1163 1961 tribunus
1190 1933 1338 1969 militum,
1365 1936 1421 1970 42,
1448 1938 1498 1963 49.

862 1974 929 2011 ejus
946 1984 992 2003 res
1009 1980 1116 2014 gestae,
1134 1979 1183 2004 58.
1202 1976 1334 2014 legatus,
1353 1979 1406 2007 67.

821 2018 1025 2055 Mugillanus,
1043 2030 1051 2046 t
1063 2019 1105 2047 id.
1123 2019 1271 2057 Papirius.

821 2061 911 2091 Mula
926 2062 1020 2099 parit,
1035 2062 1097 2091 vid.
1121 2062 1312 2102 Prodigium.

823 2104 1018 2135 Mulctaticia
1042 2106 1183 2144 pecunia,
1207 2116 1243 2134 ex
1259 2115 1320 2144 qua
1335 2106 1398 2135 ludi
1416 2106 1504 2142 facti,

868 2151 919 2183 10,
936 2151 988 2177 23.

823 2191 1027 2221 Mulctaticiae
1050 2191 1143 2227 leges,
1160 2192 1222 2221 vid.
1240 2191 1311 2221 Lex.

824 2234 1054 2264 Mulctaticium
1070 2238 1246 2273 argentum,
1257 2235 1504 2270 vid.Argentum.

825 2277 905 2307 Muli
922 2277 1070 2306 clitellarii
1088 2278 1231 2307 instructi
1250 2278 1287 2307 ad
1312 2278 1430 2307 hostem
1448 2279 1506 2307 sal-

868 2321 1006 2357 lendum,
1021 2326 1052 2357 7,
1075 2324 1118 2350 14.
1136 2325 1185 2357 10,
1198 2325 1251 2350 40.

826 2364 918 2400 Muli,
934 2364 1144 2397 tabernacula,
1161 2367 1192 2393 et
1202 2364 1307 2393 omnia
1317 2363 1377 2392 alia
1390 2364 1506 2392 instru-

868 2410 975 2437 menta
986 2407 1144 2444 militaria,
1155 2407 1385 2442 magistratibus
1395 2407 1426 2435 in
1437 2417 1507 2445 pro-

869 2451 986 2479 vincias
1003 2451 1092 2479 ituris
1110 2451 1348 2480 subministrata
1369 2451 1405 2479 dc
1428 2450 1507 2490 pub-

869 2494 942 2530 lico,
958 2498 1011 2529 42,
1033 2498 1057 2522 1.

828 2537 991 2566 Muliebris
1006 2538 1137 2565 servitus
1157 2545 1324 2575 numquam
1338 2536 1428 2564 salvis
1445 2535 1509 2564 suis

871 2581 1007 2616 exuitur,
1024 2585 1078 2616 34,
1094 2584 1125 2610 7.

830 2623 991 2652 Muliebris
1002 2623 1109 2656 vestis,
1122 2632 1190 2660 quae
1204 2622 1298 2661 pluris
1309 2625 1402 2657 esset,
1417 2629 1508 2658 quam

873 2667 1049 2704 quindecim
1067 2666 1199 2696 millium
1228 2666 1307 2700 reris,
1324 2665 1355 2693 in
1381 2672 1509 2692 censum

873 2710 982 2739 deferri
992 2710 1091 2748 jussa,
1108 2714 1163 2745 39,
1176 2712 1229 2738 44.

831 2753 977 2782 Mulieres
993 2754 1113 2786 urbem,
1125 2760 1217 2789 quam
1228 2749 1319 2778 armis
1334 2749 1389 2777 viri
1405 2749 1511 2778 defen-

874 2797 944 2825 dere
960 2805 1022 2825 1101]
1040 2799 1179 2834 possent,
1197 2793 1338 2830 precibus
1365 2792 1511 2821 lacrimis·-

874 2848 933 2876 que
956 2839 1138 2871 defendunt,
1156 2840 1186 2869 2,
1204 2838 1255 2863 40.

872 2880 943 2919 nb
