1826 3149
125 196 214 229 U.C.

122 240 152 270 A
178 239 216 271 C.

342 80 413 121 192
857 77 1002 115 ΤῙΤῙ
1052 77 1227 116 LIVII

228 197 300 228 585
334 185 496 238 populus
518 185 746 227 Romanus.
741 184 762 216 2³
782 185 930 226 Hinc
903 200 998 239 Jam
1018 201 1112 237 77077,
1133 188 1239 242 quod
1247 185 1409 239 factum
1431 193 1498 236 est,
1521 185 1751 239 defensurus

231 240 301 270 167.
335 257 436 292 sum,
468 248 561 296 (non
593 245 691 283 adeo
722 244 894 294 insanio)
912 245 982 283 sed
1006 219 1205 296 publicam
1236 259 1420 285 caussam
1450 259 1475 285 a
1504 246 1748 297 privatorum

337 272 453 353 culp’a
474 308 770 354 segregaturus.
832 300 957 340 Nulla
979 302 1078 340 enim
1101 309 1158 340 est
1188 302 1339 350 civitas,
1359 316 1446 356 97776
1465 317 1541 342 77077
1563 309 1597 342 et
1618 302 1748 353 inpro-

335 359 400 398 bos
419 358 520 398 cives
541 358 768 411 aliquanda,
790 364 827 396 et
852 357 1063 409 inperitam
1093 359 1379 399 multitudinem
1407 373 1560 412 semper
1590 359 1747 399 habeat.

341 415 474 455 Etiam
495 416 602 467 apud
622 428 687 454 vos
696 413 831 465 fuisse
852 415 1000 463 audivi,
1018 416 1084 469 qui
1103 417 1348 456 adsentando
1368 417 1612 457 multitudini
1629 430 1749 471 gras-

332 478 539 512 sarentur:
558 478 593 510 et
612 472 808 511 secessisse
829 472 1041 525 aliquando
1062 486 1086 512 a
1107 473 1211 513 vobis
1227 473 1391 525 plebem,
1409 489 1477 514 nec
1495 474 1537 514 in
1556 480 1748 526 potestate

333 536 461 570 vestra
476 529 748 580 rempublicam
752 527 895 580 fuisse.
927 530 973 570 Si
989 531 1059 569 hoc
1073 530 1114 570 in
1132 530 1206 569 hac
1220 537 1301 570 tam
1317 531 1411 571 bene
1424 538 1582 572 morata
1596 531 1750 571 civitate

334 587 513 626 accidere
534 586 678 637 poluit,
697 586 834 626 mirari
849 587 1052 640 quisquam
1071 594 1211 638 potest,
1228 587 1523 641 aliquosfuisse
1539 589 1646 640 apud
1662 602 1746 636 nos,

333 658 412 697 9777,
434 643 541 697 regis
562 643 778 683 amicitiam
799 651 986 695 petentes,
1009 645 1160 696 plebem
1175 651 1351 685 nostram
1369 646 1539 685 consiliis
1555 647 1750 697 deprava-

335 699 453 740 rent?
484 700 549 754 qui
580 707 708 740 tamen
741 701 838 740 nihil
868 702 973 741 ultra
1004 702 1230 750 valuerunt,
1253 717 1375 756 9770777
1395 710 1437 743 7ιί
1467 704 1507 743 in
1527 700 1651 758 officio
1672 716 1752 742 ces—

333 771 526 797 saremus.
590 758 681 798 Non
699 758 909 810 proeteribo
929 759 983 807 id,
1001 761 1102 812 quod
1120 759 1399 814 gravissimum
1421 767 1478 800 est
1499 761 1541 800 in
1562 761 1632 800 hoc
1651 759 1752 800 bello

336 815 478 855 crimen
499 814 666 855 civitatis
684 822 841 856 77031776.
901 816 1084 869 Legatos
1103 818 1238 856 eodem
1276 824 1445 869 tempore
1465 824 1500 857 et
1531 818 1585 857 ad
1613 830 1691 865 7703,
1715 823 1752 857 et

336 873 392 912 ad
412 874 563 913 Persea
577 874 625 912 de
642 887 742 924 pace
763 873 939 913 misimus
952 889 964 912 :
996 875 1098 926 quod
1118 872 1256 925 infelix
1277 875 1479 915 consilium
1489 873 1670 926 furiosus
1691 876 1751 927 (ut

336 936 473 982 postea
494 930 736 984 audivimus)
759 937 890 970 orator
909 930 1185 970 stultissimum
1204 929 1306 983 fecit
1320 947 1333 970 .·
1364 945 1474 984 9776777
1501 932 1557 972 sic
1577 931 1751 971 locutum

337 993 506 1037 constat,
524 994 728 1041 {amquam
753 988 800 1029 C.
823 987 1020 1040 Popillius
1041 988 1198 1041 legatus
1212 989 1435 1038 Romanus,
1453 1003 1563 1042 quem
1586 990 1641 1028 ad
1660 989 1751 1028 sub-

338 1045 547 1085 movendos
562 1058 588 1084 a
606 1044 708 1084 bello
722 1044 956 1085 Antiochum
973 1052 1010 1085 et
1029 1046 1289 1086 Ptolemaeum
1309 1060 1420 1101 reges
1434 1046 1607 1094 misistis,
1623 1046 1750 1100 loque-

335 1108 454 1142 retur.
485 1101 566 1143 Sed
588 1108 718 1142 tamen
740 1115 800 1151 ea,
822 1101 905 1142 sive
923 1103 1107 1155 superbia
1128 1103 1208 1144 sive
1229 1103 1398 1143 stultitia
1418 1103 1660 1155 adpellanda
1681 1109 1749 1152 est,

336 1160 488 1206 eadem,
513 1173 600 1212 97776
621 1161 728 1211 apud
757 1172 837 1207 vos,
861 1165 896 1199 et
924 1162 1033 1212 apud
1057 1161 1203 1200 Persea
1223 1159 1323 1212 suit.
1390 1161 1491 1201 'Iam
1519 1160 1749 1225 civitatium,

335 1230 450 1270 quam
469 1216 712 1270 singulorum
734 1216 931 1256 hominum
953 1231 1078 1257 7770763
1090 1224 1210 1257 sunt
1238 1224 1378 1272 gentes
1397 1232 1547 1272 quoque
1563 1218 1681 1258 alice'
1667 1232 1702 1258 77
1705 1231 1751 1258 a-

336 1275 489 1322 cundae,
513 1274 607 1313 aliae
627 1275 814 1321 audaces,
842 1275 1027 1326 quaedam
1056 1274 1231 1314 timidae:
1260 1275 1299 1314 in
1329 1275 1475 1324 vinum,
1497 1276 1536 1315 in
1566 1275 1750 1316 Venerem

334 1333 537 1382 proniores
557 1330 650 1371 aliae
669 1337 773 1371 sunt.
803 1330 1097 1372 Atheniensium
1115 1332 1305 1384 populum
1314 1331 1440 1383 sama
1461 1338 1516 1372 est
1532 1332 1693 1373 celerem
1713 1337 1753 1372 et

335 1401 455 1440 supra
474 1389 570 1429 vires
587 1389 781 1428 audacem
799 1401 880 1427 esse
895 1390 949 1429 ad
964 1390 1204 1429 conandum.-
1232 1389 1622 1429 Lacedaemoniorum
1639 1403 1753 1430 cunc-

336 1452 518 1496 tatorem,
541 1452 577 1486 et
597 1446 663 1486 vix
684 1445 725 1485 in
746 1459 807 1494 ea,
830 1446 965 1499 quibus
970 1445 1086 1497 fidit
1095 1446 1405 1511 ingredientem.
1466 1446 1562 1487 Non
1580 1460 1755 1501 negave-

336 1503 424 1553 rim,
440 1512 479 1543 et
502 1478 624 1544 iotam
646 1503 758 1543 Asiae
777 1503 974 1557 regionem
993 1503 1173 1543 inaniora
1190 1518 1356 1556 parere
1355 1505 1527 1559 ingenia,
1543 1510 1580 1544 et
1602 1510 1752 1545 nostro-

335 1575 423 1601 rum
447 1561 697 1601 tumidiorem
725 1574 937 1601 sermonem
960 1575 1056 1611 esse,
1078 1562 1182 1614 quod
1213 1562 1399 1602 excellere
1427 1562 1530 1602 inter
1548 1560 1753 1613 finitimas

334 1618 513 1658 civitates
532 1619 736 1658 videamur
742 1633 758 1665 ;
790 1624 827 1657 et
846 1617 890 1657 id
917 1618 1042 1670 ipsum
1072 1632 1146 1658 77077
1178 1625 1260 1658 tam
1288 1619 1433 1659 viribus
1459 1619 1615 1670 nostris,
1635 1632 1752 1683 quam

335 1676 473 1715 vestris
493 1675 698 1715 honoribus
718 1673 956 1729 acjudiciis.
1008 1675 1115 1715 Satis
1134 1676 1284 1740 quidem
1306 1683 1342 1715 et
1364 1683 1455 1716 tunc
1473 1676 1513 1716 in
1540 1676 1754 1728 praesentia

334 1732 532 1787 castigata
551 1732 619 1772 illa
640 1732 787 1786 legatio
808 1738 908 1781 erat,
927 1746 1009 1772 cum
1024 1738 1103 1772 tam
1124 1733 1222 1773 tristi
1237 1747 1420 1786 responso
1434 1739 1559 1773 vestro
1575 1732 1751 1773 7177777330.

334 1789 371 1828 si
393 1795 471 1829 tum
499 1804 637 1842 parum
657 1789 881 1843 ignominiae
904 1803 1066 1842 pensum
1095 1796 1167 1840 est,
1189 1790 1269 1830 17770
1289 1797 1393 1831 certe
1419 1797 1498 1830 tam
1520 1790 1754 1830 miserabilis

334 1860 384 1887 ac
403 1847 571 1899 supplex
592 1846 741 1900 legatio
762 1847 879 1886 etiam
901 1847 1173 1893 insolentioris,
1196 1862 1314 1900 97777777
1336 1847 1406 1887 illa
1420 1846 1521 1900 fuit,
1547 1847 1754 1901 legationis

333 1907 434 1943 satis
453 1918 639 1958 magnum
657 1904 856 1956 piaculum
875 1911 986 1944 esset.
1037 1905 1286 1969 Superbiam3
1302 1905 1505 1946 verborum
1523 1904 1750 1956 praesertim,

334 1960 517 2001 iracundi
549 1962 727 2011 oderunt,
756 1962 971 2014 prudentes
1000 1961 1192 2010 inrident‚·
1229 1962 1360 2016 utique
1388 1963 1421 2002 si
1452 1960 1648 2013 inferioris
1676 1962 1750 2001 ad-

334 2032 402 2058 vei
404 2032 472 2058 sus
484 2018 718 2067 superiorem
735 2025 810 2059 est:
832 2019 996 2071 capitali
1012 2033 1127 2071 poena
1144 2033 1254 2059 nemo
1270 2034 1446 2074 umquam
1463 2020 1625 2073 dignam
1632 2018 1751 2073 judi-

335 2075 454 2116 cavit.
515 2077 570 2116 Id
600 2076 789 2116 enimvero
815 2076 1036 2128 periculum
1067 2082 1167 2124 erat,
1190 2091 1238 2116 ne
1257 2077 1460 2117 Romanos
1478 2076 1633 2117 Rhodii
1661 2090 1752 2116 con-

332 2139 558 2173 temnerent.
617 2133 755 2173 Etiam
789 2134 901 2174 Deos
935 2133 1059 2186 aliqui
1092 2133 1217 2174 verbis
1240 2133 1505 2186 ferocioribus
1537 2134 1750 2186 increpant,

335 2204 404 2229 nec
423 2190 472 2229 ob
493 2190 534 2230 id
554 2204 782 2244 quemquam
792 2188 967 2242 fulmine
986 2192 1102 2231 ictum
1124 2191 1321 2232 audimus.

394 2246 569 2287 XXIV.
607 2247 716 2295 Quid
738 2248 860 2302 igitur
879 2254 1057 2301 superat,
1079 2249 1182 2302 quod
1209 2262 1435 2302 purgemus,
1458 2247 1493 2288 si
1512 2262 1582 2288 nec
1591 2245 1752 2299 factum

335 2303 477 2343 hostile
495 2304 615 2344 ullum
636 2311 810 2345 nostrum
831 2312 900 2354 est,
915 2313 951 2344 et
971 2306 1088 2345 verba
1110 2305 1324 2346 tumidiora
1348 2305 1473 2358 legati
1488 2303 1751 2357 obfensionem

333 2360 502 2409 aurium,
524 2376 601 2401 77οη
629 2362 834 2413 perniciem
865 2363 1052 2411 civitatis,
1085 2360 1338 2403 meruerunt?
1365 2362 1400 2387 99
1412 2362 1632 2404 Voluntatis
1660 2375 1751 2402 7703-

335 2423 407 2457 trae
422 2418 556 2458 tacitae
570 2418 672 2458 velut
694 2418 794 2459 litem
811 2419 1003 2460 oestimari
1017 2421 1157 2460 vestris
1170 2420 1270 2460 inter
1285 2434 1352 2461 vos
1366 2419 1603 2461 sermonibus
1617 2419 1747 2468 audio,

376 2583 417 2614 99
445 2584 608 2614 Voluntatis
621 2590 728 2614 nostrae
746 2586 848 2626 tacite]
872 2585 1019 2628 Amplec-
1063 2592 1140 2622 erat,
1181 2592 1215 2617 ut
1253 2590 1335 2616 recte
1375 2585 1517 2616 observat
1557 2584 1746 2621 Perizonius,

332 2625 427 2656 timur
455 2626 519 2657 sine
549 2627 615 2657 ulla
646 2627 839 2658 dubitatione
872 2629 1018 2660 emenda·
1063 2629 1255 2659 senatoribus
1274 2628 1436 2664 Romanis,
1453 2639 1507 2659 cur
1530 2628 1627 2659 tacita
1648 2627 1746 2658 conti-

331 2668 448 2699 tionem
489 2669 658 2701 Perizonii:
708 2671 867 2700 voluntatis
911 2677 1020 2701 nostroe
1063 2676 1171 2702 nerent
1191 2681 1230 2702 ea
1251 2681 1319 2711 quae
1342 2669 1381 2701 de
1405 2652 1538 2702 R'hodiis
1559 2670 1746 2702 sentiebant.

332 2713 438 2742 tacite..
482 2711 600 2743 Rhodii
619 2711 712 2743 modo
726 2713 933 2754 probaverunt
946 2713 1016 2743 nul-
1064 2714 1227 2744 Voluntatis
1261 2715 1402 2743 oestimare
1437 2715 1514 2744 litem
1552 2719 1598 2744 est
1630 2723 1745 2754 expen-

332 2753 397 2785 lum
425 2764 514 2785 suurn
542 2755 659 2787 factum
683 2755 795 2786 hostile
822 2765 908 2792 esse3
932 2755 1017 2787 dicta
1058 2756 1132 2788 dere
1155 2766 1249 2797 quam
1274 2755 1423 2787 mulctam
1449 2766 1614 2801 poenamve
1635 2756 1741 2787 volun—

324 2797 475 2837 superba,
505 2798 561 2829 sed
589 2797 827 2830 contemnenda.
870 2798 1017 2839 Supexest
1059 2804 1107 2830 tas
1120 2799 1204 2830 mala
1217 2804 1381 2831 mereatui.

330 2840 538 2881 expendenda
553 2841 647 2873 tacita
662 2841 814 2873 voluntas.
837 2839 907 2873 Nec
922 2849 1015 2872 causa
