1816 3159
596 322 906 379 ‹ELOGIA
950 328 1390 389 AUCTORUM

801 482 882 523 AC
924 484 1185 528 JUDICIA

451 622 615 691 DE
707 627 1024 698 TITO
1122 634 1532 721 LIVIO,

585 788 704 826 CUM
732 788 1103 833 FRAGMENT1s
1129 776 1393 846 ALIQUor.

858 926 1121 952 π

696 1036 856 1077 Seneca
873 1045 998 1092 pater
1017 1043 1225 1085 Suasoria
1245 1044 1284 1087 6.

263 1080 571 1157 QUOTIES
592 1109 731 1163 magni
748 1110 926 1166 alicujus
947 1128 1058 1155 mors
1078 1116 1130 1157 ab
1146 1117 1352 1162 historicis
1373 1132 1540 1167 narrata
1559 1135 1635 1178 est,
1654 1136 1715 1170 to-

257 1156 336 1196 ties
357 1158 445 1200 fere
475 1161 607 1203 totius
637 1169 939 1209 consummatio
961 1171 1073 1221 vitae,
1096 1182 1137 1214 et
1159 1178 1279 1230 quasi
1309 1179 1496 1223 funebris
1526 1182 1714 1227 laudatio

256 1213 462 1256 redditur.
525 1219 621 1260 Hoc
661 1223 785 1263 semel
825 1233 954 1280 atque
989 1228 1142 1270 iterum
1177 1247 1201 1272 a
1238 1234 1492 1291 Thucydide
1530 1240 1709 1283 factum:

254 1269 368 1311 idem
395 1271 439 1312 in
469 1276 728 1329 paucissimis
758 1283 944 1335 personis
974 1295 1224 1341 usurpatum
1246 1306 1271 1331 a
1294 1292 1501 1336 Sallustio.
1562 1298 1713 1341 Livius

255 1325 492 1382 benignius,
515 1332 709 1375 omnibus
739 1338 900 1392 magnis
924 1340 1025 1382 viris
1053 1345 1262 1397 praestitit.
1326 1350 1554 1406 Sequentes
1584 1355 1711 1397 histo-

254 1382 328 1423 rici
350 1385 484 1426 multo
505 1387 550 1428 id
570 1389 744 1431 effusius
764 1392 965 1437 fecerunt.

848 1481 955 1521 Mon]
974 1485 1126 1525 eadem.

310 1541 373 1583 Ut
422 1552 483 1585 est
519 1555 669 1588 natura
703 1551 1022 1596 candidissimus
1053 1559 1239 1601 omnium
1270 1578 1514 1620 magnorum
1550 1568 1710 1625 ingeni-

250 1612 371 1639 orum
393 1601 621 1644 aestimator
644 1605 696 1646 T.
721 1607 886 1660 Livius,
904 1610 1188 1666 plenissimum
1211 1620 1493 1665 testiinonium
1517 1626 1706 1669 Ciceroni

252 1654 450 1697 reddidit.

659 1748 862 1791 Prooemio
883 1754 947 1792 lib.
979 1756 1017 1794 V.
1044 1757 1300 1802 Controvers.

308 1812 524 1856 Pertinere
544 1817 598 1858 ad
617 1832 706 1859 rem
727 1835 809 1862 non
830 1833 950 1879 puto,
968 1830 1179 1882 quomodo
1202 1832 1362 1875 Lucius
1384 1837 1556 1893 Magius
1575 1856 1703 1896 gener

252 1867 344 1908 Titi
376 1870 489 1912 Livii
519 1872 827 1928 declamaverit,
859 1884 1051 1936 quamvis
1081 1886 1223 1942 aliquo
1255 1900 1440 1947 tempore
1474 1910 1597 1937 suum
1628 1914 1702 1954 po-

248 1924 399 2019 Fulum
430 1927 596 1971 habuit:
629 1946 763 1987 quum
793 1935 914 1978 illum
944 1939 1130 1984 homines
1159 1959 1241 1986 non
1268 1947 1311 1987 in
1341 1948 1472 2005 ipsius
1502 1953 1699 1997 honorem

265 1981 483 2035 audarent,
506 1986 578 2027 sed
598 1987 641 2028 in
663 1991 791 2032 soceri
812 1992 979 2036 ferrent.

802 2079 1059 2123 sztrovers.
1083 2085 1148 2125 24.

308 2138 436 2181 Titus
458 2142 609 2186 Livius
630 2154 715 2188 tam
736 2148 908 2205 iniquus
932 2153 1128 2198 Sallustio
1148 2158 1245 2210 fuit,
1263 2170 1311 2203 ut
1330 2162 1436 2205 hanc
1455 2166 1588 2221 ipsam
1609 2184 1698 2211 sen—

247 2195 420 2237 tentiam
444 2197 549 2249 (Res
568 2205 767 2246 secundae
796 2210 898 2249 mire
926 2217 1029 2252 sunt
1048 2215 1162 2255 vitiis
1192 2218 1396 2274 obtentui)
1418 2230 1460 2263 et
1494 2231 1696 2281 tanquam

246 2252 504 2306 translatam,
526 2265 567 2298 et
587 2267 789 2316 tanquam
819 2275 1057 2321 corruptam
1079 2270 1182 2312 dum
1213 2276 1475 2329 transfertur,
1497 2280 1695 2337 objiceret

249 2309 458 2351 Sallustio.
519 2314 607 2355 Nec
636 2316 715 2358 hoc
744 2333 882 2361 amore
920 2323 1187 2381 Thucydidis
1216 2330 1331 2382 facit,
1362 2342 1410 2375 ut
1439 2335 1559 2377 illum
1587 2353 1694 2394 prae-

245 2364 364 2407 ferat.
426 2368 595 2413 Laudat
626 2388 751 2429 quem
782 2391 863 2417 non
884 2378 1019 2422 timet:
1062 2391 1103 2424 et
1124 2384 1286 2428 facilius
1315 2398 1439 2444 putat
1467 2407 1586 2448 posse
1606 2410 1631 2436 a
1651 2412 1693 2438 se

249 2421 493 2466 Sallustium
514 2426 637 2479 vinci,
660 2430 692 2471 si
713 2440 809 2474 ante
829 2449 854 2474 a
876 2435 1131 2493 Thucydide
1151 2441 1353 2487 vincatur.

797 2520 1055 2563 Controvers.
1078 2525 1145 2565 925.

303 2581 432 2623 Titus
463 2582 626 2637 Livius,
648 2588 700 2628 de
729 2592 978 2645 oratoribus,
1004 2598 1077 2652 qui
1103 2599 1229 2641 verba
1257 2601 1431 2659 antiqua
1459 2615 1500 2648 et
1521 2609 1689 2652 sordida

244 2647 547 2692 consectantur,
580 2652 621 2684 et
653 2646 849 2688 orationis
881 2650 1191 2705 obscuritatem,
1228 2659 1486 2704 severitatem
1518 2673 1686 2720 putant,

242 2693 376 2736 aiebat
411 2697 648 2742 Miltiadem
679 2702 883 2746 rhetorem
916 2707 1124 2763 eleganter
1154 2712 1320 2765 dixisse,
1342 2717 1428 2758 Ἐπὶ
1455 2723 1507 2776 τῷ
1535 2722 1687 2772 πλησίον
