1831 3194
464 112 717 152 LIBROR.
747 114 1022 155 DEPERD.
1381 123 1457 166 967

636 280 870 334 CXXV.

106 411 123 435 ⁰
140 411 185 452 C.
227 411 378 459 Caesar,
417 409 558 451 relicto
600 411 794 461 Antonio,
815 414 1100 455 transmarina?
1139 416 1365 468 provinciae
1412 432 1462 458 ea:

45 475 168 522 parte
196 467 401 522 imperium
423 468 462 507 ei
480 468 619 509 cessit:
658 483 836 510 reversus
855 470 898 510 in
918 471 1085 511 Italiam
1113 474 1313 515 veteranis
1341 488 1463 529 agros

52 526 205 568 divisit.
263 525 482 567 Seditiones
510 525 699 567 exercitus
727 526 800 575 sui,
823 540 923 581 quas
950 531 1134 583 conrupti
1162 545 1189 570 a
1211 530 1370 580 Fulvia,
1394 531 1461 572 M.

53 582 222 623 Antonii
249 596 387 633 uxore,
409 583 560 623 milites
577 584 768 625 adversus
788 584 1070 638 imperatorem
1100 601 1211 628 suum
1242 589 1463 630 concitave-

49 646 156 690 rant,
177 654 263 681 cum
287 640 408 695 gravi
428 640 615 694 periculo
645 641 834 682 inhibuit.
896 642 945 682 L.
977 645 1178 685 Antonius
1211 647 1359 697 consul,
1394 647 1462 687 M.

47 697 223 738 Antonii
224 697 384 752 frater,
406 698 542 738 eadem
563 698 712 739 Fulvia
741 699 994 749 consiliante,
1016 700 1156 742 bellum
1180 703 1334 744 Coesari
1354 704 1463 745 intu-

46 755 99 795 lit
109 777 124 801 ,·
159 755 330 808 receptis
346 755 390 795 in
402 761 545 808 partes
563 769 657 796 suas
670 757 847 809 populis,
866 771 1030 810 quorum
1050 761 1150 813 agri
1169 762 1368 801 veteranis
1387 762 1462 801 ad·

46 811 200 866 signati
229 819 357 864 erant,
378 819 414 852 et
436 811 501 852 M.
524 813 698 865 Lepido,
721 814 793 867 qui
819 815 1010 855 custodia:
1038 816 1150 858 urbis
1177 832 1261 858 cum
1290 819 1464 859 exercitu

44 870 361 924 praeerat,fu.50,
382 869 577 911 hostiliter
597 870 640 912 in
659 870 793 912 urbem
813 871 972 924 inrupit.

619 1049 882 1103 CXXVL

106 1179 154 1220 C.
175 1179 328 1227 Caesar,
351 1192 471 1232 quum
499 1173 597 1220 esset
626 1193 823 1220 annorum
854 1180 1008 1235 viginti
1037 1182 1168 1232 trium,
1200 1182 1393 1224 obsessum
1422 1185 1461 1225 in

47 1236 191 1289 oppido
216 1237 387 1277 Perusia
407 1237 464 1277 L.
486 1237 708 1277 Antonium
729 1244 992 1292 conatumque
1011 1240 1227 1293 aliquoties
1243 1255 1460 1294 erumpere,

46 1299 86 1334 et
104 1294 313 1347 repulsum,
319 1293 440 1347 fame
458 1295 589 1348 coe'git
616 1295 656 1334 in
676 1295 920 1335 deditionem
949 1297 1086 1336 venire
1097 1312 1113 1345 ,·
1154 1298 1304 1351 ipsique
1323 1305 1362 1339 et
1381 1314 1461 1339 om·-

46 1350 163 1391 nibus
182 1351 378 1393 militibus
397 1350 479 1405 ejus
506 1353 680 1406 ignovit.
738 1353 958 1394 Perusiam
987 1354 1122 1394 diruit.
1142 1356 1396 1410 redactisque
1418 1358 1462 1396 in

40 1414 279 1461 potestatem
293 1421 406 1449 suam
418 1410 594 1451 omnibus
608 1410 779 1451 diversae
789 1411 924 1463 partis
936 1411 1187 1460 eoeercitibus,
1203 1412 1344 1453 bellum
1356 1414 1463 1454 citra

46 1465 168 1506 ullum
188 1466 419 1519 sanguinem
438 1464 622 1518 confecit.

604 1623 901 1677 CXXVH.

107 1732 276 1785 Parthi,
300 1731 493 1784 Labieno,
515 1732 586 1787 qui
614 1733 955 1786 Pompeianarum
968 1733 1148 1787 partium
1160 1735 1330 1789 fuerat,
1352 1737 1464 1785 duce,

50 1789 95 1829 in
124 1789 288 1844 Syriam
315 1790 573 1844 inruperunt.-
619 1791 801 1845 victoque
829 1791 1001 1832 Decidio
1030 1792 1156 1841 Saxa,
1187 1792 1253 1832 M.
1290 1793 1468 1834 Antonii

48 1847 197 1900 legato,
229 1853 352 1888 totam
383 1861 469 1888 eam
491 1848 753 1901 provinciam
782 1854 1085 1901 occupaverunt.
1148 1849 1211 1889 M.
1245 1849 1466 1900 Antonius,

50 1917 169 1957 quum
189 1906 245 1945 ad
263 1904 404 1945 bellum
431 1911 573 1946 contra
607 1905 803 1946 Caesarem
820 1906 1040 1960 gerendum
1070 1906 1323 1957 incitaretur,
1344 1921 1468 1949 uxore

50 1961 201 2002 Fulvia
221 1962 405 2012 dimissa,
428 1976 479 2002 ne
501 1963 723 2004 concordiae
750 1963 889 2003 ducum
918 1962 1102 2012 obstaret,
1122 1978 1221 2016 pace
1232 1964 1361 2019 facta
1381 1979 1467 2006 cum

55 2018 228 2068 Caesare,
259 2033 431 2060 sororem
462 2018 544 2073 ejus
578 2019 795 2061 Octaviam
823 2019 864 2059 in
893 2020 1191 2061 matrimonium
1222 2023 1350 2062 duxit.
1415 2022 1467 2070 Q.

52 2074 341 2125 Salvidienum,
362 2078 533 2117 consilia
554 2077 713 2132 nefaria
733 2083 874 2118 contra
892 2077 1090 2118 Caesarem
1107 2079 1301 2130 molitum,
1317 2081 1469 2120 indicio

48 2146 121 2173 suo
125 2134 353 2185 protraxit,
370 2134 481 2187 isque
494 2134 708 2175 damnatus
723 2140 885 2175 mortem
899 2134 980 2175 sibi
999 2136 1201 2176 conscivit.
1245 2137 1299 2178 P.
1326 2136 1467 2178 Venti-

50 2190 158 2238 dius,
190 2191 353 2231 Antonii
384 2191 552 2245 legatus,
587 2192 775 2240 Parthos,
801 2192 951 2245 proelio
980 2192 1115 2241 victos,
1147 2193 1269 2247 Syria
1298 2196 1466 2246 expulit,

52 2247 241 2288 Labieno
259 2262 390 2289 eorum
420 2250 516 2289 duce
535 2249 674 2290 occiso.
741 2250 870 2296 Quum
892 2249 1048 2291 vicinus
1079 2250 1211 2291 Italia·
1230 2251 1356 2292 hostis
1375 2252 1465 2293 Sex.

52 2304 270 2357 Pompeius
296 2305 482 2347 Siciliam
512 2312 678 2354 teneret,
700 2312 739 2346 et
758 2307 1030 2347 commercium
1060 2321 1231 2348 annonae
1258 2308 1465 2361 inpediret,

51 2374 140 2400 cum
159 2375 204 2401 eo
228 2362 468 2414 postulatam
494 2377 632 2415 pacem
666 2361 805 2404 Ccesar
834 2370 873 2404 et
893 2363 1098 2404 Antonius
1110 2365 1317 2418 fecerunt,
1340 2367 1401 2406 ita
1422 2373 1465 2407 ut

52 2417 232 2459 Siciliam
269 2421 519 2472 provinciam
557 2420 734 2462 haberet.
776 2421 986 2462 Praeterea
1024 2427 1152 2463 motus
1189 2420 1346 2474 Africae
1385 2421 1464 2464 ¹⁰et

53 2474 157 2516 bella
176 2475 233 2517 ibi
246 2483 365 2531 gesta
385 2478 577 2519 continet.

95 2618 115 2649 9
141 2618 177 2649 C.
207 2619 315 2658 Coesar,
344 2622 445 2652 relicto
473 2623 610 2659 Antonio,
635 2630 729 2653 trans·
775 2622 856 2664 (1111oe
883 2624 1042 2662 provineioe
1070 2634 1102 2653 ex
1125 2630 1220 2662 parte,
1245 2623 1407 2654 mallemus
1429 2634 1458 2653 οι

52 2662 178 2691 marinae
200 2665 357 2701 provincioe
393 2675 426 2695 ea:
458 2672 544 2704 parte
578 2667 732 2705 imperium
773 2666 932 2705 partitione
969 2667 1093 2705 imperii,
1131 2667 1161 2696 in
1196 2672 1362 2705 potestatem
1399 2667 1461 2704 ejus

51 2706 78 2734 ei
106 2703 200 2743 cessit]
237 2705 315 2737 Haec
344 2707 492 2739 mendosa
519 2719 586 2739 esse
614 2708 731 2751 perspi-
776 2708 934 2747 cesserant)
951 2719 1079 2739 reversas
1094 2710 1126 2738 in
1143 2709 1273 2739 Italiam.

54 2757 147 2777 cuum
170 2752 228 2777 est.
272 2749 446 2781 Gronovius
467 2761 505 2782 ex
521 2751 613 2782 variis
636 2762 732 2782 mem·
822 2752 861 2781 10
900 2752 938 2781 Et
974 2753 1047 2782 bella
1075 2753 1114 2781 ibi
1139 2751 1235 2792 gesta]
1273 2750 1461 2780 Addidimus

53 2788 158 2820 branis
173 2789 251 2819 inter
265 2801 298 2821 se
313 2792 444 2829 collatis,
460 2793 637 2835 conjectura
659 2805 735 2835 quo-
780 2794 923 2825 voculam
938 2796 987 2829 ibi,
1003 2805 1097 2835 quam
1113 2793 1145 2824 in
1170 2798 1233 2825 vet.
1248 2792 1319 2824 cod.
1342 2798 1461 2824 exstare

54 2843 115 2871 que
138 2831 277 2863 nonnihil
299 2833 478 2875 adjuvante,
501 2836 665 2868 emendat:
700 2837 732 2866 C.
778 2836 921 2878 Sigonius
935 2842 1074 2868 testatur.

56 2875 163 2911 thsar⁹
202 2876 299 2906 relicto
347 2883 427 2907 trans
477 2890 555 2909 mare
599 2881 734 2914 Antonio,
