1816 3159
314 97 413 146 lviii
800 92 1278 144 PRAEFATIO.

102 257 178 289 rid.
194 256 259 297 ejus
313 240 547 302 queratur
563 251 724 299 pauca
742 250 853 289 esse,
875 251 1016 296 quam
1040 240 1094 281 ut
1112 252 1244 298 (equo
1259 234 1411 297 plara
1435 233 1668 289 fastidiat,
1688 240 1759 280 ta—

104 300 196 331 P¹aef‘
313 331 428 364 men
454 311 662 361 offendit
686 326 887 373 quoque
911 308 1061 356 nimia
1086 310 1312 372 paucitas
1339 316 1386 356 et
1409 309 1644 366 evilescit,
1665 308 1761 356 nisi

315 391 494 440 eximia
539 404 699 436 rerum
745 387 954 434 utilitate
993 403 1051 434 ac
1097 387 1321 435 bonitate
1360 393 1608 450 pensetur.
1677 385 1764 434 An

313 485 431 516 vero
468 466 630 529 dignae
666 465 845 512 fuerint
879 470 1008 512 notae
1044 463 1155 520 illae,
1183 482 1291 528 quae
1327 464 1470 528 quasi
1502 463 1761 526 gemmulae

314 546 548 610 quaedam
573 543 773 590 minime
793 543 1123 605 vulgarentur,
1146 543 1234 590 sed
1261 559 1366 590 non
1387 541 1588 589 modica
1611 540 1762 588 inter-

314 622 443 670 valla
465 620 623 668 nitida
647 619 757 667 luce
776 618 1148 681 distinguerent,
1175 618 1318 665 nobis
1344 619 1570 666 dubitare
1593 618 1757 666 liceat.

104 721 144 750 Et
160 720 268 761 rapum
316 699 433 762 lpse
468 699 729 761 profitetur
764 713 833 753 se,
857 714 1001 760 quum
1035 713 1216 760 semper
1253 697 1454 744 Liviam
1489 698 1540 743 in
1574 697 1764 744 deliciis

103 762 235 836 32¹5?ae
315 778 572 836 habuisset,
596 785 642 823 et
664 776 898 824 nonnulla
915 777 967 822 in
984 776 1276 822 adversariis
1294 775 1394 821 suis
1412 776 1477 821 ad
1491 790 1593 821 eam
1612 774 1762 836 scrip-

317 863 467 902 torem
489 854 764 907 notavisset,
791 868 845 899 ea
860 851 952 899 huc
971 852 1304 911 transtulisse;
1339 851 1571 899 nonnulla
1588 852 1758 914 inipso

315 933 544 980 editionis
560 932 759 978 decursu
781 936 898 976 nata
917 945 1028 985 esse,
1049 945 1134 977 nee
1157 931 1242 977 dia
1265 936 1349 976 aut
1362 929 1537 993 procat
1548 929 1765 992 quoesita.

317 1008 432 1056 Hoc
468 1007 668 1071 quidem
694 1005 887 1053 etiamsi
924 1021 1123 1052 monere
1155 1004 1518 1068 supersedisset
1554 1005 1673 1068 ipse,
1700 1006 1765 1052 fa-

317 1086 411 1134 cile
459 1083 891 1132 animadvertisset
934 1083 1118 1146 peritus
1164 1083 1322 1131 lector
1368 1090 1417 1130 et
1459 1082 1761 1144 intelligens.

318 1165 447 1212 Sunt
471 1162 601 1209 enim
638 1161 719 1217 ibi,
745 1169 799 1208 ut
822 1162 872 1208 in
897 1168 1038 1208 tanta
1061 1168 1290 1208 notarum
1328 1160 1591 1223 paucitate,
1618 1159 1767 1222 pluri-

317 1257 414 1296 ma,
448 1257 557 1303 quae
595 1255 696 1286 non
732 1239 851 1286 satis
889 1245 1124 1286 accurate
1159 1255 1402 1303 perpensa
1438 1254 1548 1285 esse
1585 1235 1766 1300 perspi-

317 1332 466 1364 cuum
492 1322 583 1364 est.

108 1413 275 1460 Ussdffl‘ffl}
384 1393 535 1440 Velut
569 1407 721 1455 quum
757 1390 842 1438 lib.
876 1389 946 1439 11.
980 1407 1024 1438 c.
1062 1394 1141 1440 58.
1178 1389 1598 1453 elegantissimum
1633 1406 1765 1438 eum·

105 1466 294 1529 Εᾷζζῖὲζῗ““3
320 1473 434 1520 dem
458 1478 508 1518 et
531 1468 805 1517 meridiana
836 1469 949 1516 luce
985 1469 1241 1516 clariorem
1275 1469 1401 1517 Livii
1437 1469 1618 1526 locum,
1646 1468 1767 1515 dum

318 1550 425 1597 vult
459 1549 741 1604 emendare,
768 1547 1055 1611 corrumpit.
1129 1547 1371 1611 Loquitur
1404 1546 1470 1594 ibi
1506 1545 1672 1593 Livius
1703 1544 1766 1592 de

318 1625 635 1676 contumacia
659 1624 869 1672 militum
896 1625 1135 1672 adversus
1159 1623 1382 1687 Appium
1407 1623 1665 1671 consulem
1690 1623 1763 1670 in-

320 1703 523 1752 domitis
551 1703 678 1751 odiis
696 1701 1006 1751 certantium.
1070 1701 1129 1750 Si
1151 1702 1440 1750 adhortator
1465 1703 1620 1765 operis
1642 1701 1767 1764 (Ap-

320 1782 452 1845 pius)
470 1783 670 1836 adesset,
690 1796 847 1827 omnes
865 1797 951 1827 sua
968 1787 1134 1844 sponte
1152 1788 1330 1826 motam
1354 1780 1595 1826 remittere
1607 1780 1768 1825 indas-

322 1862 485 1909 triam.
525 1857 658 1912 Quid
673 1857 919 1920 apertius?
952 1856 1052 1903 Ubi
1069 1855 1246 1903 milites
1266 1872 1355 1902 sua
1369 1861 1548 1918 sponte
1567 1870 1768 1902 manum

321 1938 457 2002 operi
483 1935 839 1990 admovissent,
866 1933 906 1982 si
929 1933 1124 1997 Appius
1148 1934 1431 1980 hortaturus
1461 1930 1768 1995 supervenis-

321 2022 411 2070 set,
437 2030 609 2061 omnes
631 2013 693 2060 ab
720 2029 866 2075 opere
886 2012 1230 2059 discedebant.
1304 2010 1429 2059 Haec
1448 2017 1614 2058 tamen
1631 2009 1767 2057 inani

322 2100 372 2140 et
396 2093 704 2155 improspera
728 2090 1023 2151 conjectura
1047 2089 1284 2138 sollicitat
1311 2088 1553 2138 ClericuS.
1597 2095 1628 2114 “
1647 2089 1768 2136 Rec-

325 2178 353 2196 “
384 2171 497 2227 tius,
519 2169 694 2233 inquit,
715 2169 929 2231 m‘fhdlor
943 2177 1076 2227 esset,
1094 2176 1260 2215 notam
1280 2166 1593 2214 industriam.
1631 2163 1767 2212 Nam

323 2257 352 2275 ‘⁴
377 2265 517 2311 quum
535 2249 638 2311 Ap.
674 2247 906 2295 Claudius
929 2246 1218 2293 adhortator
1240 2245 1400 2308 operis
1423 2245 1606 2298 aderat,
1624 2255 1769 2303 spon-

321 2335 351 2353 “
377 2334 426 2373 te
451 2342 540 2373 sua
562 2342 658 2372 non
681 2331 783 2371 erat
809 2329 945 2370 mota
980 2321 1221 2369 industria
1244 2321 1467 2368 militum.
1539 2317 1646 2366 Nec
1669 2318 1766 2364 seio

321 2411 351 2428 ⁴‘
377 2421 439 2449 an
465 2399 911 2448 moveiiindustria
929 2416 980 2446 eo
999 2400 1137 2446 modo
1160 2398 1261 2445 dici
1278 2397 1471 2460 queat.’'
1542 2393 1668 2441 Haec
1694 2410 1765 2440 re-

321 2478 486 2525 fellere
505 2460 594 2524 nec
617 2483 773 2536 vacat,
792 2491 882 2523 nec
900 2491 1107 2523 necesse
1124 2483 1212 2522 est.
1280 2473 1395 2536 Ipse
1415 2489 1467 2519 se
1488 2471 1656 2519 Livius
1677 2472 1761 2518 de—

321 2555 494 2604 fendit.

390 2633 499 2680 Nec
536 2631 722 2678 felicior
758 2630 837 2676 lib.
878 2629 1027 2676 XXI.
1066 2646 1107 2675 c.
1143 2634 1221 2675 63.
1259 2626 1496 2673 correctio
1533 2624 1761 2680 occurrit,

322 2710 404 2757 ubi
432 2709 605 2756 Patres
632 2707 846 2756 Romani
875 2706 1175 2753 inducuntur
1206 2710 1467 2767 querentes
1492 2703 1555 2749 de
1580 2701 1621 2749 F
1626 2700 1761 2748 lami-

322 2786 404 2834 nio
439 2787 658 2843 consule,
685 2793 732 2833 et
768 2801 825 2831 ea
849 2800 960 2848 quae
998 2783 1058 2829 ab
1084 2782 1195 2845 ipso
1232 2782 1278 2829 in
1306 2781 1466 2844 priore
1504 2779 1761 2828 consulatu
