1826 3149
323 82 398 120 260
869 82 1178 123 EPITOMAE

975 257 1095 309 CX.

384 388 430 439 0.
451 387 585 428 Caesar
608 385 855 435 Massiliam,
877 399 965 440 quce
977 391 1121 439 portas
1138 401 1215 439 zpsz
1239 387 1456 435 clauserat,
1471 384 1650 426 obsedit:
1681 391 1733 433 et,

323 444 467 485 relictis
498 445 539 484 in
584 443 785 484 obsidione
827 444 935 483 urbis
976 441 1062 497 ejus
1090 444 1247 497 legatis,
1281 445 1327 484 C.
1365 441 1562 484 Trebonio
1606 449 1644 483 et
1674 444 1732 483 D.

325 503 471 551 Bruto,
491 501 687 554 profectus
710 501 752 540 in
772 501 1041 549 Hispaniam,
1066 500 1351 554 L.Af1an1um
1374 508 1412 542 et
1435 499 1497 538 Μ.
1515 501 1734 547 Petreium,

322 560 473 612 legatos
495 559 570 598 Cn.
597 558 795 610 Pompeii,
819 571 902 598 cum
922 564 1066 611 septem
1091 557 1304 611 legionibus
1325 559 1381 598 ad
1405 558 1583 599 Ilerdam
1606 559 1648 598 in
1668 558 1735 597 de-

323 616 514 655 ditionem
536 614 700 667 accepit,
730 629 936 668 011111839118
957 614 1166 655 incolumes
1187 615 1350 664 dimisit,
1378 615 1416 654 V
1410 629 1556 655 arrone
1586 628 1736 668 91109118

321 674 456 724 legato
477 673 665 724 Pompeii
684 686 765 712 cum
787 672 962 712 8118181111
984 673 1026 712 in
1041 678 1276 724 potestatem
1303 686 1412 712 suam
1434 673 1609 712 redacto.
1649 671 1734 710 Ga-

322 706 478 769 clitanis
497 730 698 769 civitatem
719 729 845 769 dedit.
906 728 1195 778 Massilienses,
1225 729 1374 770 duobus
1395 729 1606 770 navalibus
1620 742 1733 781 proe-

322 787 388 826 liis
407 786 512 833 vicli,
534 792 619 838 post
639 787 802 840 longam
823 785 1065 826 obsidionem
1081 787 1276 838 potestati
1299 786 1469 827 Coesaris
1488 800 1530 827 se
1546 786 1735 838 permise-

322 849 426 883 runt.
489 844 534 884 C.
558 844 768 893 Antonius,
795 844 950 897 legatus
973 843 1161 894 Caesaris,
1188 844 1291 884 male
1309 850 1448 884 contra·
1468 843 1735 895 Pompeianos

322 901 365 939 in
396 900 559 954 Illyrico
588 900 697 941 rebus
724 901 861 953 gestis,
892 906 1032 952 captus
1061 907 1128 940 est.
1190 901 1239 940 In
1272 914 1348 953 quo
1368 901 1470 940 bello
1500 900 1737 953 Opitergini

329 956 634 1010 Transpadani,
655 958 830 999 Caesaris
845 958 1081 1007 auxiliares,
1099 963 1190 998 rate
1202 971 1273 997 sua
1288 957 1340 997 ab
1354 957 1559 998 hostilibus
1573 956 1736 997 navibus

322 1016 477 1063 clausa,
501 1015 652 1067 potius,
686 1029 802 1068 quam
825 1015 866 1055 in
884 1020 1117 1067 potestatem
1149 1015 1317 1055 hostium
1339 1016 1535 1062 venirent,
1569 1015 1677 1054 inter
1695 1028 1735 1054 se

324 1078 598 1111 concurrentes
624 1071 816 1111 obcubuer
818 1078 898 1112 unt
959 1072 1003 1112 C.
1024 1072 1104 1112 0111
1107 1073 1158 1120 io,
1188 1073 1348 1125 legatus
1370 1071 1541 1113 Ca’saris
1563 1072 1604 1111 in.
1623 1069 1734 1122 Afri-

323 1142 385 1177 ca,
412 1142 526 1182 quum
541 1142 733 1180 prospere
745 1127 778 1151 ⁸⁶
790 1130 976 1169 adversus
997 1128 1038 1169 V
1033 1143 1162 1180 arum,
1194 1130 1536 1182 Pompeianarum
1553 1129 1733 1181 partium

325 1187 472 1232 ducem,
489 1191 718 1237 pugnasset,
742 1199 767 1225 a
783 1185 892 1227 Juba
913 1200 1006 1240 rege
1026 1185 1302 1226 Mauritania’
1317 1200 1401 1226 cum
1418 1186 1593 1227 eccercim
1613 1198 1736 1225 ca‘sns

326 1249 395 1283 est.
459 1243 502 1283 C.
523 1244 661 1284 Caesar
682 1243 725 1283 in
750 1218 978 1286 Graeciam&
973 1241 1146 1296 trajecit.

954 1411 1099 1464 CXI.

383 1551 416 1578 ⁸⁷
430 1553 493 1593 M.
517 1553 668 1594 Ccelius
683 1552 821 1606 Rufus
836 1558 999 1606 prcetor,
1022 1566 1138 1606 quum
1154 1551 1370 1592 seditiones
1385 1550 1427 1590 in
1444 1551 1538 1591 urbe
1558 1551 1735 1591 concita-

326 1615 400 1658 ret,
436 1623 624 1649 novarum
649 1609 871 1649 tabularum
892 1624 962 1662 spe
982 1609 1101 1662 plebe
1120 1609 1354 1656 sollicitata,
1381 1609 1572 1662 abrogato
1591 1610 1734 1662 magis-

327 1672 434 1706 tratu
457 1667 596 1718 pulsus
624 1666 732 1714 urbe,
765 1667 921 1707 Miloni
949 1667 1090 1714 eoesuli,
1134 1667 1205 1719 qui
1222 1664 1493 1719 fiigitivorum
1522 1667 1735 1706 exercitzcm

326 1729 595 1772 contraxerat,
617 1737 657 1764 se
676 1722 893 1777 conjunrit.
915 1730 1091 1777 uterque,
1113 1737 1230 1776 91111111
1252 1723 1390 1762 bellum
1404 1723 1652 1771 molirentur,
1674 1723 1736 1762 in·-

325 1777 485 1831 terfecti
502 1786 604 1820 sunt.
667 1780 900 1832 Cleopatra,
923 1780 1104 1834 AEgypti
1123 1780 1278 1834 regina,
1310 1794 1335 1819 a
1361 1780 1578 1819 Ptolemaeo
1595 1778 1739 1832 fratre

326 1850 447 1891 regno
458 1837 580 1890 pulsa
601 1844 668 1877 est.
731 1838 903 1890 Propter
917 1837 1010 1885 SSQ.
1035 1837 1168 1878 Cassii
1195 1837 1382 1890 prcetoris
1411 1836 1625 1876 avaritiam
1645 1851 1735 1876 cru-

326 1895 608 1947 delitatemque
631 1894 900 1936 Cordubenses
920 1895 962 1934 in
993 1893 1208 1947 Hispania.
1223 1893 1255 1917 ⁸9
1268 1908 1351 1933 cum
1369 1893 1520 1933 duabus
1541 1893 1738 1935 Varianis

325 1951 547 2004 legionibus
568 1964 593 1990 a
607 1951 786 2003 partibus
808 1952 985 1993 Caesaris
1006 1951 1262 1991 desciverunt.
1325 1951 1398 1992 Cn.
1422 1952 1651 2003 Pompeius,
1679 1952 1737 1991 ad

327 2008 603 2061 Dyrrachium
624 2007 794 2048 obsessus
813 2023 839 2047 a
863 2010 1036 2058 Caesare,
1067 2014 1118 2056 et,
1150 2006 1351 2060 prcesidiis
1379 2006 1460 2061 ejus
1480 2022 1563 2048 cum
1592 2021 1738 2062 magna

326 2064 438 2104 clade
459 2066 627 2105 diversce
641 2066 777 2118 partis
796 2066 1046 2119 expugnatis,
1077 2065 1281 2105 obsidione
1299 2065 1508 2115 liberatus,
1536 2066 1739 2106 translato

327 2122 370 2162 in
398 2122 644 2162 Thessaliam
665 2122 777 2171 bello,
800 2124 912 2175 apud
930 2123 1193 2163 Pharsaliam
1214 2122 1302 2162 acie
1321 2122 1446 2162 victus
1465 2128 1534 2163 est.
1596 2123 1738 2164 Cicero

329 2179 373 2218 in
394 2179 538 2219 castris
558 2181 766 2230 remansit,
787 2179 846 2220 vir
866 2179 972 2220 nihil
991 2180 1118 2220 minus
1139 2192 1255 2233 quam
1276 2179 1333 2218 ad
1351 2178 1454 2218 bella
1475 2185 1594 2220 natus
1604 2201 1617 2225 ‚·
1656 2193 1737 2219 om-

327 2235 518 2290 nibusque
537 2237 794 2276 adversarum
810 2237 1004 2290 partium,
1025 2237 1095 2290 qui
1108 2251 1148 2278 se
1160 2236 1359 2289 potestati
1378 2236 1536 2277 victoris
1548 2237 1739 2289 permise-

330 2299 437 2342 runt,
463 2294 603 2334 Ccesar
619 2294 786 2347 ignovit.

372 2437 414 2468 86
437 2439 579 2469 Adzersus
611 2439 736 2481 Varum]
789 2439 873 2470 Olim
908 2440 1011 2471 Γανιο·
1058 2446 1135 2477 tum,
1151 2449 1299 2471 novarum
1315 2449 1414 2470 rerum
1431 2439 1590 2482 cupidum.

331 2490 407 2511 nem.
431 2480 571 2511 Correxit
585 2481 739 2522 Sigonius.
1099 2484 1138 2514 88
1164 2482 1201 2516 Q.
1221 2483 1325 2523 Cassii]
1351 2483 1392 2512 Et
1410 2481 1467 2513 hoc
1491 2482 1620 2514 debetur
1644 2482 1734 2524 Sigo-

372 2523 412 2552 87
438 2523 482 2552 Μ.
508 2506 636 2553 Calibus
649 2524 762 2565 Rufus]
796 2525 914 2555 Verum
939 2524 1011 2555 huic
1056 2525 1116 2556 nio.
1162 2524 1247 2555 Olim
1265 2525 1300 2558 Q.
1319 2524 1431 2554 Catuli.

329 2564 452 2606 praetori
468 2575 578 2595 nomen
593 2566 725 2596 restituit
745 2567 899 2606 Sigonius,
917 2578 1012 2608 quum
1099 2568 1140 2598 89
1165 2567 1239 2596 Cum
1264 2568 1376 2596 duabus
1408 2567 1477 2597 lar
1469 2579 1542 2598 1111113
1564 2565 1736 2609 legionibus]

331 2612 402 2637 ante
433 2617 503 2638 eum
525 2613 664 2649 corrupte
688 2608 839 2649 legeretur
870 2610 914 2639 M.
948 2610 1012 2639 018-
1055 2611 1126 2640 Jac.
1145 2609 1317 2640 Gronovius
1339 2614 1422 2640 recte
1445 2616 1549 2640 monet
1570 2610 1737 2658 legendum

330 2651 426 2681 cilius,
472 2651 504 2680 Is
519 2656 565 2680 est
581 2650 699 2680 Ccelius
721 2656 832 2687 orator,
849 2652 936 2692 cujus
959 2663 1011 2682 ex·
1060 2652 1258 2686 Γα110111111113,
1282 2650 1314 2681 id
1336 2657 1394 2688 est,
1410 2652 1582 2692 legionibus
1604 2653 1642 2683 iis
1664 2663 1736 2693 quae

329 2697 412 2722 stant
438 2692 477 2722 ad
508 2692 688 2723 Ciceronem
717 2693 867 2734 epistolae,
892 2693 944 2734 qui
972 2695 1011 2724 ab
1056 2695 1112 2724 sub
1141 2695 1193 2724 Μ.
1222 2694 1361 2724 Varrone
1390 2694 1610 2726 militaverant.
1662 2695 1736 2726 vid.

331 2734 439 2764 eodem
457 2735 606 2766 Cicerone
629 2735 772 2766 defensus
787 2742 833 2766 est
855 2736 1014 2767 luculenta
1056 2746 1158 2778 supra,
1176 2736 1243 2766 CX.
1260 2736 1313 2767 36.
1328 2742 1359 2766 et
1373 2737 1466 2768 Auct.
1482 2738 1521 2769 de
1537 2738 1577 2770 B.
1598 2737 1737 2769 Alexan-

330 2777 488 2815 oratione3
525 2788 618 2819 quem
640 2778 738 2809 omnis
763 2778 869 2809 horum
892 2784 1009 2819 tempo·
1053 2778 1141 2809 d1ino
1157 2789 1247 2822 caffpp
1265 2780 1314 2809 53.
1332 2780 1384 2810 57.
1400 2782 1453 2811 58

333 2829 399 2848 rum
430 2819 553 2851 historia
584 2820 729 2851 describit
752 2831 864 2856 acrem,
889 2821 1009 2861 inquie-
