1831 3194
467 92 591 130 LIB.
621 92 767 130 XLIV.
812 91 948 129 CAP.
977 92 1046 129 VI.
1397 100 1468 136 125

54 199 348 256 cumspiciendi
379 201 560 258 spatium
590 201 684 242 fuit.
729 200 797 242 vix
829 201 997 244 tandem
1027 216 1077 242 ex
1109 201 1316 258 insperato
1345 206 1469 249 stabi-
1484 214 1661 246 U.C.583.

54 256 132 297 lem
154 257 206 298 ad
230 259 500 300 insistendum
533 258 663 300 nactis
684 258 820 299 locum
854 267 1019 314 postero
1045 273 1214 314 quoque
1234 260 1301 301 die
1323 260 1363 301 in
1386 270 1469 302 tani
1484 258 1661 289 A.C.169.

53 328 154 354 cava
194 315 298 356 valle
327 315 505 371 opperiri
551 315 791 370 Popillium,
823 330 869 355 ac
910 315 1073 357 relictas
1113 332 1208 356 cum
1239 332 1287 357 eo
1317 318 1469 373 copias,

53 384 215 412 necesse
238 372 316 413 fuit
335 389 343 412 z
388 387 492 426 quos
513 380 553 412 et
576 371 700 427 ipsos,
723 387 854 426 quum
877 372 932 413 ab
955 372 1070 413 nulla
1100 381 1219 436 parte
1241 373 1369 415 hostis
1391 383 1471 416 ter-

52 427 216 476 ruisset,
258 428 439 469 locorum
481 429 680 484 asperitas
719 429 924 470 hostiliter
965 438 1142 471 vexavit.
1224 431 1371 472 Tertio
1403 432 1471 473 die

52 484 283 540 conjunctis
303 485 430 540 copiis
462 493 562 526 eunt
584 500 658 541 per
690 485 856 535 saltum,
879 501 1003 541 quem
1037 486 1180 528 incolae
1203 487 1469 542 Callipeucen

53 541 276 596 adpellant.
311 541 502 597 ²⁵quarto
523 542 618 583 inde
639 542 706 584 die
727 558 801 598 per
820 557 942 598 aeque
963 542 1075 583 invia
1095 544 1167 587 sed
1193 544 1470 586 adsuetudine

52 597 240 652 peritius,
272 606 312 639 et
343 598 509 639 meliore
539 614 635 640 cum
669 614 754 655 spe,
791 599 907 654 quod
938 614 1013 640 nec
1047 599 1178 642 hostis
1208 600 1471 657 26umquamc

2 703 3 707 Ἰ
52 654 294 709 adparebat,
328 663 369 696 et
391 655 493 697 mari
525 656 935 712 adpropinquabant,
957 655 1204 711 ²⁷dcgressi‘¹
1224 658 1266 699 in
1286 674 1469 715 campos,

53 710 159 752 inter
179 711 472 753 ²⁸Heracleum
493 721 534 754 ct
557 713 809 755 Libethrum
837 722 1068 769 posuerunt
1089 723 1223 756 castra
1252 715 1466 771 peditum:

49 783 231 822 quorum
271 784 366 824 pars
406 770 538 825 major
573 769 758 811 tumulos
799 770 978 812 tenebat.
1019 770 1047 810 ii
1088 771 1252 822 vallem,
1292 772 1468 828 2⁹eampi

50 839 220 880 quoquc
240 834 416 881 partem,
439 827 511 868 ubi
533 841 659 881 eques
681 826 884 877 tenderet,
907 826 1278 882 amplectebantur.

109 882 183 922 VI.
217 883 397 924 Lavanti
430 883 517 939 regi
549 883 704 925 dicitur
734 884 993 933 nunciatum,
1027 883 1165 926 hostes
1199 885 1352 927 adesse.
1384 901 1469 942 quo
1482 892 1583 923 Persei
1599 902 1652 934 pa-

49 938 202 979 nuncio
236 954 367 994 quum
400 941 578 996 pavidus
609 940 842 982 exsiluisset
862 939 924 982 ³⁰e
945 940 1060 991 solio,
1082 941 1279 983 ³¹victum
1313 958 1355 984 se
1383 944 1469 984 sinc
1481 946 1533 966 vor

49 995 197 1050 proelio
228 997 442 1038 clamitans
477 996 710 1053 proripuit;
754 1004 810 1047 et,
833 997 1009 1038 subinde
1041 1013 1115 1053 per
1142 999 1222 1039 alia
1242 1008 1369 1055 atque
1389 1001 1470 1041 alia

49 1052 203 1107 pavida
243 1054 410 1094 consilia
452 1063 493 1095 ct
534 1053 707 1109 imperia
748 1054 975 1109 trepidans,
1010 1053 1217 1096 ⁵²du0bus
1247 1071 1297 1095 ex
1329 1057 1470 1098 amicis

51 1109 224 1160 Pellam,
247 1110 423 1151 alterum
446 1110 809 1165 Asclepiodotum,
840 1111 913 1151 ubi
946 1111 1124 1166 pecunia
1155 1112 1345 1167 deposita
1364 1122 1468 1164 erat,

47 1181 99 1206 ex
119 1166 323 1222 praesidiis
343 1175 534 1216 revocat;
577 1181 802 1223 omnesque
834 1167 974 1209 aditus
1007 1167 1140 1223 aperit
1172 1168 1294 1210 bello.
1356 1170 1469 1225 Ipse,

47 1223 101 1263 ab
132 1223 215 1265 Dio
244 1222 440 1266 ³³auratis
481 1224 630 1266 statuis
670 1223 863 1266 omnibus
904 1224 1072 1280 raptim,
1103 1240 1155 1266 ne
1183 1226 1331 1281 praeda
1359 1226 1468 1268 hosti

46 1288 196 1331 essent,
225 1280 268 1321 in
302 1281 471 1322 classem
505 1280 725 1338 congestis,
746 1281 865 1322 “ocius
899 1281 1136 1337 demigrare
1173 1283 1367 1339 Pydnam
1402 1290 1651 1326 co-etincredi-

45 1337 134 1392 git:
181 1345 237 1388 et,
268 1352 363 1393 quae
394 1339 604 1381 temeritas
645 1338 823 1380 consulis
853 1338 985 1379 videri
1024 1338 1243 1395 potuisset,
1275 1340 1391 1395 quod
1420 1357 1468 1383 eo
1479 1335 1548 1365 bilis
1561 1342 1675 1376 stupor.

47 1394 324 1457 processisset,
346 1395 457 1436 unde
492 1396 623 1437 invito
655 1395 774 1436 hoste
807 1395 971 1451 regredi
1006 1396 1214 1455 nequiret,
1236 1412 1326 1438 eain
1346 1396 1468 1439 3‘²n0n

47 1452 324 1494 inconsultam
358 1453 575 1495 audaciam
609 1452 720 1493 fecit.
781 1453 902 1493 Duos
936 1451 1045 1493 enim
1081 1452 1225 1502 saltus,
1258 1468 1334 1509 per
1363 1469 1469 1509 quos

47 1507 143 1548 inde
164 1509 338 1550 evadere
357 1518 539 1565 possent,
561 1509 772 1550 habebant
793 1508 998 1550 Romani:
1042 1523 1173 1550 unum
1194 1525 1269 1565 per
1304 1511 1467 1567 Tempe

46 1563 89 1604 in
112 1565 386 1616 Thessaliam,
407 1566 585 1607 alterum
606 1566 648 1607 in
670 1565 960 1607 Macedoniam
981 1573 1136 1621 praeter
1169 1567 1326 1615 Dium;
1367 1583 1466 1623 quae

47 1629 226 1678 utraque
246 1623 369 1679 regiis
390 1623 639 1664 tenebantur
670 1622 887 1678 praesidiis.
951 1624 1103 1678 Itaque
1124 1622 1157 1663 si
1178 1623 1266 1665 dux
1297 1624 1466 1681 intrepi-

45 1677 126 1720 dus
166 1679 307 1721 decem
349 1680 437 1721 dies
466 1680 642 1736 primam
673 1678 850 1735 speciem
884 1678 1265 1735 adpropinquantis
1300 1682 1468 1723 terroris

46 1735 324 1788 sustinuisset,
340 1736 379 1760 3⁵
388 1752 523 1793 neque
544 1744 736 1792 receptus
757 1736 959 1778 Romanis
979 1751 1053 1792 per
1087 1737 1248 1793 Tempe
1269 1737 1312 1779 in
1335 1739 1469 1780 Thes-

46 1793 202 1844 saliam,
238 1809 374 1850 neque
408 1793 707 1835 commeatibus
748 1793 1023 1849 pervehendis
1053 1808 1101 1833 eo
1142 1793 1345 1849 patuisset
1375 1795 1466 1838 iter.

375 1879 390 1897 ‘³
403 1887 525 1917 usquam
541 1876 631 1908 Crev.
761 1875 778 1899 (ἱ
793 1876 915 1917 digressi
931 1875 1028 1906 Gron.
1044 1874 1134 1906 Crev.

86 1956 130 1987 25
154 1956 266 1991 Quarto
287 1958 355 1987 inde
379 1956 440 1997 die]
463 1956 549 1988 Olim
573 1956 733 1999 legebatur

45 2001 140 2035 tertio,
166 1998 327 2031 manifesto
356 2009 465 2035 errore,
489 2009 579 2041 quem
611 1998 735 2030 sustulit

43 2041 197 2083 Sigonius.

88 2085 131 2115 26
166 2085 308 2127 Usquam]
347 2084 432 2117 Olim
458 2096 600 2126 unquam.

46 2127 123 2159 tavit
136 2127 289 2169 Sigonius

87 2171 129 2202 27
154 2171 301 2214 Digressi]
328 2170 410 2213 Lege
431 2180 502 2201 cum
524 2169 659 2212 Sigonio,
683 2171 732 2200 de-

79 2225 148 2245 essi..

46 2225 133 2288 &28
163 2257 355 2298 Heracleum]
399 2256 449 2288 Sic
493 2255 579 2287 dedit
613 2255 734 2287 Grono-

47 2299 126 2331 vius.
169 2300 253 2332 Ante
270 2300 463 2332 Heracetum:
485 2303 636 2341 corrupte.

90 2343 133 2374 29
158 2343 260 2383 Campi
295 2344 418 2384 quoque]
463 2341 638 2375 Gronovius
672 2340 734 2384 legi

45 2385 134 2427 jubet
147 2388 304 2427 campique.

91 2430 133 2459 30
156 2429 185 2459 E
207 2429 290 2470 solio]
318 2428 435 2460 Solium
457 2433 504 2460 est
525 2438 596 2471 pars
616 2425 732 2464 balnei,

47 2471 80 2502 in
93 2481 156 2512 qua
168 2471 236 2513 quis
249 2471 359 2503 sedens
370 2472 502 2503 lavatur.

91 2515 130 2545 31
159 2515 274 2545 Victum
287 2526 315 2545 se
329 2537 337 2546 .
361 2537 370 2546 .
393 2538 401 2547 .
425 2536 434 2545 .
457 2516 621 2548 clamitans,
636 2514 733 2552 prori-

44 2557 128 2598 puit]
153 2557 208 2588 Bis
229 2557 463 2599 intelligendum
485 2557 519 2588 τὲ
539 2569 576 2592 se,
591 2556 732 2597 quamvis

47 2601 142 2630 semel
166 2600 362 2642 exprimatur.
418 2600 591 2632 Clamitans
615 2609 647 2630 se
668 2599 730 2630 vic-

47 2647 114 2673 tum
127 2651 250 2677 esse‚-se
263 2643 421 2685 proripuit.

92 2685 134 2715 32
168 2685 286 2715 Duobus
320 2698 352 2716 ex
377 2687 477 2716 amicis
503 2684 633 2725 Pellam]
670 2683 732 2714 Hic

49 2727 155 2768 aliqua
179 2726 300 2763 desunt,
323 2739 391 2769 quae
415 2739 453 2760 ex
477 2738 505 2759 c.
522 2729 574 2759 lo.
598 2726 687 2762 infra,
702 2731 734 2758 et

48 2781 86 2802 ex
110 2769 247 2800 Diodoro
267 2770 299 2801 in
322 2771 464 2812 Excerpt.
477 2771 584 2803 Vales.
597 2769 732 2812 suppleri

49 2817 178 2855 possunt
190 2812 222 2843 in
235 2813 317 2843 hunc
338 2813 400 2844 fere
420 2813 556 2845 modum.
599 2813 733 2844 Duobus

51 2866 88 2887 ex
103 2855 218 2890 amicis,
235 2855 358 2887 Niciam
380 2856 527 2897 proficisci
545 2856 636 2897 jussit
661 2856 732 2888 Pel·

658 2085 733 2116 Mu-

777 1954 850 1990 lam,
886 1954 940 1985 ubi
977 1952 1109 1995 pecunia
1147 1952 1287 1995 deposita
1321 1959 1398 1991 erat,
1425 1960 1466 1992 et,

777 1996 928 2039 quidquid
972 1996 1039 2038 ejus
1082 1995 1125 2026 ibi
1161 1997 1398 2034 nancisceretur,
1435 1998 1467 2029 in

776 2050 860 2071 mare
889 2040 1035 2081 dejicere:
1085 2039 1226 2075 alterum,
1253 2039 1467 2072 Andronicum

776 2083 860 2114 misit
882 2081 1144 2117 Thessalonicam,
1159 2088 1195 2113 ut
1216 2083 1341 2114 navalia
1361 2084 1466 2116 incen-

775 2126 870 2157 deret.
914 2125 1011 2156 Simul
1037 2125 1187 2167 Hippiam
1212 2131 1243 2157 et
1265 2126 1466 2169 Asclepiodo-

776 2174 842 2200 tum
856 2179 894 2200 ex
908 2167 1057 2210 praesidiis
1078 2172 1210 2199 revocat.
1254 2168 1294 2198 In
1307 2180 1343 2200 eo
1363 2177 1466 2202 tamen

778 2212 934 2253 discrepat
956 2210 1113 2242 Diodorus
1138 2221 1157 2241 a
1179 2209 1276 2247 Livio,
1301 2213 1384 2254 quod
1412 2225 1467 2257 pro

776 2255 853 2287 urbe
867 2254 957 2286 Pella
970 2253 1109 2285 nominat
1123 2253 1274 2285 Phacum.

818 2298 860 2329 33
883 2298 1007 2328 Auratis
1039 2297 1159 2337 statuis]
1198 2296 1343 2338 Intellige
1371 2297 1465 2340 insig-

776 2350 847 2372 nem
868 2340 956 2371 illam
980 2346 1124 2375 turmam,
1148 2339 1277 2382 Lysippi
1302 2350 1397 2381 opus:
1433 2341 1466 2373 id

775 2388 832 2420 est,
857 2388 976 2415 statuas
1004 2387 1159 2424 equestres
1181 2381 1288 2424 viginti
1319 2383 1465 2425 quinque,

777 2437 856 2468 quas
881 2425 1060 2458 Alexander
1089 2425 1155 2456 fieri
1183 2425 1317 2467 jusserat
1338 2427 1467 2459 totidem

777 2470 1008 2500 fortissimorum
1046 2468 1178 2500 virorum
1206 2468 1239 2500 in
1278 2479 1385 2511 pugna
1425 2470 1465 2501 ad

779 2513 949 2544 Granicum
963 2511 1142 2542 occisorum.

818 2557 860 2587 34
883 2556 952 2586 Non
972 2556 1167 2586 incensultam
1193 2554 1365 2595 audaciam]
1395 2555 1464 2585 Hoc

775 2598 904 2630 debetur
931 2596 1066 2640 Sigonio.
1123 2598 1237 2634 Antea,
1266 2609 1324 2628 non
1350 2598 1464 2628 consul-

775 2648 845 2672 tam.

824 2685 865 2715 35
900 2683 1000 2724 Neque
1046 2690 1176 2724 receptus
1225 2682 1364 2712 Romanis
1407 2691 1461 2720 per

777 2726 879 2767 Tempe
904 2728 937 2756 in
975 2726 1164 2768 Thessaliam]
1203 2725 1343 2761 Quatuor
1377 2728 1460 2764 post-

774 2780 865 2801 remae
891 2779 981 2800 voces
1004 2768 1147 2800 videntur
1179 2768 1239 2798 hue
1272 2766 1461 2807 immigrasse

774 2822 812 2843 ex
834 2816 942 2854 quarto
965 2816 1036 2843 ante
1059 2822 1157 2845 versu.
1212 2809 1303 2842 Certe
1325 2809 1362 2840 iis
1383 2808 1458 2841 nihil

775 2855 824 2886 hic
838 2860 885 2886 est
897 2864 984 2896 opuS.
