1805 3174
536 79 997 128 PRAEFATm.
1395 83 1488 129 xvii

42 219 127 268 otii
163 219 434 277 intervalla,
472 235 648 267 suaves
685 220 934 267 interdum
965 219 1236 281 juvenibus
1275 219 1492 269 delecta-

40 297 201 345 tiones
223 298 449 361 praebere,
470 304 518 344 et
543 298 824 346 levamenta
840 315 1095 355 curarum,
1133 298 1338 345 easdem
1358 316 1490 355 vero,

40 374 80 421 si
105 375 232 438 quis,
252 375 333 422 ubi
352 391 453 422 rem
478 391 648 437 gerere
674 392 803 437 opus
820 383 909 431 est,
928 375 987 422 iis
1008 382 1186 434 utatur,
1206 382 1254 422 et
1281 377 1492 438 corpori,

41 459 91 499 et
116 453 281 500 animo
307 469 486 514 magna
510 453 682 499 afferre
706 452 1079 515 impedimenta.

104 530 262 593 Apud
290 530 483 578 Livium
512 530 682 593 Scipio
703 530 752 577 in
778 531 1003 578 oratione
1029 532 1090 578 ad
1115 530 1366 579 Allucium
1394 533 1489 580 hoc

37 608 190 654 modo
217 607 464 671 loquitur:
501 609 617 671 qaia
641 610 759 671 ipse,
786 608 951 670 sifretz'
976 610 1142 656 liceret
1167 610 1279 657 ludo
1305 614 1484 667 (etatis,
1503 621 1628 653 ΧῊἸ.
1645 624 1697 652 ⁵0-

31 687 304 748 proesertz'm
339 692 468 733 recto
491 695 537 749 et
565 688 787 752 legitimo
812 704 987 743 amore,
1016 695 1062 734 et
1097 705 1193 734 non
1220 690 1492 753 respublica

33 764 247 810 animum
261 772 476 812 nostram
492 774 780 829 occupasset,
802 768 989 814 veniam
1004 766 1129 813 mila·
1145 769 1254 815 dari
1269 785 1493 830 sponsam

34 841 296 904 impensius
311 843 499 889 amanti
522 842 701 890 vellem.
741 841 861 905 Ipsa
882 859 988 890 sese
1009 844 1174 907 prodit
1195 845 1487 904 similitudo,

36 917 127 964 sed
155 919 349 967 detorta
386 919 695 983 aliquantum
726 928 774 968 et
800 920 1025 969 deflexa:
1066 930 1118 970 ut
1144 924 1347 971 dubium
1380 943 1490 974 esse

33 1009 138 1042 non
164 997 340 1059 possit,
360 996 482 1060 quin
507 997 680 1045 Livius
702 997 809 1044 haec
835 999 1053 1046 scribens
1074 1000 1307 1048 Graecum
1334 1003 1489 1066 scrip-

33 1080 193 1121 torem
212 1074 417 1123 intuitus
443 1075 519 1131 sit,
541 1076 632 1122 sed
662 1076 723 1122 ab
750 1092 809 1123 eo
837 1077 1054 1139 prudens
1076 1086 1124 1124 et
1143 1079 1306 1126 sciens
1325 1097 1489 1128 reces-

34 1150 169 1207 serit,
197 1159 244 1198 et
268 1152 571 1215 quibusdam
597 1152 783 1199 additis
809 1152 1141 1211 lineamentis,
1169 1156 1486 1219 quibusdam,

33 1246 144 1293 quae
170 1246 346 1293 parum
372 1231 558 1278 decora
590 1238 745 1287 erant,
775 1231 824 1278 in
850 1232 1023 1279 melius
1057 1250 1115 1280 ac
1143 1234 1360 1296 pulcrius
1388 1253 1491 1283 mu-

32 1308 162 1365 tatis,
192 1309 234 1356 ei
264 1325 413 1372 quem
451 1308 585 1355 omni
613 1308 765 1355 laude
803 1309 1162 1364 cumulandum
1200 1324 1490 1376 susceperat

32 1386 138 1434 viro
168 1386 404 1433 mirandae
432 1384 739 1432 castimoniae
777 1386 957 1432 famam
986 1396 1171 1434 sartam
1201 1396 1490 1454 tectamque

30 1463 241 1512 voluerit
277 1480 512 1511 asserere.
583 1463 709 1517 Quae
735 1462 939 1526 quidem
976 1464 1082 1513 laus
1114 1483 1264 1529 quam
1296 1485 1400 1515 non
1427 1486 1489 1516 ex

31 1559 145 1590 vero
171 1543 219 1590 in
240 1542 528 1606 Scipionem
556 1541 853 1602 conferatur,
875 1542 1160 1591 testimonio
1181 1562 1384 1610 quoque
1411 1556 1489 1595 est

28 1621 258 1669 Valerius
296 1619 437 1667 Max·
470 1619 555 1683 qui
592 1619 624 1665 l.
651 1617 740 1667 Vl.
776 1636 819 1666 c.
847 1625 892 1666 7.
920 1619 1094 1668 laudat
1117 1621 1337 1670 AEmiliae
1372 1625 1482 1685 ejus

29 1698 200 1746 uxoris
237 1698 524 1746 comitatem
558 1706 605 1744 et
639 1696 947 1760 patientiam,
985 1700 1140 1763 quod,
1164 1718 1309 1763 quum
1342 1705 1488 1751 sciret

28 1778 134 1825 viro
153 1794 236 1824 suo
256 1777 539 1825 ancillulam
553 1792 614 1823 ea:
628 1777 729 1822 suis
737 1785 940 1841 gratam
958 1794 1067 1835 esse,
1089 1780 1487 1838 dissimulaverit,

26 1873 84 1903 ne
116 1857 394 1904 domitorem
424 1854 573 1903 Orbis
596 1854 926 1916 Africanuma
937 1856 1136 1918 semina
1161 1859 1484 1922 impudicitia?

31 1951 163 1982 reum
187 1943 370 2000 ageret.

95 2011 271 2060 Unum
309 2013 474 2060 adhuc
509 2019 748 2062 truncatae
775 2030 804 2060 a
827 2012 970 2061 Livio
1005 2015 1067 2062 ad
1102 2016 1635 2077 gratificandumremum

31 2088 267 2137 Romano
310 2090 498 2138 nomini
545 2091 841 2139 narrationis
888 2094 1172 2156 exemplum
1220 2097 1485 2160 subjunge·
1496 2084 1690 2157 {giiii-iii?

27 2184 171 2216 mus:
209 2185 314 2216 non
340 2169 637 2216 criminandi
675 2170 938 2233 prurigine,
967 2188 996 2217 a
1019 2189 1122 2234 qua
1156 2172 1304 2236 longe
1341 2159 1609 2223 amu-‘'¹⁰¹⁸''

30 2263 157 2302 mus,
183 2249 270 2294 sed
295 2254 347 2294 ut
369 2256 565 2294 nosmet
598 2248 809 2311 impetiti
835 2256 1019 2296 temere
1055 2251 1177 2298 tanti
1204 2251 1289 2298 viri
1323 2254 1484 2300 crimi-

28 2341 93 2371 ne
120 2324 467 2381 absolvamus,
506 2325 653 2373 simul
678 2327 816 2390 quod
843 2343 946 2374 non
970 2327 1076 2375 leve
1102 2329 1359 2392 negotium
1385 2331 1485 2393 agi-

29 2419 154 2457 mus,
184 2409 269 2450 aut
303 2402 353 2449 in
378 2419 476 2465 quo
509 2402 651 2449 nobis
689 2403 793 2450 sine
835 2404 1056 2466 plurimis
1094 2406 1484 2472 firmissimisque

29 2480 329 2542 argumentis
355 2480 430 2526 vel
457 2481 639 2528 debeat
663 2482 815 2538 credi,
842 2482 920 2530 vel
945 2483 1121 2546 possit.

33 2591 40 2596 -
96 2557 392 2620 Brachyllae,
411 2559 740 2620 Boeotarchae,
757 2559 859 2608 sive
876 2564 1055 2609 summi
1077 2562 1366 2613 Boeotorum
1383 2582 1482 2613 ma—

80 2664 95 2679 ³
126 2658 170 2695 In
199 2660 245 2703 iis
272 2672 366 2708 quas
395 2661 555 2697 vidimus
584 2659 726 2697 Valerii
783 2661 828 2697 de
858 2661 1046 2700 Antiocho
1074 2667 1264 2714 respicias,
1285 2667 1353 2701 erit
1382 2666 1481 2702 unde

28 2712 138 2750 Max.
159 2712 384 2750 editionibus
413 2714 550 2762 legitur
568 2714 725 2763 Africa-
781 2715 931 2752 dicatur
950 2716 1064 2754 Orbis
1083 2719 1242 2755 domitor
1262 2718 1398 2766 Scipio.

26 2767 89 2803 πὶ.-
132 2767 319 2803 mendose.
378 2765 440 2812 Et,
471 2769 502 2804 si
529 2769 724 2805 victoriam

85 2843 178 2872 voL.
201 2845 259 2872 1v.
845 2834 866 2857 ’³²
882 2846 908 2873 Β
