1831 3174
128 199 216 232 U.C.
232 200 305 231 574.

126 243 169 275 A.
179 245 214 273 (J.
234 244 305 273 178.

123 365 283 407 Triumphi

123 409 162 439 de
178 409 293 451 Hispa-

121 451 179 483 nis.

117 1847 262 1879 Comitia.

318 1570 448 1608 POSSE.

338 88 361 120 8
852 81 994 119 ΤΙΤΙ
1042 81 1215 119 LIVII

337 191 522 241 Rhodiis,
552 205 620 232 nec
647 191 746 232 ullos
776 191 1035 244 alicuiquam,
1057 192 1129 244 qui
1154 192 1245 231 nati
1264 190 1375 231 liberi
1394 190 1488 238 sint,
1512 191 1553 231 in
1573 191 1742 231 servita-

337 256 411 290 tem
433 250 529 289 dari
550 250 724 302 placere.
783 248 927 303 Lycios
946 249 1004 288 ita
1023 248 1092 288 sub
1112 248 1359 288 Rhodiorum
1389 249 1505 287 simul
1523 248 1687 300 imperio
1706 253 1744 287 et

335 307 457 346 tutela
477 321 568 353 esse,
591 313 635 346 ut
655 306 695 346 z‘n
715 305 864 345 ditione
880 305 1021 357 populi
1041 306 1217 345 Romani
1235 306 1417 345 civitates
1437 306 1554 344 socice
1573 305 1667 345 sint.

392 364 494 404 VII.
542 362 766 418 Triumphi
801 361 948 401 deinde
992 377 1043 402 ex
1080 361 1284 416 Hispania
1319 362 1403 402 duo
1437 361 1620 402 continui
1650 360 1742 401 acti.

335 419 455 460 Prior
486 419 751 475 Sempronius
782 417 995 459 Gracchus
1024 418 1075 458 de
1107 417 1323 459 Celtiberis
1354 417 1551 473 sociisque
1581 432 1743 464 eorum;

333 484 498 532 postero
537 476 603 516 die
645 477 694 516 L.
728 474 967 515 Postumius
1006 475 1057 515 de
1098 474 1310 515 Lusitanis
1349 474 1519 529 aliisque
1560 474 1745 530 ejusdem

332 532 509 588 regionis
546 532 743 588 Hispanis
778 530 1061 587 triumphavit.
1097 530 1414 594 ²⁶quadraginta
1445 531 1573 571 millia
1606 530 1745 587 pondo

328 589 488 645 argenti
512 589 579 629 Ti.
604 588 817 630 Gracchus
838 588 1063 638 transtulit,
1085 587 1232 643 viginti
1262 587 1389 628 millia
1409 588 1600 628 Albinus.
1661 586 1745 627 Mi-

328 645 471 687 litibus
499 645 724 686 ²⁷denarios
753 645 901 701 quinos
931 644 1106 693 vicenos,
1128 644 1284 699 duplex
1314 644 1556 694 centurioni,
1592 644 1743 699 triplex

329 702 459 758 equiti
479 703 601 743 ambo
630 702 875 742 diviserunt:
922 701 1038 742 sociis
1068 701 1341 751 tantumdem,
1363 709 1566 756 quantum
1593 701 1745 741 Roma-

328 759 401 800 nis.
478 761 558 800 Per
596 758 758 800 eosdem
798 759 904 799 forte
943 758 1029 798 dies
1071 759 1132 798 M.
1155 758 1310 798 «Iunius
1349 757 1490 798 consul
1529 773 1580 798 ex
1622 756 1746 798 Istria

329 815 587 856 comitiorum
622 831 765 856 caussa
799 816 976 855 Romam
1011 814 1134 855 venit.
1214 816 1325 855 Eum
1361 830 1492 870 quum
1527 814 1568 854 in
1599 822 1743 854 senatu

328 872 571 927 fatigassent
591 871 983 927 interrogationibus
1013 871 1169 911 tribuni
1199 871 1330 926 plebis
1360 871 1551 926 Papirius
1571 879 1612 912 et
1634 870 1743 911 Lici-

330 929 422 969 nius
451 929 503 969 de
522 929 600 978 his,
622 944 717 985 quae
747 929 789 968 in
812 927 936 968 Istria
956 935 1088 968 essent
1119 935 1224 976 acta,
1246 928 1287 967 in
1313 927 1545 969 concionem
1576 942 1743 983 quoque

329 985 629 1041 produxerunt.
690 985 764 1026 Ad
783 999 879 1040 quae
904 999 1035 1040 quum
1066 983 1222 1033 consul,
1244 998 1284 1024 se
1305 984 1388 1024 dies
1409 999 1483 1024 non
1504 985 1590 1036 plus
1619 986 1742 1024 unde—

329 1043 403 1082 cim
425 1043 467 1082 in
489 1058 535 1083 ea
551 1043 768 1096 provincia
786 1042 936 1096 ficisse,
959 1040 1242 1096 responderet3
1290 1055 1378 1095 quae
1397 1056 1438 1081 se
1467 1042 1622 1082 absente
1653 1047 1743 1081 acta

328 1106 468 1148 essent,
492 1114 533 1140 se
547 1114 709 1154 quoque,
731 1106 774 1139 ut
795 1100 1030 1150 illos,fama
1050 1105 1249 1150 comperta
1265 1099 1431 1144 habere,-
1465 1099 1744 1154 exsequeban-

329 1164 399 1197 tur
434 1157 582 1198 deinde
612 1165 857 1213 quaerentes,
891 1156 1000 1203 Quid
1025 1156 1082 1194 ita
1113 1169 1189 1195 non
1215 1157 1347 1208 potius
1377 1155 1427 1195 A.
1445 1156 1627 1196 illanlz‘us
1661 1153 1743 1196 Ro-

327 1228 431 1253 mam
461 1214 641 1264 venisset,
673 1221 714 1254 nt
744 1215 937 1254 rationem
978 1213 1154 1253 redderet
1181 1213 1333 1266 populo
1362 1213 1561 1260 Romano,
1592 1228 1663 1253 cnr
1697 1227 1745 1252 ex

331 1271 470 1311 Gallia
497 1272 721 1323 provincia,
753 1286 869 1324 quam
898 1271 1064 1311 sortitus
1093 1276 1208 1321 esset,
1234 1272 1278 1310 in
1310 1271 1475 1311 Istriam
1505 1271 1743 1311 transisset?

326 1326 523 1382 ²⁸q2cando
553 1328 596 1368 id
624 1329 762 1369 bellum
792 1335 952 1369 senatus
980 1327 1220 1376 decrevisset,
1243 1329 1401 1382 qnando
1431 1329 1477 1367 id
1503 1328 1642 1368 bellam
1666 1341 1744 1380 po-

323 1386 443 1436 pulus
463 1388 666 1426 Romanus
671 1384 885 1438 jussisset?
931 1385 1001 1433 At,
1024 1386 1216 1436 Hercule,
1231 1387 1397 1437 privato
1415 1385 1566 1438 quidem
1587 1385 1746 1425 consilio

326 1442 466 1482 bellum
483 1450 699 1495 susceptum
716 1457 811 1491 esse,
828 1443 897 1482 scd
910 1448 1062 1494 gestum
1083 1443 1291 1493 prudenter
1301 1440 1560 1495 fortiterque.
1603 1442 1743 1489 Immo,

325 1505 456 1539 utram
488 1506 702 1552 susceptum
731 1500 778 1540 sit
809 1499 987 1552 nequius,
1011 1513 1065 1537 an
1095 1499 1353 1539 inconsultius
1377 1505 1545 1552 gestum,
1567 1499 1646 1538 diez·
1665 1513 1743 1538 non

507 1556 710 1596 Stationes
739 1557 841 1596 duas
861 1556 1140 1606 necopinantes
1159 1556 1210 1595 ab
1234 1556 1350 1596 [stris
1374 1556 1587 1608 obpressos,
1606 1562 1744 1595 castra

325 1613 516 1653 Romana
544 1620 676 1666 capta,
697 1612 839 1666 ⁶²⁹quod
862 1613 1057 1665 peditum,
1089 1614 1192 1665 quod
1220 1614 1390 1665 equitum
1420 1613 1458 1652 z’n
1488 1614 1629 1653 castris
1646 1611 1742 1664 slte-

325 1671 396 1710 rit.
418 1676 563 1710 ceteros
595 1671 763 1710 inermes
781 1667 1015 1721 ⁵⁰fasosq2ce,
1037 1675 1132 1708 ante
1151 1683 1281 1710 omnes
1311 1669 1664 1722 conszclemipsum,
1687 1671 1745 1709 acl

326 1740 433 1766 mare
449 1741 498 1766 ac
519 1727 823 1783 navesfugz'sse.
880 1727 1092 1766 Privatum
1122 1726 1317 1766 rationem
1339 1726 1585 1766 redditurum
1606 1741 1741 1766 earum

327 1797 452 1823 rerum
475 1798 567 1831 esse,
590 1785 777 1836 quoniam
798 1783 936 1822 consul
955 1784 1156 1823 noluisset.

383 1841 513 1880 VIII.
562 1840 739 1881 Comitia
778 1839 925 1880 deinde
963 1839 1116 1880 habita.
1149 1840 1335 1881 consules
1368 1840 1508 1889 creati,
1546 1841 1592 1881 C.
1618 1840 1741 1881 Clau-

327 1896 421 1937 dius
462 1896 655 1945 Pulcher,
694 1896 761 1936 Ti.
801 1896 1066 1951 Sempronius
1103 1896 1334 1937 Gracchus:
1385 1906 1426 1938 et
1466 1905 1630 1952 postero
1675 1897 1741 1937 die

326 1961 523 2008 praetores
552 1953 665 2001 facti,
698 1954 745 1992 P.
764 1953 903 1993 AElius
935 1953 1107 1993 Tubero
1136 1952 1301 2003 iterum,
1335 1955 1381 1994 C.
1402 1953 1620 2003 Quinctius
1648 1953 1742 1994 Fla-

326 2009 519 2059 mininus,
567 2010 613 2050 C.
652 2009 880 2059 Numisius,
934 2008 966 2031 ⁵¹
986 2010 1031 2050 C.
1050 2013 1064 2033 ¹¹
1104 2010 1352 2059 Mummius,
1408 2012 1483 2050 Cn.
1528 2010 1744 2050 Cornelius

899 2082 915 2106 h
934 2082 1002 2113 C.l.
1028 2081 1062 2111 L.
1078 2082 1169 2113 Crev.

327 2150 452 2187 paratus
473 2152 504 2176 et
518 2145 675 2176 thesauros
700 2144 903 2181 Rhodiorum,
928 2157 1003 2186 quo-

328 2199 393 2218 rum
409 2198 479 2218 cum
493 2189 606 2218 Perseo
626 2188 763 2218 amicitia
777 2195 919 2230 suspecta
938 2189 1004 2229 jam

327 2230 363 2261 iis
379 2235 454 2261 erat.
500 2231 539 2260 Et
554 2241 584 2261 re
601 2230 725 2271 quidem
740 2242 812 2261 vera
834 2230 915 2262 idern
931 2242 1003 2262 auc-

327 2279 372 2303 tor
388 2279 445 2308 est,
464 2273 571 2313 Legat.
586 2274 635 2303 61.
653 2273 775 2314 Lycios,
792 2274 844 2314 qui
858 2274 923 2315 jam
941 2274 1004 2304 vic-

327 2315 349 2345 ti
384 2315 603 2356 acquieverant
639 2316 831 2346 Rhodiorum
858 2317 1004 2358 imperiis,

328 2357 432 2388 audito
470 2357 680 2388 Romanorum
717 2369 860 2400 responso
904 2370 1005 2389 rursus

328 2400 506 2430 tumultuari
526 2400 665 2441 coepisse.

370 2443 412 2472 26
436 2443 641 2483 Quadraginta
666 2443 759 2472 millia
780 2446 871 2481 pondo
900 2455 1005 2485 argen-

328 2486 366 2526 ti]
399 2486 527 2515 Marcas
556 2490 704 2516 nostrates
731 2486 845 2516 62500.
895 2487 1006 2528 Viginti

329 2528 433 2558 millia.
477 2528 604 2558 Marcas
619 2528 736 2558 31250.

370 2570 410 2600 27
435 2570 575 2600 Denarios
593 2572 692 2610 quinos
713 2571 837 2611 vicenos]
862 2570 1005 2613 Amplius

326 2618 429 2643 ternas
443 2612 550 2642 uncias
565 2612 682 2653 argenti
698 2618 856 2643 nostrates.

369 2655 410 2684 28
436 2655 558 2689 Quando
587 2657 618 2684 id
640 2655 744 2684 bellum
766 2662 879 2685 senatus
907 2658 1004 2686 ‹lecre-

326 2698 418 2732 visset,
434 2699 547 2737 quando
566 2699 596 2727 id
622 2698 726 2727 bellum
746 2699 884 2738 popalus]
918 2699 1004 2729 Male

328 2738 462 2779 profecto
486 2740 612 2770 iteratur
637 2742 667 2770 id
690 2741 804 2770 bellum.
849 2741 936 2771 Tolle
958 2741 1003 2770 in-

327 2786 444 2827 gratam
470 2782 692 2824 repetitionem.
731 2788 853 2813 auctore
883 2783 1003 2814 Grono-

328 2833 386 2854 vio.

1101 2147 1142 2176 29
1169 2147 1252 2180 Quod
1277 2149 1419 2186 peditum,
1454 2148 1528 2186 quod
1558 2148 1687 2186 equitnm.
1711 2149 1741 2177 in

1059 2191 1159 2219 castris
1173 2190 1290 2231 fuerit]
1336 2189 1468 2220 Videtur
1494 2189 1586 2230 adjici
1617 2189 1740 2225 debere,

1059 2243 1175 2263 cresum.
1221 2233 1323 2262 Nemo
1345 2232 1427 2262 enim
1450 2238 1559 2273 captus
1580 2231 1612 2261 in
1634 2232 1741 2263 castris

1060 2285 1126 2305 esse
1142 2274 1255 2305 dicitur
1270 2286 1362 2316 supra
1376 2275 1444 2305 c-‘Z-
1467 2275 1527 2305 Sed
1543 2275 1592 2305 M.
1603 2275 1741 2306 Licinius

1061 2318 1169 2348 Strabo
1194 2328 1264 2347 cum
1287 2317 1378 2347 trium
1407 2317 1563 2357 signorum
1591 2317 1741 2348 militibus

1060 2370 1168 2390 caesus.
1214 2359 1283 2389 Nisi
1299 2360 1373 2390 forte
1389 2359 1439 2389 hic
1457 2359 1651 2401 intelligendi
1667 2366 1738 2390 sunt

1060 2402 1134 2442 aegri
1158 2402 1256 2433 relicti
1276 2402 1307 2432 in
1330 2401 1448 2437 castris,
1473 2413 1601 2443 quorum
1624 2403 1739 2433 mentio

1060 2444 1094 2473 fit
1110 2455 1138 2475 c.
1148 2446 1177 2474 4.
1689 2460 1693 2467 -

1103 2488 1144 2517 30
1168 2487 1195 2516 F
1197 2487 1325 2527 usosqne]
1360 2488 1499 2528 Sparsos
1523 2487 1608 2517 nullo
1631 2487 1736 2518 ordine

1060 2528 1244 2560 dilabentes.
1283 2529 1333 2560 Sic
1351 2530 1370 2559 l.
1386 2529 1432 2560 II.
1449 2530 1541 2559 c.54.
1565 2530 1647 2559 Sicut
1665 2532 1739 2560 acies

1049 2571 1200 2612 funditur
1226 2574 1299 2602 duce
1324 2574 1421 2602 occiso.
1478 2573 1518 2601 Et
1549 2571 1657 2602 Cicero
1683 2583 1737 2613 pro

1059 2614 1175 2650 Sextio,
1191 2615 1283 2645 n.9l.
1297 2614 1367 2656 fust
1391 2625 1442 2653 per
1467 2625 1550 2655 agros
1572 2625 1607 2643 ac
1628 2616 1736 2654 disper-

1059 2667 1093 2686 sz.

1101 2699 1135 2728 3]
1166 2699 1203 2730 L.
1220 2699 1395 2740 Mummius]
1420 2700 1603 2729 Praenomen
1630 2700 1736 2730 aberat

1059 2740 1089 2770 in
1104 2741 1203 2782 prima
1222 2741 1365 2772 editione.
1412 2742 1514 2782 Vulgo
1530 2752 1611 2771 nunc
1626 2742 1737 2782 legitur

1061 2784 1093 2813 C.
1108 2784 1274 2815 Mummius.
1327 2784 1388 2814 Sed
1411 2790 1536 2814 vocatur
1562 2784 1598 2814 L.
1615 2784 1693 2815 infra
1708 2796 1736 2815 c.

1057 2826 1087 2857 9.
1112 2832 1141 2855 ct
1157 2838 1247 2867 supra
1263 2829 1283 2858 l.
1300 2827 1492 2857 xxxvlu.
1507 2838 1534 2858 c.
1547 2828 1596 2857 54.
1622 2827 1736 2857 mentio
