1826 3149
344 62 417 96 <248
885 70 1192 113 EPITOMAE

874 204 1197 262 LXXXHR

396 282 510 323 Sulla
544 285 700 339 legatis,
734 290 799 341 qui
829 306 854 331 a
883 300 1022 334 senatu
1044 297 1152 338 missi
1170 302 1494 353 erant„fieturwn
1514 321 1554 348 se
1579 310 1622 349 in
1641 319 1733 363 pot-

340 343 462 378 estate
473 349 630 382 senalus
643 348 858 397 respondit,
873 350 910 388 si
928 351 1038 399 cives,
1062 356 1132 405 qui
1149 359 1294 407 pulsia
1310 362 1443 402 Cinna
1465 366 1521 403 ad
1537 380 1578 405 se
1597 381 1667 406 con
1690 384 1732 408 u-

333 404 493 446 geraut,
517 400 824 443 restituerentur.
845 419 933 457 quse
960 410 1138 450 conditio
1158 428 1271 466 quum
1286 416 1409 469 justa
1438 424 1597 462 senatui
1623 425 1733 464 vide-

335 458 454 500 retur,
476 467 546 505 per
578 456 796 499 Carbonem
810 461 1114 519 factionemque
1142 469 1236 522 ejus,
1258 475 1325 513 cui
1352 475 1491 517 bellum
1522 479 1733 523 videbatur

336 509 487 556 utilius,
520 524 566 550 ne
594 517 832 564 conveniret,
863 517 1043 573 effectum
1080 531 1150 565 est.
1208 529 1319 570 Idem
1352 533 1496 582 Carbo,
1533 550 1647 588 quum
1681 540 1732 579 ab

333 566 509 607 omnibus
537 571 697 621 oppidis
727 573 864 615 Italiae
893 578 1133 633 coloniisque
1161 583 1314 627 obsides
1342 590 1501 643 exigere
1529 594 1654 642 vellet,
1687 603 1730 636 ut

313 621 444 670 fidem
475 638 602 666 corum
636 635 775 669 contra
807 631 956 674 Sullam
987 636 1197 691 obligaret,
1227 657 1411 685 consensu
1449 655 1606 690 senatus
1632 665 1730 703 pro-

330 677 470 718 hibitus
491 687 564 721 est.
612 682 645 707 ²⁰
660 684 788 726 Novis
813 689 962 729 civibus
981 701 1315 740 senatusconsulto
1334 700 1572 758 suffragium
1590 708 1727 750 (latum

332 740 401 774 est.
456 735 509 784 Q.
534 738 721 782 Metellus
756 745 873 794 Pius,
905 747 970 800 qui
996 757 1134 799 partes
1163 757 1409 806 optimatium
1440 769 1591 804 secutus
1624 773 1726 814 erat,

329 804 442 842 alciun
474 794 515 833 in
545 795 688 847 Africa
719 798 858 841 bellum
887 805 1103 857 moliretur,
1126 824 1153 848 a
1177 812 1220 852 C.
1244 813 1369 854 Fabio
1395 824 1565 867 prcetore
1592 823 1728 872 pulsus

330 854 387 886 cst
402 863 416 886 .·
454 858 684 906 senatusque
713 860 927 899 consultum
949 863 1253 914 perfectionem
1287 872 1483 913 Carbonis
1502 882 1539 915 et
1562 876 1726 919 Maria-

328 917 468 946 narum
481 910 662 960 partium
676 912 839 965 factum
860 923 929 966 est,
951 925 993 958 ut
1013 933 1144 963 omnes
1172 924 1313 978 ubique
1333 930 1519 972 exercitus
1549 934 1725 976 dimitte-

326 968 476 1003 rentur.
513 965 713 1008 Libertini
740 969 781 1009 in
803 974 971 1027 quinque
999 983 1037 1017 et
1057 979 1230 1033 triginta
1249 983 1375 1025 tribus
1405 986 1603 1029 distributi
1621 999 1724 1033 sunt.

327 1017 537 1061 Pra’terea
556 1022 648 1064 belli
676 1027 930 1080 adparatum,
953 1035 1060 1086 quod
1097 1044 1234 1078 contra
1273 1041 1421 1083 Sullam
1457 1047 1721 1099 excitabatur,

324 1076 506 1118 continet.

868 1176 1165 1235 LXXXV.

374 1264 487 1305 Sulla
519 1268 562 1307 in
589 1270 756 1311 Italiam
778 1287 860 1313 cum
890 1278 1060 1318 exercitu
1091 1282 1258 1335 trajecit,
1280 1285 1312 1309 ‘2¹
1329 1287 1532 1342 missisque
1562 1291 1719 1346 legatis,

321 1321 390 1371 qut
419 1323 468 1362 de
489 1337 593 1375 pace
621 1336 800 1381 agerent,
823 1344 848 1370 a
868 1336 1026 1374 consule
1055 1337 1101 1377 C.
1126 1339 1318 1382 Norbano
1348 1345 1512 1394 violatis,
1543 1351 1719 1391 eumdem

317 1376 550 1421 Norbanum
565 1385 711 1434 praelio
739 1387 841 1427 vicit.
898 1390 958 1430 Et
979 1405 1096 1444 quum
1125 1396 1180 1436 L.
1202 1397 1402 1451 Scipionis
1431 1404 1594 1446 alterius
1627 1421 1717 1448 con-

314 1435 425 1482 sulis,
461 1450 544 1477 cum
579 1453 653 1492 quo
683 1455 759 1493 per
787 1445 913 1484 omnia
945 1448 990 1487 id
1020 1459 1164 1503 egerat,
1194 1461 1237 1494 ut
1257 1470 1399 1507 pacem
1423 1459 1624 1515 jungeret,
1647 1478 1717 1505 nec

306 1497 510 1541 potuerat,
532 1503 664 1537 castra
685 1499 983 1553 obpugnaturus
1012 1514 1123 1558 esset,
1143 1511 1348 1554 universus
1368 1518 1561 1559 exercitus
1579 1534 1715 1562 consu-

313 1547 376 1595 lis,
399 1549 636 1593 sollicitatus
658 1569 734 1607 per
762 1559 923 1599 emissos
951 1575 978 1600 a
1007 1563 1121 1604 Sulla
1150 1568 1309 1618 milites,
1329 1572 1446 1625 signa
1475 1576 1532 1614 ad
1561 1576 1713 1619 Sullam

312 1607 523 1647 transtulit.
577 1610 725 1662 Scipio,
764 1627 879 1665 quum
920 1620 1052 1659 occidi
1082 1630 1230 1673 posset,
1272 1628 1451 1670 dimissus
1489 1638 1557 1672 est.
1637 1636 1711 1676 Cn.

316 1661 540 1715 Pompeius,
565 1667 636 1706 Cn.
659 1669 709 1708 F.
729 1668 822 1721 ejuS,
844 1673 914 1724 qui
934 1674 1117 1717 Asculum
1147 1690 1319 1732 ceperat,
1340 1688 1560 1740 conscripto
1579 1692 1711 1732 volun-

313 1719 500 1760 tariorum
530 1725 714 1773 eoeercdu,
737 1739 820 1767 cum
853 1729 978 1771 tribus
1005 1734 1226 1787 legionibus
1253 1741 1310 1778 ad
1338 1742 1490 1784 Sullam
1519 1755 1707 1795 venerat,-

310 1774 366 1813 arl
384 1789 493 1827 quem
522 1793 562 1818 se
582 1782 772 1823 nobilitas
800 1787 925 1828 omnis
953 1790 1189 1841 conferebat,
1212 1795 1270 1834 ita
1293 1803 1335 1838 ut
1354 1800 1512 1841 deserta
1541 1804 1636 1843 urbe
1656 1808 1711 1846 ad

309 1838 441 1872 castra
471 1837 686 1879 veniretur.
745 1841 957 1884 Praeterea
986 1849 1256 1899 expeditiones
1276 1867 1356 1906 per
1384 1862 1507 1898 totam
1539 1859 1708 1902 Italiam

308 1888 505 1944 utriusque
521 1894 651 1944 partis
671 1896 808 1938 ducum
828 1897 1067 1950 refiruntur.

780 2023 1167 2083 vLXXXVI.

365 2106 489 2152 Quum
515 2110 559 2151 C.
584 2111 760 2163 Marius,
783 2116 828 2156 C.
853 2116 988 2159 Marii
987 2121 1128 2172 filius,
1151 2128 1287 2167 consul
1305 2135 1398 2169 ante
1418 2145 1540 2174 annos
1558 2134 1703 2188 viginti

291 2165 469 2212 pervim
494 2174 649 2209 creatus
678 2178 787 2220 esset,
815 2173 858 2213 C.
880 2174 1032 2217 Fabius
1062 2179 1103 2219 in
1126 2180 1270 2233 Africa
1291 2193 1464 2240 propter
1491 2192 1700 2233 crudelita-

339 2276 379 2304 20
417 2276 503 2308 Novis
529 2282 633 2311 civibus
654 2287 893 2317 senatusconsulto
915 2289 977 2329 suf-

286 2318 426 2356 fragium
448 2322 548 2352 datum
571 2324 625 2364 est]
672 2326 732 2356 Hic
755 2328 890 2369 profecto
920 2331 976 2361 ali-

295 2359 369 2399 quid
392 2365 532 2401 peccavit
556 2366 603 2395 vel
633 2367 823 2400 librariorum
855 2382 974 2410 manus,

293 2401 341 2433 vel
365 2402 428 2442 ipse
451 2406 599 2445 epitomes
621 2415 736 2442 auctor.
781 2413 871 2443 Italis
892 2416 973 2447 enim

293 2454 361 2474 cum
378 2444 502 2478 civitate
513 2449 563 2489 jus
584 2461 705 2492 quoque
717 2455 851 2495 suffragii
865 2455 971 2489 datum

291 2497 356 2517 esse
383 2494 512 2520 constat.
555 2493 616 2523 Sed
631 2493 755 2526 fortasse
778 2497 867 2539 hujus
882 2509 970 2531 sena-

290 2530 468 2560 tusconsulti
490 2532 557 2563 haec
580 2545 665 2566 mens
690 2538 798 2575 fuerat,
831 2546 864 2570 ut
889 2544 971 2582 quod

290 2582 307 2601 a
338 2572 457 2603 tribuno
486 2574 584 2615 plebis
622 2579 759 2620 Sulpicio
787 2583 971 2622 institutum,

288 2624 357 2644 mox
381 2624 398 2644 a
420 2616 505 2647 Sulla
529 2619 687 2650 rescissum
711 2623 819 2661 fuerat,
844 2636 970 2657 renova—

288 2662 367 2687 retur
383 2664 413 2687 et
435 2660 672 2698 confirmaretur,
699 2675 820 2708 nempe,
844 2673 877 2698 ut
900 2670 968 2700 novi

288 2699 369 2729 cives
393 2700 423 2730 in
440 2702 573 2745 quinque
596 2710 625 2735 et
641 2706 763 2748 triginta
785 2709 882 2740 tribus
904 2711 964 2742 dis-

285 2741 497 2776 tribuerentur.

329 2784 365 2814 21
408 2786 554 2828 Missaque
591 2791 699 2832 legatis,
729 2796 777 2834 qui
813 2796 846 2825 dc
895 2808 964 2835 pace

1021 2299 1150 2331 agerent,
1174 2306 1192 2324 a
1213 2298 1326 2327 consule
1350 2299 1384 2330 C.
1408 2300 1543 2332 Norbano
1570 2305 1697 2348 violatis]

1021 2331 1216 2374 Sustulimus,
1248 2345 1369 2371 auctore
1402 2342 1573 2385 Campano,
1602 2348 1709 2387 parti-·

1019 2377 1121 2408 culam
1136 2385 1163 2409 et
1175 2386 1245 2410 ante
1257 2393 1275 2410 α
1288 2385 1411 2415 cotzsule.
1455 2387 1568 2417 Sensus
1580 2390 1694 2432 quippe

1017 2425 1081 2448 est:
1105 2420 1215 2461 legatis
1236 2424 1289 2463 qui
1306 2435 1324 2456 a
1347 2427 1434 2467 Sylla
1455 2428 1537 2459 missi
1561 2438 1658 2468 eram,
1675 2444 1694 2464 a

1015 2465 1138 2493 consule
1153 2464 1285 2497 violatis.
1328 2468 1431 2499 Aliam
1451 2469 1501 2501 hic
1525 2478 1554 2502 et
1570 2474 1692 2516 majoris

1015 2500 1159 2535 niomenti
1183 2508 1427 2541 emendationem
1448 2512 1521 2543 fecit
1537 2515 1691 2556 Sigonius.

1014 2545 1158 2587 Plerique
1182 2549 1256 2580 editi
1272 2556 1301 2580 et
1317 2551 1385 2583 libri
1409 2554 1565 2587 habebant
1580 2570 1598 2588 a
1612 2571 1688 2591 cons.

1019 2588 1074 2619 Cn.
1093 2590 1219 2621 Carbone
1232 2599 1258 2622 et
1284 2593 1317 2623 C.
1335 2595 1487 2627 Norbano:
1518 2601 1599 2640 quod
1616 2612 1688 2633 con-

1015 2635 1061 2660 tra
1082 2631 1212 2663 historiae
1235 2634 1325 2665 fidem
1349 2643 1425 2669 erat.
1470 2642 1582 2683 Neque
1605 2645 1687 2676 enim

1015 2672 1115 2704 Carbo
1137 2674 1194 2705 hoc
1208 2686 1287 2708 anuo
1310 2684 1414 2711 consul
1432 2682 1498 2714 suit.
1545 2686 1685 2718 Certissi—

1010 2724 1091 2745 mam
1117 2717 1231 2757 Sigonii
1255 2722 1461 2762 conjecturam
1484 2726 1604 2758 firmant
1631 2730 1683 2760 Pi-

1009 2756 1110 2788 thoeus
1132 2761 1214 2801 apud
1237 2762 1418 2803 Hearnium,
1440 2773 1470 2798 et
1493 2769 1681 2812 Campanus,

1008 2799 1059 2840 qui
1075 2801 1168 2834 habet
1183 2816 1200 2834 a
1216 2808 1328 2838 consule
1345 2809 1400 2841 Cn.
1417 2810 1561 2843 Norbano.
1631 2836 1639 2852 ‹
