1816 3159
283 80 345 111 xc
788 63 1241 113 PRAEFATIO.

286 202 582 265 pertingant,
620 202 843 265 superius
880 220 1083 268 quoque
1119 203 1348 268 apposita
1381 201 1740 266 insignivimus,

286 286 342 326 ut
366 279 428 326 ab
452 278 608 342 ipsius
648 278 775 325 Livii
800 280 961 327 verbis
988 280 1439 343 distinguerentur3
1473 279 1650 327 iisdem
1672 287 1743 327 ta-

289 373 401 404 men
428 355 637 403 servatis
664 362 895 418 typorum
933 356 1116 412 formis,
1141 373 1205 403 ne
1231 356 1467 404 varietate
1498 357 1743 418 majorum

288 434 638 496 minorumque
687 432 956 480 litterarum
1001 433 1093 480 sibi
1138 433 1349 481 invicem
1396 433 1743 496 permistarum

290 512 467 575 periret
494 510 636 573 primi
673 518 908 573 aspectus
934 512 1101 569 decor,
1128 517 1178 558 et
1210 511 1372 558 nitida
1394 511 1640 574 quaedam,
1666 510 1745 558 cui

291 589 547 637 consulere
566 588 712 649 juvit,
733 587 1037 635 blandientis
1063 588 1236 635 frontis
1255 587 1515 650 elegantia.
1588 588 1744 634 Secus

290 667 485 729 egimus
509 665 559 712 in
591 665 952 729 supplementis
989 665 1424 721 Freinshemianis,
1451 683 1560 729 quae
1592 681 1745 729 quum

293 744 354 790 ab
392 743 536 790 Livio
575 743 803 804 sejuncta
840 744 1044 791 omnino
1081 743 1194 799 sint,
1219 744 1422 791 liberam
1458 743 1601 790 nobis
1638 743 1745 790 reli-

292 829 505 885 querunt
541 819 841 868 discriminis
866 821 914 868 in
939 820 1108 868 formis
1146 819 1518 883 typographicis
1551 836 1748 867 servan-

294 898 345 945 di
371 906 686 962 potestatem.
758 898 892 952 Quid
920 898 1051 946 circa
1073 897 1158 944 illa
1179 896 1560 962 praestiterimus,
1582 897 1748 944 dicen-

299 976 416 1023 dum
436 977 541 1037 jam
568 976 711 1024 nobis
737 984 829 1024 est.

80 1067 288 1116 Suprssqmen-
369 1053 834 1116 Supplementorum
862 1052 1374 1100 Freinshemianorum
1402 1068 1581 1099 novam
1602 1058 1652 1098 et
1671 1068 1752 1098 ac-

83 1110 280 1181 {igniiissa
303 1139 527 1178 curatam
553 1131 840 1187 editionem,
865 1131 1003 1195 quod
1028 1131 1125 1179 Th.
1152 1130 1399 1178 Hearnius
1432 1130 1482 1177 in
1507 1128 1751 1192 praefatio-

84 1195 363 1268 ssss'ffimoeg'ne
388 1208 450 1254 ad
485 1207 671 1254 Livium
708 1225 826 1272 opus
847 1224 956 1255 esse
981 1209 1146 1271 spissa?
1169 1209 1445 1272 diligentia?
1471 1205 1751 1268 judicabat,

302 1286 350 1333 id
378 1284 583 1332 nimium
606 1285 795 1347 experti
820 1284 1095 1332 sensimus:
1133 1301 1225 1331 nec
1247 1284 1399 1331 semel
1420 1299 1510 1330 nos
1529 1282 1753 1345 poenituit

302 1361 578 1410 conaminis
599 1360 872 1408 animosius
892 1376 1043 1424 quam
1064 1367 1212 1407 caute
1230 1360 1469 1422 suscepti,
1489 1360 1630 1420 cujus
1647 1375 1754 1421 gra-

302 1457 386 1488 ves
422 1438 672 1487 molestias
703 1439 783 1487 vix
820 1439 940 1502 ipsa,
973 1455 1082 1502 quae
1114 1454 1294 1501 magna
1329 1446 1420 1493 est,
1450 1437 1568 1485 satis
1603 1437 1752 1499 digne

303 1524 534 1579 pensaret
559 1516 761 1563 utilitas,

370 1594 488 1641 Duo
515 1593 655 1640 nobis
686 1591 972 1655 praestanda
1008 1599 1160 1649 erant,
1187 1597 1239 1639 ut
1262 1598 1312 1639 et
1335 1591 1498 1655 ipsum
1534 1607 1660 1654 opus
1683 1607 1755 1638 re-

303 1686 735 1732 cognosceremus,
763 1676 813 1716 et
837 1668 1124 1716 testimonia
1157 1676 1430 1726 auctorum,
1456 1684 1666 1733 quorum
1691 1686 1754 1716 ex

304 1748 536 1796 membris
572 1765 672 1795 suae
709 1746 926 1795 historiae
962 1762 1145 1809 corpus
1181 1747 1549 1810 coagmentavit
1589 1746 1755 1794 Frein-

305 1825 539 1884 shemius,
566 1826 873 1873 restituenda
895 1833 944 1872 et
969 1833 1084 1888 apte
1108 1825 1410 1873 collocanda
1434 1841 1735 1872 curaremus.

372 1903 569 1951 Primus
604 1903 688 1950 ille
721 1903 877 1958 labor,
909 1902 995 1966 qui
1029 1903 1189 1964 major
1224 1909 1272 1950 et
1304 1901 1564 1965 operosior
1598 1901 1755 1949 videri

306 1986 516 2042 poterat,
555 1980 704 2043 longe
737 1980 974 2028 leviorem
1011 1981 1158 2029 nobis
1195 1981 1470 2029 molestiam
1510 1979 1752 2036 exhibuit,

309 2057 375 2104 ob
411 2057 727 2120 singularem,
755 2074 905 2122 quam
934 2058 1120 2106 meritis
1150 2059 1256 2121 jam
1281 2059 1510 2106 laudibus
1534 2058 1753 2113 tulimus,

93 2155 130 2183 ιη
147 2154 276 2191 qnibus-
309 2134 558 2199 scriptoris
584 2135 909 2198 diligentiam.
980 2136 1033 2184 Si
1053 2153 1162 2200 quae
1187 2143 1352 2184 tamen
1372 2137 1522 2192 fuere,
1541 2153 1651 2200 quae
1671 2135 1754 2182 ille

92 2198 287 2268 aix-emen·
309 2219 395 2259 aut
418 2213 762 2275 negligentius,
786 2220 841 2261 ut
864 2215 932 2269 fit,
959 2221 1214 2274 tractasse,
1239 2222 1339 2270 aut,
1364 2231 1519 2277 quum
1545 2213 1754 2274 alicujus

309 2291 548 2338 momenti
572 2299 752 2348 essent,
777 2291 1060 2340 inconsulte
1085 2292 1473 2355 praetermisisse,
1499 2298 1583 2338 aut
1607 2291 1754 2338 etiam

310 2367 527 2415 humano
550 2385 709 2416 errore
729 2370 896 2432 lapsus
916 2386 1018 2417 non
1044 2371 1162 2417 satis
1187 2376 1417 2418 accurata
1443 2370 1541 2416 fide
1560 2385 1756 2431 expres-

310 2444 448 2501 sisse,
484 2452 534 2492 et
569 2446 771 2508 paulum
804 2464 833 2494 a
864 2463 979 2495 vero
1017 2448 1282 2510 detorsisse
1316 2448 1576 2500 videretur,
1612 2462 1670 2491 ea
1704 2444 1756 2492 in

311 2521 440 2568 notis
465 2523 718 2582 arguenda
741 2529 788 2569 et
812 2524 1131 2571 emendanda
1155 2523 1391 2570 duximus
1413 2540 1423 2568 :
1477 2539 1569 2570 nec
1593 2522 1753 2584 indig-

311 2614 429 2645 num
467 2597 854 2646 existimavimus
889 2599 1301 2655 Freinshemium,
1331 2599 1408 2646 cui
1441 2599 1572 2648 lianc
1607 2617 1755 2663 opem

314 2675 690 2735 adhiberemus3
738 2676 837 2723 imo
872 2677 1073 2739 dignum
1111 2676 1360 2737 lectorem,
1385 2677 1465 2724 cui
1500 2678 1561 2725 ad
1590 2693 1755 2725 verum
