1816 3159
77 1859 94 1875 ‘⁸'
107 1861 247 1891 Gronov.

77 1903 151 1942 legit
162 1914 232 1942 pro:

75 1945 229 1985 lacrymis.

468 306 1061 373 FRAGMENTA
1114 308 1326 376 DUO
1375 309 1611 378 LIVII

779 468 869 515 DE
910 468 1299 520 CICERONE.

638 709 712 750 Em
733 710 893 751 Seneca
910 716 1047 763 patre,
1070 713 1278 753 Suasoria
1297 720 1425 755 senata.

307 759 402 822 M.
437 780 682 831 CICERO,
714 783 793 824 sub
814 783 1041 825 adventum
1065 785 1405 828 Triumvirorum
1436 798 1610 832 cesserat
1635 789 1754 842 urbe,

304 849 382 889 pro
411 844 524 877 certo
554 836 724 889 habens,
745 839 789 880 id
811 841 925 896 quod
956 850 1058 891 erat,
1081 857 1163 882 non
1193 844 1324 899 magis
1354 846 1544 886 Antonio
1573 848 1675 903 eripi
1698 864 1754 897 se,

339 906 432 932 uam
449 894 603 935 Caesari
623 896 813 937 Cassium
830 905 871 938 et
887 898 1084 949 Brutum,
1098 914 1228 955 posse.
1246 902 1388 942 Primo
1404 901 1444 942 in
1463 902 1753 944 Tusculanum

302 906 430 1003 {lugia
452 950 549 990 inde
569 954 814 994 transversis
843 953 1062 996 itineribus
1082 956 1125 996 in
1149 957 1434 1009 Formianum,
1457 968 1505 1000 ut
1526 960 1578 1001 ab
1608 962 1755 1016 Cajeta

301 1005 441 1046 navim
471 1021 782 1060 conscensurus,
804 1011 1092 1066 proficiscitur.
1154 1014 1280 1055 Unde
1309 1015 1530 1071 aliquoties
1558 1017 1600 1057 in
1620 1017 1752 1059 altum

300 1072 560 1116 provectum,
583 1080 716 1120 quum
747 1066 872 1108 modo
896 1069 1009 1110 venti
1040 1069 1201 1110 adversi
1233 1072 1486 1123 retulissent,
1512 1073 1636 1115 modo
1665 1075 1753 1130 ipse

293 1119 563 1173 jactationem
594 1122 726 1172 navis,
747 1139 856 1165 caeco
884 1125 1075 1166 volvente
1105 1126 1254 1178 fluctu,
1275 1129 1364 1185 pati
1394 1145 1476 1170 non
1505 1139 1658 1186 posset,
1681 1140 1753 1173 tae-

299 1174 417 1215 dium
439 1178 607 1218 tandem
638 1194 733 1219 eum
754 1188 795 1221 et
816 1180 931 1236 fugae
951 1190 992 1223 et
1014 1182 1112 1224 vitae
1133 1185 1261 1240 cepit:
1293 1201 1590 1243 regressusque
1610 1188 1664 1229 ad
1685 1205 1751 1230 su-

298 1232 501 1287 periorem
523 1234 679 1285 villam,
703 1251 800 1291 quae
829 1237 956 1292 paulo
986 1238 1082 1294 plus
1102 1240 1213 1281 mille
1234 1242 1424 1297 passibus
1444 1259 1469 1284 a
1488 1245 1592 1285 mari
1617 1245 1748 1296 abest,

296 1290 479 1340 Moriar,
502 1290 656 1346 inquit,
678 1294 726 1333 in
741 1296 889 1346 patria
917 1309 1030 1348 scepe
1049 1302 1226 1338 servata.
1290 1299 1397 1340 Satis
1427 1309 1587 1342 constat
1612 1317 1750 1343 servos

296 1344 461 1386 fortiter
481 1346 744 1404 fideliterque
764 1358 932 1406 paratos
951 1352 1079 1393 fuisse
1108 1353 1162 1393 ad
1183 1353 1482 1397 dimicandum:
1520 1358 1658 1413 ipsum
1679 1359 1749 1400 de-

294 1401 393 1456 poni
408 1402 609 1454 lecticam,
627 1413 668 1446 et
682 1405 846 1461 quietos
862 1408 965 1463 pati,
983 1409 1099 1464 quod
1113 1426 1199 1451 sors
1215 1411 1359 1468 iniqua
1374 1415 1746 1470 cogeret,jussisse.

296 1459 554 1502 Prominenti
585 1477 635 1503 ex
657 1461 816 1514 lectica,
836 1465 1127 1527 praebentique
1148 1467 1361 1510 immotam
1383 1470 1597 1521 cervicem,
1619 1482 1746 1529 caput

294 1516 514 1570 praecisum
531 1526 604 1560 est.
666 1520 754 1561 Nec
771 1529 869 1563 satls
899 1522 1061 1564 stolidae
1077 1524 1316 1567 crudelitati
1333 1527 1513 1569 militum
1529 1527 1630 1570 fuit:
1662 1546 1747 1571 ma-

292 1586 372 1613 nus
385 1589 571 1630 quoque,
587 1576 794 1632 scripsisse
813 1578 856 1618 in
879 1579 1114 1621 Antonium
1135 1581 1297 1637 aliquid
1311 1585 1623 1641 exprobrantes,
1640 1601 1745 1642 prae-

291 1628 495 1672 ciderunt.
559 1633 628 1674 Ita
661 1633 839 1676 relatum
875 1645 1002 1692 caput
1036 1637 1091 1678 ad
1122 1640 1373 1692 Antonium,
1402 1643 1611 1699 jussuque
1654 1645 1744 1699 ejus

290 1685 400 1727 inter
420 1687 525 1729 duas
546 1704 692 1731 manus
712 1691 754 1731 in
778 1692 942 1734 Rostris
963 1693 1160 1749 positum,
1178 1695 1251 1736 ubi
1272 1697 1341 1739 ille
1362 1700 1519 1749 consul,
1539 1700 1610 1740 ubi
1633 1715 1742 1756 saepe

290 1744 533 1795 consularis,
556 1747 628 1787 ubi
649 1763 698 1788 eo
717 1748 808 1804 ipso
828 1764 936 1790 anno
956 1751 1156 1793 adversus
1178 1753 1427 1807 Antonium,
1449 1764 1607 1812 quanta
1626 1757 1742 1798 nulla

292 1815 476 1856 unquam
508 1803 692 1845 humana
721 1821 802 1846 vox
835 1822 930 1847 cum
961 1807 1233 1851 admiratione
1273 1811 1536 1868 eloquentiae,
1571 1813 1742 1854 auditus

289 1856 440 1899 fuerat.
502 1860 582 1900 Vix
623 1862 859 1904 attollentes
891 1866 914 1890 *⁴
932 1864 1124 1920 lacrymis
1163 1867 1304 1909 oculos
1345 1869 1546 1920 homines,
1587 1870 1738 1912 intueri

291 1915 500 1957 trucidata
520 1919 706 1960 membra
725 1919 816 1975 ejus
836 1929 1039 1977 poterant.

865 2048 1166 2105 IBIDEM.

287 2150 512 2212 VIXIT
528 2179 610 2212 tres
626 2181 666 2214 et
683 2175 899 2230 sexaginta
911 2192 1055 2219 annos:
1089 2187 1152 2229 ut,
1170 2180 1202 2220 si
1217 2181 1278 2222 vis
1294 2182 1509 2235 abfuisset,
1528 2200 1578 2226 ne
1592 2185 1736 2229 imma-

284 2234 381 2267 tura
398 2227 569 2282 quidem
586 2244 695 2271 mors
709 2231 840 2273 videri
857 2234 998 2289 possit.
1053 2236 1273 2291 Ingenium
1290 2248 1331 2281 et
1344 2237 1555 2295 operibus,
1572 2251 1613 2284 et
1628 2258 1734 2299 prae-

283 2283 377 2323 miis
407 2299 581 2339 operum
611 2286 724 2328 felix.
788 2290 885 2345 Ipse
905 2291 1086 2333 fortunae
1116 2293 1188 2334 diu
1220 2310 1444 2352 prosperae,
1465 2307 1506 2340 et
1536 2299 1578 2339 in
1608 2299 1732 2355 longo

283 2347 425 2380 tenore
464 2341 690 2394 felicitatis,
731 2347 891 2401 maguis
930 2347 1095 2390 interim
1134 2350 1243 2392 ictus
1283 2353 1540 2405 vulneribus,
1571 2357 1731 2407 exsilio,

282 2396 404 2437 ruina
423 2399 607 2452 partium
624 2415 701 2456 pro
722 2403 878 2457 quibus
898 2412 1082 2456 steterat,
1099 2406 1195 2448 filiae
1215 2418 1362 2460 morte,
1379 2411 1495 2452 exitu
1516 2420 1601 2453 tam
1622 2414 1731 2455 tristi

280 2460 409 2508 atque
429 2456 591 2506 acerbo,
612 2458 799 2499 omnium
820 2461 1089 2503 adversorum
1111 2464 1228 2515 nihil,
1254 2474 1299 2507 ut
1319 2468 1409 2508 viro
1430 2468 1605 2523 dignum
1626 2482 1730 2521 erat,

281 2509 395 2560 tulit,
426 2519 579 2565 praeter
608 2522 801 2556 mortem:
835 2533 946 2572 quae,
978 2534 1073 2560 vere
1108 2522 1344 2573 aestimanti,
1380 2524 1518 2565 minus
1557 2526 1730 2582 indigna

280 2566 413 2607 videri
433 2569 588 2622 potuit,
611 2571 728 2625 quod
749 2587 773 2612 a
794 2573 950 2615 victore
979 2576 1146 2618 inimico
1166 2579 1270 2619 nihil
1291 2579 1501 2621 crudelius
1531 2597 1729 2637 passurus

277 2631 381 2673 erat,
403 2638 531 2679 quam
563 2627 680 2681 quod
709 2627 895 2683 ejusdem
926 2631 1108 2674 fortunae
1137 2649 1304 2690 compos
1332 2637 1421 2692 ipse
1448 2637 1622 2681 fecisset.
1684 2641 1727 2682 Si

275 2679 373 2734 quis
394 2688 531 2722 tamen
561 2682 790 2725 virtutibus
810 2685 913 2727 vitia
932 2691 1129 2742 pensarit,
1147 2691 1210 2731 vir
1239 2707 1430 2748 magnus,
1452 2709 1558 2745 acer,
1576 2711 1728 2737 memo-

275 2735 417 2777 rabilis
430 2737 528 2788 fuit,
545 2747 585 2781 et
602 2740 644 2781 in
666 2741 786 2796 cujus
808 2742 952 2785 laudes
969 2748 1275 2801 persequendas
1294 2751 1493 2792 Cicerone
1510 2751 1725 2795 laudatore

274 2806 381 2846 opus
401 2793 540 2836 fuerit.
