1805 3174
485 95 873 134 HISTORIARUM
903 95 1114 133 LIBROS.

136 205 190 234 lari
215 209 382 244 potcstate,
399 208 430 244 8,
446 211 498 237 30.
515 207 592 236 male
609 216 671 236 rem
689 207 780 244 gerit,

136 249 208 277 ibzfll.

95 292 152 320 Cn.
172 293 309 321 Manlius
345 293 468 330 consul,
492 298 522 327 2,
541 297 592 322 43.
617 294 648 322 in
667 293 778 332 proelio

134 335 300 371 occiditur,
323 341 372 367 47.

91 378 147 406 Cn.
174 380 322 410 Manlius.
340 379 460 415 consul,
487 384 518 414 7,
542 383 588 409 12.
632 380 778 409 Tiburtes

131 422 168 449 ad
186 423 303 451 moenia
318 424 428 451 ltomae
445 423 554 459 vineit,
572 424 642 452 ilfid.
668 433 780 452 secun-

131 465 204 494 dum
242 467 361 500 consul,
401 470 448 494 16.
472 467 617 495 adversus
642 467 777 495 Faliscos

130 509 348 545 proficiscitur,
367 509 440 539 ibid.
463 507 563 548 legem
580 511 616 539 de
634 510 779 538 vicesima

130 553 390 581 manumissorum
415 552 446 581 in
471 554 578 581 castris
609 554 681 590 fert,
700 553 776 586 ibid,

129 595 277 631 interrex,
320 599 368 626 17.
399 605 520 630 censor,
556 601 607 625 22.
632 597 777 632 magister

128 639 280 675 equitum,
297 643 347 667 28.

85 679 141 709 Cn.
161 682 298 710 Manlius
315 682 426 718 Vulso,
451 682 546 711 aedilis
563 683 692 719 curulis,
718 688 773 719 33,

127 728 179 753 25.
203 731 325 754 creatur
348 729 473 764 praetor‚
503 730 555 754 112.
579 727 710 754 sortitur
727 728 773 755 Si-

126 767 226 796 ciliam
256 769 462 807 provinciam,
491 773 542 797 43.
567 769 695 799 coloniae
724 770 775 799 de-

125 810 271 840 ducenda:
298 812 455 848 triumvir,
486 816 541 848 34,
575 816 623 841 53.
655 817 710 845 35,
743 818 771 844 9.

125 855 249 891 consul,
279 859 333 891 37,
361 860 410 886 47.
442 855 572 893 suscipit
588 855 701 885 bellum
719 857 771 885 ad-

124 906 231 926 versus
253 899 474 934 Gallograecos,
491 903 545 936 38,
569 903 614 928 12.
632 899 697 936 ejus
715 900 773 928 iter

123 940 162 969 ab
179 941 303 979 Epheso
330 943 367 970 ad
392 942 657 971 Tolistoboiorum
682 943 769 977 fines,

128 987 265 1014 12—-15,
288 985 355 1022 ejus
380 985 416 1013 ad
443 985 557 1014 milites
585 986 700 1022 oratio,
722 990 768 1017 17.

120 1028 301 1065 aggreditnr
338 1028 563 1065 Tolistoboios,
601 1029 769 1067 Olympum

122 1075 260 1099 montem
278 1071 462 1107 insidentes,
480 1076 528 1100 20.
555 1073 639 1110 capit
660 1081 767 1102 eorum

121 1117 233 1147 castra,
252 1119 300 1142 23.
332 1124 378 1143 res
404 1115 471 1152 ejus
498 1118 593 1153 gestae
623 1116 768 1144 adversus

119 1157 309 1196 Tectosagos
330 1163 360 1186 et
383 1158 545 1193 Trocmos,
570 1163 706 1190 24-27,
731 1160 766 1188 ad

120 1209 190 1229 cum
208 1201 376 1236 legationes
392 1201 489 1236 Asiae,
512 1206 565 1232 37.
582 1202 605 1230 it
622 1202 654 1230 in
678 1203 766 1231 Pam-

118 1243 268 1283 phyliam,
294 1244 365 1273 ibid.
391 1245 497 1273 foedus
521 1244 594 1273 facit
612 1255 682 1274 cum
700 1247 767 1274 An-

119 1286 237 1321 tiocho,
268 1291 322 1317 38.
355 1297 400 1316 res
429 1297 535 1325 regum
573 1291 604 1317 et
642 1288 765 1318 urbium

118 1330 293 1369 componit,
316 1335 366 1361 39.
386 1331 505 1368 trajicit
532 1332 564 1360 in
588 1331 766 1370 Thraciam,

118 1376 168 1401 40.
194 1383 263 1402 eum
292 1374 444 1403 invadunt
471 1375 619 1409 Thraces,
635 1378 668 1404 et
698 1384 766 1413 par-

115 1419 178 1445 tem
196 1418 304 1455 praedae
331 1418 475 1456 abigunt,
509 1418 580 1446 ibid.
609 1418 641 1446 in
667 1418 765 1447 Thes-

116 1460 222 1489 saliam
250 1461 385 1490 tradncit
408 1461 589 1497 exercizum,
614 1465 645 1490 et
668 1462 765 1500 Apol-

116 1502 210 1532 lonioe
229 1504 384 1539 biberat,
401 1509 450 1533 41.
464 1505 541 1542 petit
554 1505 764 1542 triumphum,

115 1549 167 1575 44.
199 1547 291 1585 legati
320 1547 417 1584 ipsius
434 1548 667 1583 contradicunt,
693 1548 762 1576 ibid.

113 1593 143 1617 ct
159 1593 253 1619 45.et
269 1593 319 1618 46.
337 1600 368 1618 se
388 1591 539 1622 defendit.
571 1595 624 1622 47.
655 1592 764 1619 trium-

113 1632 195 1670 phus
219 1633 246 1662 εἰ
281 1634 472 1669 decernitur,
510 1638 562 1662 50.
593 1635 629 1663 de
665 1634 763 1663 Gallis

111 1675 261 1704 Asiaticis
300 1677 485 1715 triumphat,
521 1682 575 1711 39,
614 1679 642 1706 6.
680 1679 763 1716 petit

113 1728 290 1756 censuram,
310 1724 361 1748 40.

71 1761 106 1791 1..
136 1762 275 1791 Manlius
302 1763 502 1802 Imperiosus,
534 1763 613 1792 clavi
647 1764 759 1802 figendi

111 1814 221 1834 caussa
236 1806 369 1835 dictator
386 1807 498 1842 dictus,
514 1811 546 1842 7,
559 1811 588 1835 3.
606 1807 760 1838 delectum

110 1848 223 1878 habere
239 1853 383 1885 conatur,
408 1851 536 1886 frustra,
554 1849 627 1879 ibid.
652 1851 692 1880 ob
709 1852 760 1881 de-

109 1891 223 1921 lectum
255 1893 394 1922 acerbius
426 1893 568 1922 habitum
599 1894 626 1922 ei
653 1894 717 1923 dies
743 1905 761 1924 a

109 1935 155 1963 Μ.
173 1936 359 1974 Pomponio,
382 1936 510 1965 tribuno
526 1936 637 1974 plebis,
661 1938 757 1974 dicta,

108 1981 141 2006 4.
155 1978 221 2015 ejus
238 1980 403 2008 crudelitas
420 1980 452 2008 in
470 1978 578 2013 filium,
592 1985 624 2009 et
637 1981 690 2009 filii
707 1990 759 2019 ge-

108 2030 253 2050 nerosum
271 2023 400 2053 factum.
428 2023 502 2052 ibid.
527 2026 557 2050 et
582 2027 610 2051 5.
636 2024 758 2053 Manlio

108 2064 235 2093 remissa
250 2074 365 2094 caussae
381 2066 490 2100 dictio,
514 2065 587 2094 iaid.

65 2105 100 2134 L.
119 2108 271 2144 Manlius,
301 2112 427 2147 praetor,
450 2109 483 2137 in
510 2108 641 2137 Galliam
658 2110 758 2138 mitti·

108 2154 172 2186 tur,
188 2155 240 2183 21,
262 2155 310 2182 17.
327 2152 393 2189 ejus
418 2152 570 2180 exercitus
595 2153 724 2182 caeditur
739 2163 757 2182 a

106 2194 206 2226 Boiis,
232 2198 282 2224 25.
330 2195 511 2224 (joncordiae
541 2195 637 2224 aedem
663 2205 755 2225 vove-

107 2240 166 2271 rat,
197 2242 249 2272 22,
273 2242 327 2267 33.
355 2243 408 2276 23,
434 2243 486 2268 21.
509 2238 588 2276 petit
612 2241 755 2269 consula-

105 2283 186 2314 tum,
206 2285 260 2317 22,
277 2285 331 2310 35.

64 2323 97 2352 L.
123 2324 274 2360 Manlius,
302 2324 383 2362 quod
410 2325 529 2363 legatos
555 2324 754 2364 Carthagini-

104 2376 193 2396 enses
209 2368 373 2406 pulsasset,
398 2377 452 2405 per
475 2367 597 2396 feciales
621 2369 754 2398 traditur

105 2410 227 2448 legatis,
267 2415 298 2439 et
335 2411 478 2440 avehitur
518 2412 751 2451 Carthaginem,

103 2457 159 2489 38,
176 2457 227 2482 42.

60 2496 95 2526 1..
112 2495 264 2531 Manlius,
282 2500 429 2535 quaestor,
446 2500 501 2534 45,
521 2500 569 2527 13.

61 2539 94 2567 L.
113 2539 250 2568 Manlius
265 2540 430 2576 Acidinus,
457 2544 584 2579 praetor,
611 2543 666 2576 26,
698 2545 749 2571 23.

103 2582 252 2616 urbanus,
278 2588 330 2616 27,
348 2587 377 2612 4.
404 2587 515 2622 praecst
537 2584 685 2613 exercitui
710 2585 748 2613 ad

101 2625 264 2659 Narniam,
281 2630 334 2660 27,
350 2630 403 2656 43.
427 2632 455 2655 et
482 2630 532 2656 50.
548 2627 575 2655 ei
595 2627 750 2666 Hispania

100 2668 260 2706 provincia
274 2669 406 2698 traditur
422 2679 439 2699 a
454 2669 613 2709 Scipione,
631 2675 746 2708 28‚38.

100 2711 168 2747 ejus
185 2712 215 2739 in
235 2711 391 2750 Hispania
406 2723 452 2742 res
469 2717 575 2752 gestae,
600 2719 651 2749 29,
670 2719 699 2744 2.
717 2719 747 2744 et

99 2758 131 2782 3.
148 2755 175 2783 ei
191 2759 376 2794 prorogatur
402 2756 578 2795 imperium,
600 2761 649 2787 13.
673 2767 744 2796 pro-

100 2797 225 2828 hibetur
240 2807 257 2827 a
273 2797 400 2828 tribuno
423 2800 533 2838 plebis,
561 2801 607 2829 M.
633 2801 743 2831 Porcio

1433 96 1503 135 361

864 206 962 242 Laeca,
981 215 1019 234 ne
1035 214 1131 234 ovans
1154 205 1260 235 urbem
1286 207 1392 244 iniret,
1411 218 1506 246 quum

863 250 901 278 ab
915 254 1023 277 senatu
1040 249 1247 287 impetrasset,
1265 254 1319 286 32,
1337 255 1366 281 7.

822 294 855 321 L.
874 293 1011 320 Manlius
1042 293 1207 325 Acidinus,
1234 298 1355 322 creatus
1382 298 1506 331 praetor,

863 341 994 364 sortitur
1025 336 1210 374 Hispaniam
1242 337 1429 371 citeriorem,
1453 342 1507 374 38,

863 383 915 407 35.
933 389 1002 408 cum
1025 379 1190 408 Celtiberis
1207 380 1359 417 confligit.
1383 385 1439 415 39,
1458 384 1509 411 21.

864 423 1010 459 impetrat
1034 423 1225 458 ovationem,
1250 427 1300 453 29.
1328 424 1448 461 legatus
1477 424 1507 451 in

863 465 996 494 Galliam
1013 466 1266 504 Transalpinam,
1290 470 1339 494 54.
1364 467 1512 496 triumvir

862 510 990 537 coloniae
1023 509 1198 547 Aquileiam
1227 510 1425 547 deducendae,
1457 515 1507 539 55.

862 557 961 586 eit-10,
979 556 1029 580 34.
1045 553 1167 588 consul,
1185 556 1235 581 43.

821 595 854 623 L.
872 596 1011 624 Manlius
1028 596 1237 634 Capitolinus,
1264 596 1410 625 tribunus
1426 596 1508 626 mili·

861 642 929 667 tum
946 639 1099 668 consulari
1124 644 1290 677 potestate,
1309 644 1339 673 4,
1355 644 1406 669 42.

819 681 852 709 L·
872 682 1010 710 Manlius
1025 683 1216 720 Torquatus,
1233 683 1365 719 legatus,
1389 687 1436 718 10,
1454 686 1505 713 26.

818 724 850 753 L.
878 725 1015 754 Manlius
1043 726 1236 764 Torquatus,
1264 727 1415 765 pontifex,
1440 736 1507 756 mo-

860 769 951 805 ritur,
968 773 1022 805 30,
1039 773 1091 799 39.

816 812 850 840 L.
870 812 1006 840 Manlius
1020 812 1130 848 Vulso,
1153 817 1276 851 praetor.
1302 817 1357 849 32,
1374 818 1425 845 27.
1443 823 1509 843 sor-

857 856 937 884 titur
974 856 1122 888 Siciliam‚
1170 860 1222 883 28.
1266 857 1402 886 consulis
1447 859 1504 886 Cu.

859 899 967 927 Manlii
983 899 1089 935 frater,
1108 903 1163 935 38,
1181 902 1231 927 20.

816 942 860 970 M.
878 943 1028 974 Manlius,
1052 943 1198 971 t1ibunus
1228 943 1363 972 militum
1390 953 1503 973 cousu-

858 985 912 1013 lari
931 990 1097 1024 potestate,
1115 991 1145 1017 4,
1164 989 1216 1014 44.

814 1029 857 1056 Μ.
876 1027 1027 1063 Manlius,
1056 1029 1105 1057 cui
1133 1028 1313 1067 Capitolino
1345 1030 1406 1059 fuit
1432 1039 1503 1065 cog-

856 1080 983 1105 nomen,
1000 1077 1122 1101 creatur
1139 1072 1262 1107 consul,
1290 1075 1321 1104 5,
1350 1077 1401 1101 31.
1430 1074 1505 1103 facit

854 1114 944 1143 ludos
970 1124 1111 1153 magnos,
1145 1116 1219 1144 ibid.
1250 1116 1424 1149 ingreditur
1453 1126 1502 1144 ur-

856 1157 924 1186 bem
944 1167 1055 1194 ovaus,
1084 1159 1156 1187 ibid.
1184 1162 1287 1187 servat
1312 1167 1412 1188 arcem
1441 1160 1504 1188 Ho-

853 1210 989 1237 manam,
1023 1206 1074 1233 47.
1110 1202 1257 1234 interrex,
1293 1204 1325 1234 6,
1351 1206 1379 1231 5.
1405 1211 1505 1241 ptavae

854 1244 920 1280 ejus
937 1246 1081 1274 adversus
1099 1246 1204 1274 Patres
1229 1245 1422 1282 molitiones,
1455 1251 1506 1277 11.

853 1288 1039 1317 seditionem
1064 1293 1181 1324 movet,
1209 1292 1257 1317 14.
1283 1296 1311 1317 cs
1340 1293 1386 1318 15.
1405 1290 1506 1319 mitti-

853 1334 904 1359 tur
925 1332 956 1360 in
983 1341 1144 1366 carcerem,
1172 1333 1219 1360 16.
1237 1342 1252 1360 e
1269 1340 1387 1361 carcere
1409 1343 1503 1371 quare

852 1375 995 1411 eductus,
1016 1380 1062 1405 17.
1090 1375 1157 1412 ejus
1182 1375 1291 1403 seditio
1320 1382 1502 1413 renovatur,

856 1421 903 1446 18.
926 1419 1075 1447 advocata
1103 1419 1230 1447 domnm
1249 1418 1350 1455 plebe,
1382 1420 1501 1449 invehi-

851 1463 904 1488 tur
932 1461 963 1489 in
990 1462 1109 1496 Patres,
1135 1466 1166 1490 et
1199 1462 1235 1489 de
1266 1471 1362 1497 regno
1390 1463 1502 1501 incipit

852 1513 953 1540 agere,
983 1505 1059 1534 ibid.
1086 1504 1206 1533 tribuni
1233 1505 1330 1542 plebis
1357 1515 1422 1535 sese
1450 1508 1502 1536 ad-

851 1556 956 1577 versus
981 1557 1051 1576 enm
1075 1547 1216 1586 jungunt
1241 1549 1376 1581 senatui,
1405 1554 1451 1580 19.
1470 1552 1497 1579 ei

850 1590 913 1619 dies
930 1591 1056 1627 dicitur,
1076 1595 1125 1619 20.
1153 1591 1219 1627 ejus
1248 1591 1398 1630 defensio,
1424 1594 1496 1622 ibid.

849 1634 1029 1670 damnatus,
1062 1635 1097 1662 de
1129 1643 1202 1663 saxo
1231 1634 1364 1673 Tarpeio
1395 1637 1499 1673 dejici-

848 1681 913 1712 tur,
942 1677 1015 1706 r'bz'd.
1044 1678 1071 1706 ei
1099 1684 1225 1706 mortuo
1250 1677 1377 1717 adjectae
1403 1685 1499 1716 notae,

850 1720 925 1749 ibid.

805 1764 838 1792 P.
869 1763 1021 1796 Manlius,
1048 1764 1194 1792 tribunus
1221 1764 1356 1793 militum
1384 1774 1498 1794 cousu-

847 1806 903 1835 lari
919 1810 1088 1845 potestate,
1116 1809 1148 1844 6,
1176 1811 1230 1836 30.
1257 1808 1284 1836 ei
1312 1808 1378 1837 sine
1400 1813 1496 1845 sorte,

847 1853 934 1879 extra
985 1851 1137 1886 ordinem,
1183 1850 1289 1879 Volsci
1334 1852 1497 1889 provincia

846 1893 932 1930 data,
967 1894 1040 1922 ibid.
1075 1894 1155 1922 male
1191 1903 1254 1922 rem
1291 1895 1384 1932 gerit,
1422 1894 1495 1925 ibid.

846 1940 969 1966 creatur
983 1937 1128 1973 dictator,
1142 1940 1194 1965 38.

803 1981 834 2009 Ρ.
853 1980 992 2009 Manlius
1008 1980 1152 2009 triumvir
1177 1980 1277 2018 Epulo
1305 1980 1420 2015 factus,
1438 1985 1494 2020 33,

845 2027 896 2052 42.
920 2027 1042 2053 creatur
1064 2027 1190 2062 praetor,
1219 2023 1292 2052 ibid.
1322 2024 1354 2052 in
1380 2025 1495 2062 Hispa-

845 2067 929 2096 niam
946 2067 1119 2096 citeriorem
1142 2067 1267 2103 adjutor
1290 2067 1412 2096 consuli
1440 2068 1494 2097 da-

844 2113 907 2146 tur,
935 2114 985 2140 43.
1004 2111 1108 2139 vincet
1131 2110 1342 2146 Turdetanos,
1369 2115 1424 2147 34,
1444 2115 1495 2141 17.

850 2157 963 2190 praetor
979 2153 1105 2189 iterum,
1124 2157 1178 2188 39,
1196 2155 1247 2182 56.
1272 2154 1402 2182 sortitur
1420 2155 1494 2183 His-

843 2197 966 2234 paniam
993 2196 1181 2229 ulteriorem.
1206 2200 1261 2232 40,
1290 2200 1317 2226 1.
1348 2197 1422 2234 quid
1447 2207 1495 2226 re-

842 2248 908 2268 rnm
927 2239 969 2268 ibi
985 2240 1124 2276 gesserit,
1146 2242 1193 2267 16.
1219 2244 1248 2269 et
1274 2244 1328 2270 34.
1344 2241 1490 2277 moritur,

842 2286 893 2311 42.

798 2326 833 2358 P,
866 2325 1004 2354 Manlius
1027 2325 1138 2361 Vulso,
1178 2329 1304 2363 praetor,
1344 2328 1397 2362 26,
1439 2330 1491 2355 23.

841 2369 1015 2398 Sardiniam
1035 2368 1185 2402 obtinuit,
1205 2373 1257 2402 27,
1276 2371 1304 2397 6.
1322 2373 1351 2397 ct
1365 2373 1393 2400 7.

797 2413 834 2442 T.
852 2412 1002 2441 Manlius.
1024 2412 1058 2440 L.
1087 2413 1121 2441 F.
1150 2421 1168 2440 a
1194 2415 1282 2450 patre
1306 2421 1357 2441 rus
1375 2412 1490 2451 relega-

838 2458 904 2492 tus,
934 2460 965 2489 7,
996 2459 1026 2483 4.
1055 2464 1239 2494 generosum
1272 2460 1304 2484 et
1334 2455 1420 2494 pium
1450 2455 1489 2483 T.

837 2499 950 2528 Manlii
965 2499 1097 2535 factum,
1123 2503 1154 2528 5.
1180 2498 1326 2528 tribunus
1353 2499 1489 2527 militum

837 2541 985 2581 suffragio
1008 2542 1116 2581 populi
1145 2546 1280 2578 creatur,
1306 2542 1383 2571 ibid.
1408 2549 1487 2580 pug-

836 2588 892 2613 nat
923 2595 993 2614 cum
1026 2586 1129 2621 Gallo,
1166 2594 1257 2622 quem
1288 2584 1401 2619 vincit,
1436 2587 1487 2611 lO.

835 2637 929 2666 quare
951 2630 1054 2658 dictus
1068 2629 1261 2666 Torquatus,
1288 2627 1364 2656 ibid.
1390 2627 1488 2655 dona-

833 2675 886 2700 tur
913 2681 931 2701 a
953 2672 1105 2701 dictatore
1131 2680 1248 2700 corona
1273 2678 1378 2702 aurea,
1411 2667 1485 2697 ibid.

833 2715 947 2744 dicitur
990 2716 1135 2749 dictator,
1177 2718 1224 2744 19.
1262 2714 1391 2744 iterum.
1431 2712 1483 2739 ΞΘ-

830 2759 960 2795 consul,
1002 2763 1052 2790 27.
1089 2757 1264 2787 secundum
1288 2754 1410 2788 consul,
1435 2758 1486 2782 28.

833 2803 968 2832 tertium
986 2802 1109 2838 consul,
1136 2804 1167 2837 8,
1191 2803 1220 2828 3.
1245 2798 1312 2836 ejus
1336 2798 1373 2828 ad
1396 2796 1491 2847 legati
