1816 3159
287 71 424 119 xlviii
805 70 1283 121 PRAEFATIO.

72 228 273 277 ipse,canda-
353 210 545 273 Dujatii
571 210 706 257 laudi
734 210 954 258 favemus
981 228 1101 258 sane
1128 227 1190 258 ex
1215 210 1398 268 animo,
1423 225 1529 258 non
1566 211 1731 259 solum

67 271 246 355 ἓζζζᾞζὲξ-
286 289 454 353 patriae
491 306 659 343 causa,
690 288 779 336 sed
818 296 868 335 et
902 290 1038 352 quod
1075 289 1255 352 ubique
1289 288 1371 336 ille
1407 304 1518 336 sese
1553 289 1731 352 probat

70 366 490 432 {¹0¹}{Pepec'candidi
515 365 664 412 animi
690 365 861 424 virum,
887 365 1202 429 ingenuique,
1229 383 1288 414 ac
1314 366 1570 429 simplicis,
1591 367 1728 414 nullo

284 445 430 502 fastu,
457 443 594 491 nulla
617 442 910 505 arrogantiae
945 442 1248 505 suspicione,
1274 444 1343 491 ita
1367 449 1676 491 mutuantem
1702 460 1732 490 a

285 521 473 577 ceteris,
503 527 557 567 ut
580 520 801 568 debitam
826 520 944 584 ipsis
970 521 1172 568 laudem
1189 521 1391 568 minime
1415 520 1729 585 intercipiat3

282 600 352 647 ita
374 616 461 647 eos
497 599 746 658 interdum
783 599 1104 659 refellentem,
1129 605 1184 646 ut
1217 599 1355 646 nulla
1385 599 1436 646 in
1472 599 1733 663 reprehen—

284 676 424 723 sione
447 675 563 723 insit
586 675 850 724 acerbitas:
888 676 1099 739 denique
1121 692 1231 723 vere
1256 676 1509 724 Gallicum
1535 683 1731 739 pectus,

285 760 334 800 et
368 753 430 800 ab
467 753 600 800 omni
634 752 979 813 simulationis,
1002 752 1214 809 invidiae,
1243 754 1585 801 ostentationis
1621 754 1732 802 labe

284 831 517 880 alienum.
587 830 821 879 Postulat
856 839 1024 879 tamen
1059 830 1273 878 instituti
1308 831 1462 879 nostri
1491 831 1633 888 ratio,
1660 839 1728 888 ut,

283 909 401 972 quid
441 910 491 957 in
526 925 584 957 eo
622 910 891 957 desiderari
926 908 1100 974 possit,
1124 925 1226 956 non
1262 909 1544 956 dubitemus
1575 926 1729 973 expo-

281 1005 417 1037 nere.
489 988 640 1042 Quod
676 986 748 1035 ita
782 986 1144 1051 praestabimus,
1171 994 1224 1034 ut
1260 994 1308 1034 et
1332 985 1536 1044 veritati,
1566 992 1614 1034 et
1648 986 1731 1033 ho-

282 1066 400 1113 mini
425 1066 710 1114 consultum
735 1066 958 1115 velimus.

69 1153 163 1183 Clara
177 1152 247 1200 ,qui-
350 1144 410 1190 In
435 1144 603 1206 primis
622 1144 715 1191 etsi
735 1144 871 1191 clara
889 1145 995 1206 ejus
1021 1151 1111 1201 est,
1132 1151 1182 1192 et
1202 1143 1377 1200 facilis,
1399 1149 1447 1191 et
1465 1142 1732 1207 perspicua

69 1196 140 1225 dem
157 1206 223 1236 ejus

67 1239 178 1286 oratio,
194 1238 248 1269 sed
284 1221 457 1278 oratio,
479 1237 580 1269 non
605 1221 725 1269 satis
750 1229 918 1270 tamen
939 1223 1134 1270 sincera
1152 1229 1229 1270 est
1253 1228 1303 1269 et
1328 1221 1614 1285 incorrupta
1633 1221 1730 1269 La-

68 1291 262 1366 ssffgt{⁰{{t},
282 1297 477 1356 tinitas3
528 1299 616 1345 sed
657 1299 822 1346 multis
861 1299 1120 1363 inquinata
1160 1299 1304 1355 vitiis,
1347 1316 1459 1361 quae
1494 1316 1730 1348 vernacu-

69 1373 159 1398 ΠΜ·
281 1375 383 1423 lum
409 1392 686 1423 sermonem
704 1375 942 1434 redolere,
970 1382 1019 1422 et
1043 1392 1105 1423 ex
1129 1391 1188 1423 eo
1215 1374 1426 1422 fluxisse
1449 1374 1728 1425 videantur,

282 1452 432 1501 Initio
468 1453 649 1511 statim,
686 1453 736 1501 in
771 1459 892 1500 nota
928 1452 993 1499 ad
1029 1451 1367 1515 praefationem
1408 1451 1535 1499 Livii
1575 1469 1727 1509 nona,

281 1532 523 1578 aestimata
547 1529 698 1577 sumit
723 1545 810 1593 pro
829 1545 889 1577 eo
914 1529 1052 1592 quod
1078 1528 1258 1577 Latine
1277 1530 1526 1578 diceretur
1549 1532 1601 1578 in
1616 1548 1730 1596 pre-

68 1620 268 1651 [ΛΠ-σω.
282 1611 351 1657 tio
372 1609 555 1666 habita,
577 1615 627 1656 et
651 1607 783 1664 alibi,
798 1609 1079 1672 principale
1088 1609 1355 1672 judicium,
1373 1609 1508 1672 quod
1535 1609 1729 1658 Gallice

65 1663 244 1736 iii'nz'tyi.
281 1686 508 1745 dicimus,
511 1689 769 1752 jugement
782 1705 845 1734 au
855 1687 1122 1751 principal‚
1133 1693 1182 1734 et
1201 1688 1438 1737 Camillus
1449 1689 1729 1737 renuntiata

66 1749 266 1824 20{¹}3{r211
270 1765 457 1827 patria,
477 1771 525 1812 et
547 1767 814 1830 dignitatis
839 1766 1026 1824 titulus,
1048 1772 1096 1812 et
1119 1766 1172 1812 in
1190 1782 1368 1831 genere
1388 1781 1475 1829 pro
1496 1766 1592 1814 hoc
1615 1782 1728 1815 nos-

64 1835 118 1865 2¹·
135 1840 196 1865 Ποῖ·
212 1835 241 1865 3·
279 1848 354 1889 tro
376 1860 433 1890 en
450 1843 680 1909 general:
716 1843 910 1907 aliaque
926 1843 1306 1907 quamplurima,
1329 1861 1436 1907 quae
1456 1844 1548 1892 etsi
1566 1844 1725 1908 ipsam

277 1920 693 1984 interpretationis
728 1922 879 1969 fidem
918 1921 1117 1968 minime
1156 1921 1343 1981 vitiant,
1369 1929 1536 1969 tamen
1571 1929 1620 1970 et
1653 1923 1726 1970 in-

277 2004 418 2060 grata
455 1998 694 2047 accidunt
727 1999 784 2047 iis
820 1998 905 2063 qui
940 2016 1073 2062 purae
1108 1999 1392 2047 Latinitatis
1424 2007 1623 2062 gustum
1661 2018 1724 2050 ex

278 2075 494 2138 limpidis
522 2075 831 2139 antiquitatis
866 2075 1082 2124 fontibus
1118 2076 1312 2124 haurire
1336 2078 1646 2134 studuerunt,
1674 2084 1726 2125 et

278 2154 463 2218 aliquid
502 2154 773 2202 detrahunt
796 2171 855 2202 ex
893 2154 1188 2202 auctoritate
1222 2153 1501 2217 interpretis
1525 2171 1615 2218 per
1635 2154 1724 2202 im-

275 2232 459 2294 peritiae
481 2232 835 2296 suspicionem,
862 2239 947 2280 aut
971 2239 1105 2280 certe
1129 2232 1459 2296 negligentiae.

67 2323 199 2355 Innotis
342 2308 411 2357 Et
434 2326 569 2365 sane,
594 2309 819 2374 quisquis
844 2309 1040 2370 Dujatii
1063 2316 1212 2357 notas
1249 2310 1426 2358 sedulo
1451 2312 1723 2373 perpende-

63 2368 163 2441 ffifm
177 2378 250 2409 Ῥω
276 2386 352 2442 rit,
380 2388 526 2434 facile
549 2387 788 2450 intelliget
819 2404 933 2434 eum
958 2388 1009 2434 in
1033 2387 1203 2435 multis
1228 2404 1358 2452 saepe
1392 2388 1720 2450 negligentius

278 2480 332 2511 se
367 2465 597 2526 gessisse,
635 2482 729 2513 nec
765 2481 878 2513 vero
915 2482 1084 2528 parem
1122 2471 1358 2529 suscepto
1393 2465 1599 2526 muneri,
1634 2472 1721 2514 aut

279 2541 518 2588 doctrinae
543 2542 754 2605 copiam,
777 2549 863 2590 aut
889 2543 1054 2591 Latini
1079 2543 1316 2590 sermonis
1340 2542 1720 2605 intelligentiam

278 2618 520 2667 attulisse.
590 2618 770 2682 Itaque
787 2626 836 2666 et
860 2636 889 2665 a
907 2625 1074 2666 mente
1095 2619 1308 2666 auctoris
1332 2635 1433 2666 non
1450 2636 1560 2668 raro
1581 2620 1720 2667 aber-

278 2701 354 2742 rat
375 2695 726 2760 interpretatio,
745 2703 794 2743 et
818 2697 882 2743 de
899 2697 1270 2759 antiquitatibus
1297 2696 1559 2746 disserenti
1583 2699 1718 2746 haud

278 2773 420 2820 facile
445 2775 748 2823 credendum
775 2783 865 2823 est.
939 2774 1111 2823 Pauca
1134 2774 1214 2823 hic
1246 2775 1503 2839 utriusque
1527 2776 1718 2839 generis
