1831 3194
309 759 658 812 EPITOME
713 758 922 811 LIBRI
980 757 1192 811 XLIII.

40 1017 102 1069 P
102 1026 208 1066 RAE
214 1026 410 1067 TORES
428 1026 598 1079 aliquot,
613 1040 658 1066 eo
673 1026 780 1079 quod
799 1038 923 1065 avare
937 1031 975 1065 et
991 1026 1209 1064 crudeliter
1223 1025 1460 1076 provincias

39 1085 406 1132 administrassent,
423 1084 610 1123 damnati
623 1088 728 1124 sunt.
789 1083 842 1122 P.
860 1082 1050 1122 Licinius
1065 1083 1235 1123 Crassus
1243 1082 1462 1133 proconsul

38 1143 257 1195 complures
286 1142 329 1181 in
354 1141 518 1180 Graecia
550 1140 665 1181 urbes
685 1139 948 1193 empugnavz't,
971 1145 1008 1178 et
1032 1139 1250 1178 crudeliter
1269 1139 1460 1191 diripuit.

40 1198 88 1239 ob
119 1200 165 1239 id
192 1198 359 1252 captivi,
391 1199 463 1251 qui
496 1198 547 1237 ab
580 1212 625 1238 eo
659 1197 729 1238 sub
761 1210 910 1237 corona
942 1197 1167 1245 veniet-ant,
1199 1210 1248 1235 ex
1281 1201 1461 1236 senatus-

40 1257 218 1297 consulto
250 1262 394 1309 postea
430 1256 612 1296 restituti
640 1260 745 1295 sunt.
804 1254 906 1294 Item
941 1268 968 1293 a
1003 1253 1212 1307 praefictis
1246 1252 1260 1275 ¹
1277 1253 1462 1293 classium

41 1313 320 1354 Romanarum
360 1314 485 1353 multa
526 1314 756 1366 inpotenter
795 1312 839 1351 in
878 1311 1003 1352 socios
1028 1311 1175 1365 sacta.
1232 1310 1318 1350 Res
1348 1323 1463 1362 prce-

40 1376 151 1411 terea
173 1386 199 1411 a
221 1373 372 1412 Perseo
392 1384 485 1423 rege
505 1370 549 1410 in
577 1370 759 1410 Thracia
774 1382 971 1422 prospere
985 1374 1121 1422 gestas
1141 1368 1332 1417 continet,
1354 1366 1463 1408 ὐἱε-

40 1429 95 1469 tis
116 1429 335 1469 Dardanis
353 1434 392 1468 et
412 1428 597 1481 Illyrico,
619 1426 728 1479 cujus
756 1441 829 1466 rea:
859 1432 949 1465 erat
972 1426 1155 1465 Gentius.
1217 1424 1372 1475 Motus,
1393 1425 1465 1477 qui

43 1486 88 1525 in
117 1486 334 1539 Hispania
365 1485 416 1525 ab
441 1484 610 1525 Olonico
623 1484 770 1537 factus
797 1488 900 1531 erat,
923 1483 1011 1534 ipso
1041 1483 1251 1522 interemto
1271 1482 1462 1522 consedit.

45 1543 110 1583 M.
133 1543 331 1584 AEmilius
351 1542 534 1595 Lepidus
553 1556 579 1581 a
600 1540 825 1582 censoribus
838 1539 1033 1592 princeps
1053 1539 1097 1578 in
1117 1544 1260 1579 senatu
1279 1539 1415 1579 lectus.

91 1657 105 1686 1
133 1657 277 1687 Classiam
315 1656 530 1696 Romanarum]
576 1654 627 1685 Sic
665 1654 732 1684 An·
776 1653 843 1695 ipso
857 1652 1061 1694 epitomarum
1074 1657 1198 1682 auctore
1214 1651 1358 1682 resideat.
1396 1651 1465 1682 Ali-

46 1699 148 1735 dreas,
172 1699 326 1740 Sigonius,
347 1699 480 1740 aliique:
505 1698 616 1728 melius
638 1708 733 1739 quam
777 1701 853 1738 quot
876 1695 1053 1737 Illyriorum
1074 1693 1190 1737 oppida
1215 1694 1299 1736 cepit
1322 1696 1467 1731 Perseus,

47 1742 202 1783 quomodo
240 1742 449 1774 Gronovianae
486 1740 637 1772 editiones
678 1740 733 1771 ha·
778 1745 812 1770 ut
838 1744 1024 1769 memoratur
1053 1737 1133 1768 Infra
1162 1747 1254 1778 capp.
1283 1738 1332 1769 18.
1357 1739 1408 1769 19.
1435 1744 1466 1769 et

46 1786 132 1821 bent,
151 1786 356 1816 Rmmmarnm.
778 1783 831 1812 20.
876 1781 921 1811 At
954 1791 1016 1812 non
1051 1780 1126 1811 vicit
1156 1780 1338 1821 Illyricum3
1369 1780 1467 1811 multo

90 1829 110 1858 2
138 1829 227 1859 Victis
253 1828 414 1864 Dardanis,
441 1834 467 1857 et
498 1826 630 1867 Illyrico,
653 1828 737 1865 cujus
780 1824 883 1855 minus
911 1834 981 1855 eam
1004 1823 1123 1865 Illyrici
1152 1828 1272 1864 partem
1302 1823 1390 1865 cujus
1415 1834 1468 1854 rex

47 1882 98 1902 rex
119 1878 180 1902 erac
205 1871 346 1912 Gentius]
371 1871 450 1901 Haec
476 1880 585 1912 parum
609 1880 736 1900 accura-
780 1874 847 1898 erat
864 1868 1008 1903 Gentius,
1024 1877 1117 1908 quem
1139 1866 1172 1896 in
1194 1865 1374 1898 societatem
1394 1867 1470 1898 belli

49 1920 82 1946 ta
104 1921 186 1950 sunt,
202 1915 266 1946 sive
289 1915 321 1945 in
344 1913 477 1945 librariis
500 1913 604 1955 culpa,
620 1913 685 1944 sive
706 1912 738 1942 in
781 1911 929 1953 perlicere
945 1920 1137 1952 summopere
1152 1909 1309 1940 studebat.
