1831 3194
463 104 581 142 LIB.
612 100 756 139 XLIV.
800 100 931 138 CAP.
962 102 1015 138 11.
1374 108 1437 139 121

35 213 88 256 ad
129 214 355 255 exercitum
386 213 453 252 ΜΞ
516 209 665 252 Paucis
705 218 800 265 post
840 209 988 250 diebus
1027 209 1170 250 consul
1211 209 1443 250 concionem
1462 222 1636 253 usa-583.

34 270 148 326 apud
182 271 332 312 milites
363 268 522 310 habuit.
554 282 672 308 orsus
699 281 724 307 a
752 265 1003 322 ⁷parricidi0
1037 267 1176 306 Persei
1208 275 1448 321 perpetrato
1459 265 1548 296 A.c.
1567 266 1635 295 169.

35 327 76 367 in
96 327 283 378 frati-mn,
305 326 486 382 cogitato
516 325 556 365 in
586 331 816 379 parentem,
837 322 1032 379 ⁸adjecit,
1047 329 1141 377 post
1175 324 1320 364 scelere
1345 337 1447 376 par-

31 390 114 425 tum
134 399 310 438 regnum,
333 383 536 435 veneficia,
557 382 694 429 caedes,
716 381 936 420 latrocinio
966 381 1143 434 mfando
1165 381 1338 433 petitum
1359 382 1447 421 Eu-

31 454 194 490 menem,
217 441 390 495 injurias
421 441 465 479 in
492 439 685 492 populum
713 438 952 484 Romanum,
975 439 1223 491 direptiones
1249 439 1446 479 sociarum

33 498 188 539 urbium
218 504 359 538 contra
373 497 530 549 scedas,
551 510 599 536 ea
620 496 755 535 omnia
787 509 904 548 quam
927 496 1028 535 Diis
1057 509 1209 549 quoque
1235 496 1367 536 invisa
1388 510 1446 536 es—

31 562 131 603 sent,
152 569 353 596 sensurum
378 555 421 594 in
442 555 553 594 exitu
582 567 713 593 rerum
742 566 919 594 suarum.
978 553 1135 593 Favere
1163 553 1267 593 enim
1292 553 1450 605 pietati

14 613 203 666 fideique
226 612 348 662 Deos,
364 625 443 664 per
471 624 560 665 quoe
585 610 762 663 populus
786 610 993 650 Romanus
1014 611 1070 650 acl
1098 616 1253 650 tantum
1268 610 1450 664 fastigii

33 670 199 710 venerit.
260 669 377 709 Vires
402 668 551 709 deinde
580 666 725 722 populi
750 666 942 716 Romani,
960 667 1047 722 jam
1079 675 1283 707 terrarum
1304 667 1446 707 orbem

31 725 357 789 complectentis,
387 740 481 766 cum
515 724 674 765 viribus
707 723 983 772 Macedoniae,
1013 723 1219 764 exercitus
1251 739 1345 764 cum
1378 739 1448 764 ex-

29 782 227 824 ercitibus
247 781 513 839 comparavit.
578 781 743 829 Quanto
773 780 941 835 majores
964 782 1160 834 Plzilepln'
1180 781 1450 835 Antiochique

31 854 125 893 opes
145 854 224 879 non
245 839 462 893 majoribus
480 838 782 892 copiisfi·actas
802 852 882 879 esse
896 841 918 876 ?

92 897 154 937 II.
188 897 333 953 Hujus
362 896 523 953 generis
553 894 842 936 adhortatione
866 895 1045 935 accensis
1075 893 1255 935 militum
1285 894 1447 944 animis,

31 953 265 995 consultare
295 953 347 994 de
377 968 539 994 summa
566 951 737 1007 gerendi
769 951 865 992 belli
895 951 1033 1007 coepit.
1094 953 1160 992 Eo
1190 960 1231 992 et
1262 953 1308 992 C.
1332 953 1449 992 Mar-

32 1010 120 1051 cius
149 1018 307 1066 praetor
333 1025 358 1051 a
379 1009 592 1059 Chalcide,
614 1008 741 1049 classe
771 1016 954 1063 accepta,
976 1008 1101 1049 venit.
1164 1008 1343 1057 Placuit,
1366 1023 1446 1048 non

33 1067 146 1108 ultro
175 1067 376 1108 morando
404 1066 446 1107 in
470 1065 687 1106 Thessalia
719 1073 884 1120 tempus
917 1073 1063 1114 terere,
1086 1064 1157 1105 sed
1190 1079 1355 1105 movere
1380 1080 1449 1105 ex-

34 1124 190 1179 templo
204 1129 219 1145 ’·
239 1131 387 1173 castra,
409 1131 535 1178 atque
558 1136 731 1178 pergere
751 1121 848 1162 inde
867 1121 909 1161 in
933 1120 1247 1162 Macedoniam:
1281 1130 1322 1162 et
1343 1136 1450 1177 prae-
1462 1129 1532 1159 Cos.
1547 1127 1576 1176 ’ψ
1590 1129 1662 1159 Ma-

33 1186 165 1221 forem
186 1180 285 1221 dare
304 1195 488 1236 operam,
510 1187 559 1220 ut
589 1179 734 1220 eodem
765 1186 951 1234 tempore
981 1178 1120 1219 classis
1141 1193 1308 1233 quoque
1338 1178 1450 1219 inve-
1460 1172 1620 1245 cedomffn

32 1237 159 1278 hatur
197 1237 380 1279 hostium
416 1236 619 1278 litoribus.
681 1237 869 1277 Praetore
903 1235 1086 1285 dimisso,
1118 1235 1276 1286 consul,
1307 1222 1571 1275 ⁹men-conten
1595 1220 1630 1247 η’

32 1302 196 1335 struum
221 1295 341 1350 jusso
361 1293 491 1334 milite
513 1307 651 1334 secum
681 1293 804 1343 ferre,
825 1293 1039 1348 profectus
1059 1292 1220 1333 decimo
1249 1300 1344 1348 post
1364 1292 1447 1343 die,

32 1366 159 1406 quam
198 1350 427 1392 exercitum
467 1357 695 1406 acceperat,
737 1357 872 1390 castra
910 1348 1064 1390 movit:
1110 1357 1166 1399 et,
1203 1349 1327 1389 unius
1366 1349 1448 1390 diei

32 1422 276 1464 progressus
295 1407 389 1458 iter,
410 1406 645 1449 convocatis
674 1406 871 1448 itinerum
891 1406 1084 1456 ducibus,
1108 1405 1141 1430 ¹⁰
1153 1420 1300 1461 quum,
1323 1421 1450 1461 expo-

34 1473 178 1506 nerent
212 1465 253 1505 in
287 1464 470 1514 consilio,
497 1464 704 1519 jussisset,
737 1478 823 1518 qua
855 1463 1032 1517 quisque
1067 1462 1274 1502 ducturus
1313 1471 1446 1510 esset;

35 1521 238 1563 submotis
267 1520 332 1572 iis,
357 1520 389 1544 ¹¹
405 1535 532 1577 quam
561 1519 824 1575 potissimum
852 1527 1028 1575 peteret,
1058 1518 1205 1560 retulit
1234 1518 1288 1559 ad
1319 1519 1449 1559 consi-

33 1578 148 1619 lium.
209 1577 317 1619 Aliis
346 1592 421 1634 per
453 1576 656 1632 Pythium
688 1576 879 1632 placebat
908 1575 1001 1617 via:
1039 1575 1129 1616 aliis
1160 1590 1235 1631 per
1267 1576 1450 1616 Cambu-

33 1635 122 1678 nios
161 1642 336 1684 montes,
372 1649 458 1689 qua
496 1633 632 1689 priore
671 1647 780 1673 anno
815 1632 995 1674 duxerat
1029 1631 1239 1674 Hostilius
1273 1633 1445 1673 consul:

31 1691 122 1733 aliis
156 1699 311 1748 praeter
342 1690 592 1732 Ascuridem
632 1688 841 1745 paludem.
903 1689 1107 1730 Restabat
1142 1687 1176 1712 ¹¹²
1187 1688 1448 1743 aliquantum

32 1748 112 1790 viae
131 1748 384 1790 communis:
416 1747 557 1802 itaque
586 1745 628 1786 in
663 1746 707 1787 id
739 1753 920 1802 tempus,
942 1761 1026 1801 quo
1057 1760 1188 1802 prope
1220 1745 1448 1786 divortium

32 1805 229 1847 itinerum
258 1813 393 1846 castra
420 1803 596 1860 posituri
617 1811 749 1854 erant,
772 1802 1016 1844 deliberatio
1037 1804 1127 1858 ejus
1156 1802 1214 1843 rei
1243 1802 1448 1843 differtur.

33 1862 76 1903 in
112 1861 396 1903 Perrhaebiam
431 1861 527 1902 inde
567 1860 700 1910 ducit,
731 1868 772 1901 et
807 1860 915 1901 inter
945 1861 1135 1900 Azorum
1166 1867 1207 1900 et
1244 1859 1449 1899 Dolichen

32 1919 186 1960 stativa
218 1918 366 1960 habuit
402 1918 457 1959 ad
491 1917 790 1959 consulendum
826 1932 985 1967 rursus,
1022 1931 1147 1971 quam
1187 1915 1450 1972 potissimum

35 1984 262 2032 capesseret
297 1975 418 2016 viam.
480 1975 562 2017 Per
594 1974 758 2015 eosdem
791 1973 878 2015 dies
913 1975 1104 2024 Perseus,
1132 1987 1265 2029 quum
1301 1973 1451 2028 adpro-

35 2033 238 2088 pinquare
267 2032 428 2073 hostem
459 2031 595 2082 sciret,
624 2030 739 2086 quod
771 2031 850 2072 iter
881 2030 1092 2086 petiturus
1127 2038 1232 2071 esset
1264 2029 1449 2085 ignarus,

35 2105 175 2131 omnes
200 2089 329 2131 saltus
359 2087 535 2129 insidere
564 2087 771 2144 praesidiis
791 2087 950 2129 statuit.
1013 2088 1066 2128 In
1090 2087 1246 2143 jugum
1269 2086 1452 2128 Cambu-
1466 2093 1596 2166 Pgrseus

1518 2143 1524 2165 ι
1552 2147 1565 2165 s

569 2186 584 2203 ²
598 2184 733 2223 extemplo
748 2182 808 2214 del.
824 2182 915 2213 Crev.
1464 2147 1566 2222 ἓυὲέῑ.
1580 2147 1614 2166 (Α

78 2269 96 2298 7
122 2268 287 2300 Pam-icida>
313 2290 321 2299 .
344 2290 352 2300 .
375 2290 383 2299 .
406 2270 530 2310 cogitato
556 2270 588 2298 in
612 2280 718 2308 paren-
762 2278 907 2306 erponem.
961 2265 1105 2307 Intellige
1131 2278 1185 2302 eos,
1213 2265 1245 2296 id
1272 2271 1330 2301 est,
1359 2265 1452 2296 duces

35 2312 106 2352 tem]
131 2311 219 2342 Nihil
245 2322 283 2343 ea
299 2311 346 2354 ‘de
369 2322 400 2342 re
426 2317 518 2342 antea
542 2310 721 2343 memoravit

36 2354 152 2388 Livius.

78 2398 97 2426 8
120 2399 245 2437 Adjecit,
275 2404 336 2436 post
369 2397 470 2427 scelere
499 2403 620 2435 partum
655 2406 721 2437 reg-

35 2451 117 2475 uum,
140 2441 292 2481 veneficia]
329 2439 454 2480 Adjecit
479 2439 585 2470 consul
608 2439 721 2470 venefi-

37 2482 97 2516 cia,
119 2482 229 2518 caedes,
254 2483 376 2524 aliaque
399 2481 533 2513 facinora
557 2487 723 2513 consecuta

37 2525 149 2556 scelere
161 2532 283 2567 partum
298 2536 317 2556 a
331 2526 443 2556 Perseo
457 2535 595 2565 regnum.
618 2524 722 2565 Vulgo

39 2566 128 2597 aliter
162 2568 358 2610 distinguitur
392 2567 441 2598 hic
474 2568 578 2598 locus:
614 2569 722 2606 adjecit

32 2616 106 2649 post,
134 2612 234 2642 scelere
262 2618 382 2651 partum
414 2622 549 2652 regnum,
575 2612 723 2651 veneficia.

39 2652 154 2683 Nostra
175 2652 378 2696 interpunctio
401 2653 617 2695 elegantiorem
631 2653 723 2684 efficit

37 2705 171 2725 sensum.

39 2780 43 2784 ⁵
80 2739 101 2768 9
125 2738 325 2779 Menstruum]
355 2738 548 2770 Cibariorum
572 2744 724 2781 quantum

37 2791 68 2811 m
83 2791 218 2811 mensem
233 2786 307 2811 satis
320 2788 409 2812 esset.

82 2824 122 2853 lO
160 2824 259 2858 Quum.
302 2832 476 2863 (ιηιηνηυνιηιῐῒ4
523 2827 553 2855 in
607 2826 724 2855 consilio

29 2867 178 2908 jussisset]
211 2865 325 2898 Merito
354 2867 526 2899 Gronovius
552 2867 612 2908 legi
636 2867 723 2908 jubet

762 2310 918 2341 itinerum.

809 2354 845 2383 ll
873 2353 968 2387 Quam
1008 2354 1186 2391 potissimum
1228 2350 1350 2391 peteret]
1405 2350 1451 2380 Si—

764 2396 873 2437 gonius
886 2395 1059 2437 suspicatur
1072 2394 1221 2425 excidisse
1238 2395 1327 2424 vium.
1372 2393 1452 2424 Gro-

764 2439 873 2470 novius
894 2437 1048 2469 existimat
1069 2437 1190 2468 Livium
1212 2436 1345 2467 voluisse
1365 2436 1453 2466 illam

765 2492 871 2513 vocem
896 2481 957 2512 huc
983 2480 1185 2522 intelligendo
1209 2479 1313 2510 referri
1338 2489 1375 2509 ex
1404 2487 1452 2509 se·

765 2524 940 2565 quentibus,
973 2525 1040 2555 aliis
1068 2535 1120 2564 per·
1148 2523 1291 2564 Pythium
1322 2523 1453 2561 placebat

764 2570 823 2598 via.
866 2567 1029 2598 Malumus
1049 2567 1136 2597 illam
1157 2571 1296 2607 repetere
1317 2575 1354 2595 ex
1376 2575 1453 2605 prae-

766 2610 955 2646 cedentibus,
992 2621 1060 2650 qua,
1095 2619 1206 2651 nempe
1241 2608 1301 2644 via,
1338 2609 1455 2647 quisque

764 2656 909 2684 ducturus
922 2659 1000 2683 esset.

810 2698 849 2727 12
872 2697 1066 2736 Aliquantum
1096 2696 1148 2725 vice
1175 2692 1348 2732 cornminus]
1379 2690 1452 2737 5⁴¹*

766 2745 917 2781 quantum
932 2738 999 2773 viae,
1015 2748 1085 2779 quae
1106 2738 1219 2779 pariter
1240 2735 1279 2767 ad
1295 2733 1452 2779 Pythium,

767 2782 807 2813 ad
836 2781 1027 2813 Cambunios
1054 2786 1184 2817 montes,
1207 2778 1248 2810 ad.
1270 2775 1455 2809 Ascuridem

767 2824 914 2867 paludem
928 2824 1064 2856 duceret.
