1805 3174
549 102 1001 152 PRAEFATIO.
1475 103 1502 148 li

55 250 289 311 siiipplere
315 252 627 305 conaturum,
651 245 824 307 quoad,
846 241 1019 307 inquit,
1032 257 1122 306 per
1142 244 1365 305 urgentis
1383 246 1502 290 assi-

52 328 143 374 due
168 326 440 390 bibliopola:
458 325 849 387 festinationem,
876 337 1093 383 measque
1129 320 1429 368 inevitabiles
1460 331 1503 368 et

46 405 268 468 publicas
286 404 623 466 occupationes
644 401 825 448 licebit.
895 398 934 445 F
940 397 1072 444 utilis
1094 403 1142 443 et
1164 395 1360 443 minime
1380 398 1509 444 acci-

53 481 237 543 pienda
258 479 536 528 excusatio.
603 479 676 526 Ea
694 477 839 524 nobis
860 474 1150 522 adhibenda
1169 481 1243 522 est
1269 474 1507 523 adversus

52 559 333 607 litterariam
360 556 718 621 rempublicam
758 553 1048 608 reverentia,
1077 561 1128 599 ut
1153 568 1245 599 nos
1270 551 1314 598 ei
1342 552 1506 599 deme-

49 637 215 684 rendae
253 652 437 684 vacuos
474 635 814 699 praebeamus:
869 639 917 678 et
952 631 1156 694 quidem
1192 630 1241 677 in
1267 646 1415 693 opere
1440 632 1501 678 ad

48 715 449 779 qualemcunque
485 711 789 777 posteritatis
815 709 1080 758 utilitatem
1118 714 1412 771 comparato
1439 710 1506 755 fa-

48 792 153 840 cilis
179 798 255 840 est
280 792 470 856 aliquot
493 790 754 845 mensium,
784 789 883 838 imo
911 794 961 834 et
986 803 1243 842 annorum,
1263 787 1481 847 jactura.

116 869 169 916 Si
193 869 262 916 ita
286 868 525 916 sensisset
560 866 812 929 Dujatius,
850 864 1099 912 limatiora
1135 864 1311 926 procul
1353 865 1505 912 dubio

47 948 396 1011 supplementa
418 946 501 993 illa
525 945 838 1008 prodiissent,
860 951 909 990 et
934 942 1167 1004 digniora
1185 959 1297 1005 quae
1320 942 1370 989 in
1397 958 1505 988 cor-

46 1041 138 1087 pus
158 1025 353 1073 Liviani
372 1023 532 1087 operis
555 1023 704 1070 veluti
727 1022 1085 1069 coalescerent.
1149 1019 1300 1067 Nunc
1326 1026 1507 1082 praeter

46 1101 272 1149 vitiosam
309 1101 601 1156 orationem,
631 1107 680 1147 et
706 1105 948 1161 corruptae
978 1097 1264 1145 Latinitatis
1301 1114 1503 1160 sparsas

46 1178 159 1226 hinc
183 1179 300 1226 inde
324 1178 565 1233 maculas,
592 1193 775 1238 magna
810 1176 941 1237 circa
966 1191 1041 1221 res
1067 1174 1203 1237 ipsas
1240 1175 1501 1238 indiligen-

45 1255 113 1303 tia
139 1256 553 1320 deprehenditur:
609 1255 841 1318 quaedam
878 1252 1079 1307 omissa,
1106 1270 1217 1316 quae
1241 1253 1388 1300 inseri
1417 1270 1504 1317 par

44 1334 228 1392 fuerat3
277 1334 507 1397 quaedam
548 1331 799 1391 arcessita,
824 1348 933 1393 quae
971 1330 1132 1377 aliena
1169 1337 1326 1391 erant,
1351 1338 1401 1379 et
1438 1349 1500 1378 ex

45 1411 366 1474 sequentibus
403 1415 702 1472 praepostere
738 1407 975 1470 repetita3
1025 1424 1083 1454 ea
1108 1407 1219 1470 ipsa
1243 1425 1352 1471 quae
1379 1416 1500 1457 tem-

45 1488 180 1552 poris
207 1506 264 1536 ac
288 1488 388 1536 loci
413 1494 568 1542 erant,
596 1486 844 1533 incuriose
869 1491 1100 1544 tractata,
1118 1492 1167 1532 et
1193 1503 1255 1533 ex
1281 1487 1497 1535 scriben-

47 1566 108 1614 tis
133 1565 334 1629 ingenio
369 1572 623 1621 exornata,
653 1564 969 1627 amplificata,
994 1563 1322 1626 interpolata:
1368 1566 1497 1612 adeo

45 1650 99 1691 ut
123 1660 277 1707 quum
309 1643 464 1706 primo
500 1641 851 1690 statuissemus
889 1640 1251 1704 supplementa,
1278 1643 1443 1705 qualia
1470 1661 1498 1690 a

45 1720 260 1782 Dujatio
287 1721 584 1768 concinnata
610 1720 818 1774 fuerant,
844 1718 891 1766 in
918 1735 1047 1765 nova
1071 1719 1163 1766 hac
1182 1719 1400 1767 editione
1424 1721 1496 1767 in-

44 1805 182 1847 tacta
207 1805 586 1862 repraesentare,
621 1796 863 1860 appositis
900 1804 1096 1844 tantum
1132 1796 1279 1854 notis,
1315 1797 1499 1859 quibus

42 1878 420 1925 emendaremus
472 1894 530 1924 ea
567 1894 676 1940 quae
719 1875 881 1922 minus
930 1881 1165 1923 accurata
1201 1874 1496 1931 viderentur,

43 1955 186 2002 nobis
222 1971 429 2003 necesse
466 1954 610 2002 fuerit
647 1953 886 2001 desistere
922 1954 984 2000 ab
1020 1953 1238 2016 incepto,
1269 1968 1496 2016 novaque

43 2034 389 2097 supplementa
412 2040 581 2081 nostro
607 2032 773 2080 Marte
800 2032 1032 2091 condere,
1052 2031 1103 2078 in
1128 2029 1304 2095 quibus
1327 2036 1495 2078 tamen

44 2111 254 2175 plurima
278 2128 340 2159 ex
364 2128 424 2159 eo
452 2109 661 2158 mutuari
688 2108 888 2156 minime
913 2108 1136 2170 religioni
1163 2107 1418 2154 duximus,

113 2187 301 2248 Unum,
326 2194 380 2235 ut
398 2188 504 2249 jam
532 2186 764 2245 diximUS‚
789 2185 1160 2233 consultissime
1191 2185 1306 2232 fecit
1331 2183 1604 2244 Duja—Artic-
1623 2195 1680 2225 Iv-

42 2264 156 2321 tius,
203 2265 339 2329 quod
388 2264 734 2327 supplementa
781 2261 1187 2310 Freinshemiana
1233 2262 1375 2309 Livio
1425 2238 1694 2310 at-ffifflffi

43 2343 230 2390 texuit:
287 2343 534 2405 egregium
573 2357 714 2404 opus,
754 2347 802 2387 et
841 2340 974 2386 haud
1019 2339 1123 2387 scio
1166 2356 1228 2386 an
1269 2339 1488 2386 omnium
1505 2324 1691 2396 {YJLTJOE‘

42 2437 153 2485 quae
176 2421 225 2467 in
247 2420 454 2482 gratiam
481 2419 820 2468 studiosorum
850 2419 1092 2466 Romanae
1119 2415 1335 2464 historiae
1360 2416 1493 2463 facta

43 2504 173 2552 sunt,
198 2498 542 2554 utilissimum3
592 2497 656 2544 de
680 2513 781 2561 quo
807 2495 900 2543 etsi
925 2494 1073 2558 paulo
1104 2493 1379 2555 jactantius
1402 2494 1494 2539 for-

42 2583 193 2635 tasse,
227 2591 328 2622 non
362 2574 605 2622 immerito
642 2582 805 2621 tamen
844 2579 1016 2620 auctor
1049 2572 1154 2635 ipse
1190 2571 1259 2618 ita
1294 2568 1491 2631 gloriari

43 2668 193 2699 ausus
219 2657 309 2710 est,
334 2659 388 2698 ut
414 2651 685 2715 sponsione
717 2650 1094 2714 quodammodo
1133 2648 1402 2712 quemlibet
1429 2662 1490 2692 ex

42 2728 346 2775 eruditorum
363 2745 567 2776 numero
586 2729 869 2783 lacesseret,
883 2728 1131 2790 professus
1146 2742 1197 2771 se
1215 2725 1490 2785 neutiqmmz
1503 2738 1539 2768 ln
1558 2740 1671 2770 monito

41 2815 259 2863 metuere,
275 2822 333 2854 ne
349 2807 456 2869 quis
471 2822 531 2853 θῶ·
550 2806 628 2854 lais
645 2805 862 2853 ommibus
877 2801 1197 2865 scriptoribus
1214 2801 1299 2862 qui
1314 2808 1423 2847 sum
1441 2800 1490 2846 z'n
1502 2781 1649 2858 issiim'

788 2886 861 2920 υἷέ
