1831 3194
388 94 508 131 LIB.
540 91 670 129 XL11.
718 90 790 127 CA
808 89 847 125 P.
879 87 1070 125 XXVIII.
1391 89 1439 127 57

26 205 273 246 auctoritate
302 211 468 244 senatus
503 202 550 241 C.
576 198 762 240 Licinius
795 205 949 253 praetor
981 195 1138 243 scribit,
1163 203 1209 235 ut
1238 203 1279 234 ct
1315 194 1439 246 legio·
1458 203 1635 235 1·.(7.580.

26 277 117 302 nem
151 261 387 309 secundam,
419 273 516 315 quae
556 256 734 297 maxime
767 263 962 295 veterana
995 253 1037 292 in
1074 251 1306 305 Liguribus
1339 248 1547 298 01·at‚A-‘2'·
1565 246 1637 275 ¹7²·

27 318 107 359 86et
141 319 288 359 socios'·
312 315 451 357 Latini
486 313 659 355 nominis
692 320 874 366 quatuor
907 309 1035 350 millia
1066 308 1270 364 peditum,
1293 307 1447 347 ducen-

28 383 91 416 tos
113 375 272 430 equites
296 373 443 414 Idibus
466 368 682 412 Februarii
710 367 918 408 Brundisii
941 366 1081 407 adesse
1109 366 1289 420 juberet.
1354 364 1448 403 Hac

28 432 154 472 classe
176 441 216 472 et
238 432 313 471 hoc
347 427 530 469 exercitu
568 429 644 468 Cn.
670 425 846 465 Sicinius
868 423 1120 479 provinciam
1156 420 1447 462 Macedoniam

29 488 229 537 obtinere,
251 487 380 527 donec
414 499 621 525 successor
653 482 825 530 veniret,
854 481 1012 536 jussus,
1047 486 1270 535 prorogato
1304 477 1344 517 in
1378 492 1448 516 an-

32 560 130 585 num
153 543 337 599 imperia
400 544 465 582 Ea
485 540 636 589 onmia,
655 553 752 594 quae
774 546 941 578 senatus
962 536 1136 583 censuit,
1154 534 1316 590 inpigre
1338 534 1449 574 facta

32 610 140 642 sunt.
217 597 649 654 Duodequadraginta
689 596 1008 650 quinqueremes
1042 607 1092 633 ex
1129 591 1345 632 navalibus
1380 590 1450 630 de-

31 659 194 699 ductae:
244 657 316 712 qui
339 656 563 696 deduceret
595 669 662 694 cas
696 651 983 698 Brundisium,
1008 650 1058 689 L.
1085 649 1256 689 Porcius
1278 647 1451 688 Licinus

32 714 303 771 praepositus:
349 711 569 753 duodecim
605 726 655 751 cx
695 709 833 749 Sicilia
872 707 1018 748 missae.
1080 705 1151 745 Ad
1192 706 1451 746 frumentum

33 772 149 813 classi
190 769 475 824 exercituique
514 767 785 808 coemendum
818 765 859 805 in
896 763 1095 819 Apuliam
1131 761 1451 815 Calabriamque

36 836 118 870 tres
154 827 279 882 legati
317 826 442 875 missi,
468 828 561 866 Sex.
586 823 787 877 Digitius,
812 823 864 862 T.
883 820 1126 867 hiventius,
1164 820 1224 858 Μ.
1246 817 1449 858 Caecilius.

36 885 107 926 Ad
128 884 265 925 onmia
285 891 521 940 praeparata
543 883 619 922 Cn.
640 880 816 921 Sicinius
836 886 1007 934 praetor,
1029 876 1255 932 paludatus
1276 890 1326 915 cx
1350 874 1451 915 urbe

36 942 262 997 profectus,
288 939 556 981 Brundisium
580 937 703 978 venit.

96 998 326 1039 XXVIII.
360 996 494 1037 Exitu
526 1009 655 1050 prope
687 993 783 1033 anni
805 994 852 1032 C.
872 990 1076 1047 Popillius
1097 989 1241 1030 consul
1275 989 1452 1028 Romam

38 1055 159 1096 rediit
193 1055 406 1110 aliquanto
441 1052 585 1100 serius,
619 1065 744 1105 quam
778 1057 944 1089 senatus
965 1054 1202 1087 censuerat:
1235 1045 1269 1071 ⁸⁷
1282 1044 1347 1085 cui
1370 1044 1453 1099 pri-

38 1128 106 1152 mo
126 1127 294 1167 quoque
327 1119 511 1165 tempore.
543 1107 811 1162 magistratus
844 1103 1007 1154 ercari³,
1029 1117 1161 1158 quum
1184 1110 1347 1142 tantum
1369 1100 1454 1141 bel-

38 1169 125 1209 lum
158 1168 389 1216 inmineret,
418 1167 583 1221 jussum
605 1171 704 1204 erat.
768 1164 919 1216 Itaque
951 1176 1032 1200 non
1066 1158 1256 1200 secundis
1284 1157 1456 1198 auribus

40 1227 215 1266 Patrum
247 1224 417 1264 auditus
438 1231 499 1263 est
520 1220 678 1269 consul,
711 1234 843 1275 quum
867 1218 907 1258 in
929 1217 1019 1258 aede
1054 1216 1238 1257 Bellonae
1260 1215 1312 1255 de
1332 1214 1458 1254 rebus

40 1282 82 1323 in
123 1281 355 1337 Liguribus
395 1279 521 1335 gestis
560 1277 790 1318 dissereret.
833 1273 1175 1316 subclamationes
1218 1273 1458 1326 frequentes

43 1347 160 1380 erant
181 1337 622 1393 interrogationesque,
637 1349 711 1375 cur
728 1333 877 1374 scelere
891 1331 1031 1372 fratris
1043 1331 1260 1386 obpressos
1278 1328 1458 1383 Ligures

41 1396 82 1437 in
104 1396 338 1436 libertatem
359 1409 441 1435 non
463 1391 734 1434 restituisset?
796 1388 977 1430 Comitia
996 1386 1240 1435 consularia,
1263 1385 1305 1425 in
1331 1400 1457 1440 quam
1472 1392 1617 1424 Comitia.

42 1452 178 1494 edicta
196 1460 313 1492 erant
334 1451 458 1499 diem,
480 1457 575 1490 ante
596 1448 705 1489 diem
726 1445 1018 1486 duodecimum
1044 1443 1253 1484 Kalendas
1283 1441 1460 1482 Martias

43 1517 139 1550 sunt
160 1509 314 1550 habita.
378 1505 517 1547 Creati
533 1504 734 1553 consules,
754 1503 801 1542 P.
819 1501 1005 1542 Licinius
1024 1502 1212 1548 Crassus,
1232 1499 1278 1539 C.
1293 1497 1461 1539 Cassius

47 1565 275 1621 Longinus.
322 1566 494 1605 Postero
510 1562 576 1603 die
593 1568 791 1617 praetores
807 1559 920 1607 facti,
941 1560 987 1598 C.
1006 1556 1214 1611 Sulpicius
1238 1555 1388 1604 Galba,
1408 1555 1458 1594 L.

47 1623 202 1663 Furius
236 1621 398 1670 Philus,
423 1620 472 1659 L.
493 1617 719 1659 Canuleius
741 1615 884 1664 Dives,
909 1616 955 1655 C.
977 1612 1200 1654 Lucretius
1224 1611 1386 1660 Gallus,
1412 1612 1459 1651 C.

47 1679 246 1720 Caninius
263 1677 453 1725 Rebilus,
472 1676 522 1715 L.
535 1674 682 1715 Villius
698 1672 886 1713 Annalis.
932 1670 1012 1711 His
1028 1667 1463 1726 praetoribusprovin-

46 1737 120 1777 ciae
141 1736 343 1776 decretae:
377 1734 473 1774 duae
500 1733 597 1788 jure
620 1732 769 1771 Romae
790 1728 979 1778 dicendo,
1004 1726 1223 1782 Hispania,
1245 1733 1286 1766 et
1311 1724 1461 1773 Sicilia,

47 1801 88 1834 et
107 1792 320 1839 Sardinia3
354 1799 401 1831 ut
424 1789 495 1830 uni
513 1804 598 1830 sors
619 1788 782 1843 integra
797 1794 918 1835 esset,
936 1800 1021 1841 quo
1043 1791 1209 1824 senatus
1225 1781 1461 1822 censuisset.

50 1849 302 1891 Consulibus
335 1846 560 1902 designatis
591 1843 810 1900 imperavit
833 1850 1015 1891 senatus,
1037 1849 1100 1889 ut,
1122 1855 1207 1895 qua
1227 1838 1294 1879 die
1316 1837 1465 1893 magis-

50 1914 206 1947 tratum
227 1905 411 1954 inissent,
433 1902 577 1944 hostiis
598 1901 824 1957 majoribus
844 1899 922 1940 rite
953 1897 1157 1946 mactatis,
1179 1903 1463 1952 precarentur,
1477 1904 1674 1943 Yotaal‘op.

50 1971 113 2013 ut,
135 1962 249 2018 quod
270 1962 426 2003 bellum
448 1959 630 2017 populus
652 1959 868 1998 Romanus
889 1956 930 1996 in
951 1955 1087 1997 animo
1114 1954 1285 1994 haberet
1306 1966 1463 2007 gerere,
1476 1952 1629 1989 suscepta.

54 2028 100 2060 ut
121 2019 164 2060 id
183 2033 427 2075 prosperum
459 2023 651 2057 evenlret.
713 2013 875 2054 Eodem
907 2012 973 2053 die
1004 2010 1228 2052 ⁸⁸decrevit
1262 2008 1464 2058 senatusb,

54 2078 101 2116 C.
118 2075 321 2131 Popillius
337 2074 479 2115 consul
500 2073 621 2114 ludos
636 2087 711 2128 per
731 2071 818 2111 dies
834 2069 975 2110 decem
992 2067 1091 2109 Jovi
1106 2067 1265 2122 optimo
1285 2065 1467 2106 maximo

52 2141 234 2182 voveret,
256 2132 448 2187 donaque
480 2129 588 2170 circa
617 2127 755 2169 omnia
783 2126 1018 2183 pulvinaria
1049 2123 1153 2174 dari,
1176 2123 1208 2165 si
1234 2122 1468 2179 respublica

223 2242 240 2259 Ζ
255 2239 361 2269 socium
378 2239 476 2270 Gron.
615 2239 630 2256 ²
645 2246 743 2266 creare
760 2234 856 2266 Gron.
875 2233 966 2264 CreV.
1096 2229 1112 2253 b
1128 2230 1184 2260 ins.
1203 2236 1234 2259 uc
1251 2229 1341 2260 Crev.

99 2340 140 2369 86
165 2339 202 2369 Et
230 2340 313 2369 socios
344 2338 445 2368 Latini
474 2338 595 2367 nominis
618 2341 743 2376 quatuor
786 2339 890 2364 tamen
919 2331 1036 2363 Sanctii
1064 2331 1252 2366 Minervam,
1276 2331 1297 2361 l.
1324 2331 1368 2361 ΙΙ.
1400 2339 1426 2359 c.
1445 2329 1475 2358 4.

59 2383 151 2412 millia
176 2380 322 2422 peditum]
352 2382 429 2411 Ilaee
454 2386 501 2410 est
523 2385 610 2410 vetus
640 2377 743 2409 lectio.
787 2382 818 2407 et
843 2375 886 2406 ibi
914 2374 1118 2409 Perizonium‚
1148 2372 1201 2414 qui
1229 2375 1320 2404 ambo
1347 2373 1474 2415 probare

60 2424 233 2455 Gronovius
253 2425 314 2465 legi
338 2424 429 2465 jussit
449 2424 567 2453 socium.
613 2421 674 2452 Sed
698 2420 744 2450 ni-
788 2419 927 2449 nituntur
951 2417 1061 2448 Latine
1085 2416 1147 2446 dici
1165 2417 1255 2455 jubeo
1275 2418 1336 2446 tibi.
1382 2415 1474 2445 Cete-

61 2467 104 2497 hil
127 2467 247 2497 videtur
270 2466 439 2497 mutatione
461 2476 538 2506 opus
553 2475 628 2495 esse.
675 2464 743 2493 Hoc
787 2473 866 2498 rum,
885 2460 960 2502 quia
982 2469 1151 2502 pronomen
1173 2459 1221 2488 cui
1244 2458 1366 2499 longius
1389 2458 1476 2488 abest

60 2510 241 2544 membrum,
289 2516 414 2549 quatuor
463 2509 556 2538 millia
604 2507 745 2547 peditum,
789 2515 808 2535 a
822 2504 946 2535 nomine
967 2503 1076 2538 consul,
1091 2501 1255 2542 interjecta
1274 2502 1368 2532 etiam
1390 2510 1475 2530 men-

61 2551 190 2593 intelligi
216 2552 308 2583 debet
330 2562 384 2594 per
410 2550 634 2593 appositionem
653 2549 745 2590 junc-
789 2547 872 2578 tione
895 2552 1020 2581 senatus,
1037 2544 1135 2585 magis
1148 2545 1286 2585 placeret
1306 2543 1383 2574 illud
1406 2552 1476 2584 pro-

62 2599 128 2625 tum
156 2594 253 2636 primo
282 2594 340 2631 illi,
369 2596 453 2625 socios
483 2594 584 2623 Latini
613 2593 746 2622 nominis.
790 2600 902 2620 nomen
917 2588 1021 2619 referri
1046 2587 1085 2618 ad
1101 2592 1254 2623 senatum,
1271 2593 1302 2618 et
1315 2586 1395 2626 legi:
1428 2585 1476 2613 cni.

63 2637 183 2667 Similia
204 2638 352 2680 ,exempla
380 2636 520 2679 superius
548 2635 614 2677 jam
643 2635 746 2666 obser·
787 2635 881 2672 primo
895 2642 1003 2671 quoque
1024 2637 1147 2669 tempore
1169 2631 1357 2671 magistratus
1381 2627 1477 2657 creari

63 2685 136 2710 vata
151 2685 228 2710 sunt.
793 2699 801 2706 .
826 2697 835 2706 .
856 2697 864 2704 .
889 2676 982 2704 *risum
996 2680 1070 2704 emt.

106 2723 146 2753 87
171 2722 231 2752 Cui
252 2743 260 2751 .
286 2744 295 2752 .
317 2725 459 2762 „jussum
472 2722 552 2762 erat]
577 2720 640 2751 Vix
661 2719 749 2749 nobis
794 2751 797 2753 ,
848 2718 888 2747 88
927 2717 1063 2747 Decrevit
1099 2721 1224 2750 senatus,
1254 2721 1286 2743 ut
1315 2713 1348 2742 C.
1378 2710 1477 2749 Popil-

64 2764 283 2807 persuademus
304 2764 347 2794 sic
370 2765 488 2796 locutos
511 2774 578 2794 esse
602 2762 686 2793 aurei
710 2762 747 2793 il-
792 2761 863 2801 Iius]
881 2759 1063 2800 Adjecimus
1083 2758 1224 2789 voculam
1240 2763 1273 2786 uc
1289 2766 1326 2786 ex
1349 2752 1477 2784 vetustis

65 2809 122 2839 lius
149 2807 207 2838 aevi
230 2806 403 2848 scriptores.
457 2808 540 2848 Lege
563 2817 645 2846 quem
677 2828 684 2835 .
708 2826 715 2833 .
740 2825 748 2833 .
792 2802 988 2834 editionibus.
1327 2809 1332 2813 ’

56 2854 170 2888 jussum
195 2855 268 2885 crat,
294 2849 342 2880 vel
365 2852 412 2890 qui
428 2852 527 2890 jussus
551 2855 622 2880 erat.
668 2847 751 2884 vide
