1805 3174
564 101 1021 154 PRAEFATIO.
1386 127 1517 159 xxxv

67 237 269 285 modum
307 239 355 286 in
387 240 595 303 publicis
629 245 963 292 monumentis
1002 245 1189 294 tradita
1223 250 1513 311 reperiebat,
1532 265 1597 295 Lm

64 316 130 362 iti
173 318 233 363 ad
277 334 369 364 nos
411 319 594 382 scripto
641 323 1007 372 tiansmitteret.
1095 325 1223 379 Quis
1261 292 1664 392 neffavcr1tis¹1
1624 310 1729 339 *¹¹⁶

62 393 281 442 historiae
326 395 595 458 cujuslibet
641 401 813 463 populi
858 418 961 450 non
1007 403 1349 466 poenitendam
1402 406 1602 468 εεεθξζυ’ξ

62 479 252 533 partem
279 490 386 520 eam
425 492 535 538 quae
573 476 637 523 ad
675 478 782 539 ejus
819 495 962 526 sacra
996 480 1219 546 ritusque
1254 483 1514 546 religiosos

57 555 107 595 et
152 551 343 598 cultum
388 553 602 602 numinis
644 558 873 618 spectet?
934 558 1098 612 Quem
1144 562 1372 609 nostrum
1412 580 1514 611 non

51 625 196 685 juvat
230 644 394 686 nosse,
433 638 740 696 quantopere
776 641 966 683 mentes
1002 637 1277 700 priscorum
1314 640 1513 691 illorum

58 704 398 754 Romanorum
453 717 726 758 occaecaret
780 712 979 770 stolida,
1022 721 1072 762 et
1126 716 1354 775 multum,
1409 719 1512 767 irri-

54 782 287 832 dendane
327 785 510 842 dicam,
551 803 615 834 an
657 787 910 846 deflenda,
953 791 1088 839 circa
1127 793 1298 841 divina
1339 813 1509 860 super-

53 860 188 908 stitio
215 870 263 909 et
299 863 606 912 credulitas?
645 865 771 919 Quae
798 868 1021 930 cognitio
1057 875 1253 920 tantum
1279 873 1421 922 abest
1456 883 1511 924 ut

54 953 177 986 verae
202 940 429 1003 religioni
454 942 654 1003 officiat,
678 950 732 992 ut
758 953 933 994 contra
958 948 1055 996 hoc
1079 966 1282 1015 quoque
1306 953 1509 1001 nomine

51 1016 233 1078 gratias
258 1017 374 1065 Deo
405 1018 712 1068 immortales
751 1029 800 1070 et
823 1023 1023 1083 habere,
1051 1033 1101 1073 et
1138 1044 1284 1090 agere
1321 1031 1507 1080 debea-

52 1110 180 1151 mus,
208 1097 346 1159 quod
366 1114 459 1145 nos
483 1094 734 1148 veteribus
754 1100 850 1148 illis
878 1119 1041 1166 neque
1060 1105 1408 1168 prudentiores
1425 1127 1509 1158 ne-

51 1189 150 1236 que
184 1174 558 1236 ingeniosiores,
585 1194 614 1224 a
637 1185 739 1226 tam
764 1180 954 1243 supinis
990 1187 1197 1246 tamque
1224 1185 1505 1236 exitialibus

48 1250 308 1308 erroribus,
335 1268 424 1315 per
458 1253 680 1302 divinam
706 1255 967 1320 Evangelii
1004 1259 1186 1319 lucem,
1208 1261 1504 1315 liberaverit.

52 1327 173 1376 Non
209 1330 450 1379 continuo
485 1332 649 1395 igitur,
675 1334 716 1381 si
741 1334 913 1384 Livius
949 1338 1259 1399 perabsurda
1283 1343 1508 1407 prodigia

49 1408 299 1455 memoriae
336 1409 612 1472 mandavit,
636 1411 688 1459 id
714 1412 758 1460 ei
782 1414 832 1460 in
856 1414 1058 1463 crimine
1087 1419 1395 1480 ponendum,
1422 1430 1507 1470 aut

48 1491 169 1532 nota
192 1487 557 1549 superstitionis
583 1490 893 1554 injungenda
918 1499 1021 1541 est:
1069 1511 1127 1543 ac
1151 1497 1360 1559 proinde
1383 1499 1506 1547 nihil

42 1562 149 1623 jam
175 1564 344 1612 obstat
363 1566 635 1629 quominus
659 1586 769 1617 eum
790 1571 999 1619 multum
1019 1589 1243 1622 amemus
1263 1576 1327 1623 de
1346 1594 1438 1625 sua
1454 1578 1505 1625 in

49 1656 135 1688 eos
160 1657 286 1704 quos
312 1642 447 1690 solos
473 1643 640 1692 colere
667 1646 915 1695 didicerat
945 1649 1069 1697 deos
1094 1651 1293 1714 pietate.
1366 1654 1503 1702 Mul-

44 1723 150 1765 tum
174 1735 293 1780 ergo
319 1720 382 1767 ab
410 1737 469 1768 eo
497 1723 750 1781 absumus,
777 1731 834 1772 ut
857 1726 1100 1790 Gregorio
1136 1729 1349 1793 Magno,
1377 1733 1502 1781 acris

46 1795 244 1858 ingenii,
269 1804 318 1846 et
352 1800 530 1848 eruditi
555 1799 606 1848 in
635 1802 947 1866 Religionem
985 1805 1325 1857 Christianam
1350 1811 1502 1859 studii

46 1875 284 1937 pontifici,
324 1884 426 1925 tam
473 1878 652 1927 laevam
689 1881 839 1930 fuisse
880 1891 1097 1933 mentem
1139 1897 1386 1950 putemus,
1428 1895 1496 1944 ut,

47 1954 185 2015 quod
211 1953 422 2017 legitur
410 1973 460 2003 in
485 1957 729 2007 Antonini
753 1960 978 2019 Summa,
999 1964 1062 2011 ob
1087 1964 1222 2012 illam
1249 1966 1499 2029 prodigio-
1511 1981 1704 2013 Fani-013-

46 2047 153 2078 rum
180 2035 703 2084 commemorationem
738 2037 962 2088 infensus
987 2040 1145 2103 Livio,
1169 2004 1671 2107 quoscunqueiffihsfhssn
1634 2027 1666 2055 ἶ
1661 2033 1702 2056 t

45 2109 271 2158 nancisci
295 2111 542 2173 potuisset
565 2114 674 2175 ejus
699 2115 852 2164 libros
889 2118 990 2180 igni
1014 2120 1248 2168 traderet.
1320 2121 1380 2170 Id
1407 2139 1498 2170 nec

46 2186 170 2234 libet
208 2189 424 2248 credere,
471 2197 521 2239 et
554 2192 683 2251 licet,
725 2195 809 2242 ubi
843 2197 913 2244 rei
954 2204 1056 2244 tam
1090 2198 1317 2248 absurdae
1354 2207 1496 2249 tanto

46 2265 288 2327 posterior
311 2273 456 2316 aetate
480 2270 619 2318 testis
643 2289 771 2321 unus
796 2274 931 2322 citari
957 2282 1142 2339 potest.

114 2342 212 2391 Sed
235 2353 282 2393 et
319 2351 592 2396 ceterarum
629 2349 883 2411 virtutum,
912 2353 1137 2415 justitiae,
1166 2355 1491 2415 abstinentiae,
1506 2377 1541 2407 Ji
1548 2377 1687 2407 iusm

44 2419 310 2478 comitatis,
343 2424 710 2489 munificentiae,
745 2430 1068 2488 castimoniae,
1107 2434 1288 2482 amoris
1323 2434 1373 2482 in
1407 2453 1492 2499 pa·
1504 2425 1604 2492 ffflssffl
1609 2475 1636 2504 1„
1620 2432 1709 2493 ⁰¹22&

42 2495 202 2553 triam,
240 2515 435 2549 summa
467 2502 649 2567 ubique
686 2507 819 2570 apud
856 2524 968 2556 eum
1002 2509 1167 2558 elucet
1203 2511 1486 2570 admlrat10‚
1504 2506 1633 2537 &¹⁰¹¹
1638 2513 1691 2536 ¹⁰¹·

45 2591 156 2638 quae
181 2574 232 2623 in
257 2593 424 2626 earum
450 2581 848 2631 aemulationem
836 2601 998 2648 ipsum
1027 2603 1228 2650 quoque
1251 2589 1489 2636 lectoiem

44 2652 186 2715 rapit.
256 2652 318 2702 In
351 2671 404 2702 re
429 2658 828 2708 manifestissima
862 2678 965 2711 non
997 2680 1159 2727 operae
1197 2670 1273 2712 est
1305 2664 1490 2712 diutius

43 2728 309 2782 immorari.
378 2732 479 2782 Sed
503 2741 670 2785 tamen
693 2737 803 2803 quis
828 2755 929 2788 non
966 2741 1142 2790 ardore
1166 2741 1384 2804 quodam
1412 2757 1491 2789 ca-

787 2830 809 2857 c
831 2821 857 2857 2

1598 408 1647 425 ,ηρ
1675 396 1711 425 ‹lc
