1805 3174
499 75 696 113 IllSTOR
708 72 881 111 [ARUM
915 72 1118 112 LIBROS.

97 183 182 212 Pacis
198 184 392 214 conditiones
405 194 474 214 cum
487 185 643 224 Philippo,
656 189 710 222 29,
726 189 774 214 12.

139 232 195 263 33,
212 232 264 255 ao.

117 287 159 294 -—
172 280 240 299 cum
260 271 383 307 AEtolis,
400 275 455 308 38,
473 275 502 301 9.

115 328 156 335 —-
172 323 240 343 cum
260 315 433 350 Antiocho,
458 318 513 349 38,
529 319 581 343 38.

94 357 200 385 Pacem
234 361 358 395 petunt,
377 359 428 395 qui
453 364 542 386 crant
573 358 604 386 in
630 358 774 393 induciis,

140 404 171 434 7,
189 405 243 430 38.

94 443 220 479 pecora,
235 444 365 482 pecunia
379 447 453 473 sunt
471 444 642 481 Massyliis,
656 448 708 480 29,
722 448 773 472 31.

96 486 209 514 Peeora
235 488 377 516 hostibus
407 488 530 524 objecta
553 497 606 526 per
634 488 774 520 insidias,

138 533 170 565 2,
190 534 239 557 50.
258 533 311 565 28,
328 534 381 559 33.

95 572 232 601 Pecuarii
247 573 459 610 ‹¹01ule1unati,
480 578 529 609 10,
547 579 597 603 23.
622 579 651 603 el
677 578 726 605 47.
746 577 777 602 et

137 625 173 644 ex
196 616 390 645 mulctaticia
414 618 545 655 pecunia
566 619 646 647 aedes
671 618 703 646 in
728 618 776 645 in-

137 658 204 687 sula
231 659 330 688 Fauni
354 660 447 693 facta.
471 665 525 697 33,
546 665 598 691 42.
621 664 653 690 ct
672 661 778 699 clypea

136 701 280 731 inaurata
306 704 337 731 in
360 703 486 743 fastigio
507 704 580 733 aedis
604 705 695 734 Jovis
720 714 776 742 po-

137 745 209 781 sita,
224 749 279 779 35,
296 749 345 775 10.

92 788 229 818 Pecunia
265 790 389 827 privata
427 790 661 828 conducuntur,
708 800 777 829 qum

137 832 175 860 ad
208 833 377 862 exercitum
415 833 655 873 Hispaniensem
700 843 778 873 opus

140 879 229 911 sunt,
249 879 303 910 23,
321 879 374 907 49.

94 918 231 948 Pecunia
274 919 477 953 mulctaticia‚
522 930 558 950 ex
593 930 654 958 qua
697 921 780 949 sacta

136 962 216 990 aedes
239 962 400 999 Victoriae‚
441 967 491 999 10,
514 968 566 993 33.
599 964 779 1001 Libertatis,

137 1008 191 1041 24,
219 1008 265 1034 16.
291 1006 402 1042 Fauni,
433 1011 487 1039 33,
512 1011 564 1038 42,
586 1012 642 1045 34,
670 1012 719 1036 53.
743 1017 779 1036 ex

137 1057 198 1085 qua
214 1049 287 1077 sacti
305 1049 383 1084 ludi,
403 1054 454 1086 10,
472 1053 524 1080 23.

95 1090 238 1120 Pecuniae
268 1101 286 1120 a
318 1092 461 1130 privatis,
489 1093 527 1122 ad
556 1093 778 1123 sublevandam

136 1134 234 1163 aerarii
259 1135 410 1174 inopiam,
431 1136 566 1173 collatae,
585 1141 639 1174 24,
660 1141 707 1165 18.
726 1140 778 1175 26,

137 1180 191 1207 36.

96 1220 132 1249 de
149 1221 285 1250 Pecunia
300 1221 418 1251 incerta
432 1222 496 1252 ludi
512 1222 592 1259 voti,
606 1227 661 1258 31,
678 1229 707 1255 9.

95 1265 239 1293 Pecuniae
270 1264 304 1293 in
335 1265 477 1294 aerarium
508 1267 592 1303 latae,
623 1270 676 1304 28,
693 1272 723 1298 9.
749 1271 778 1296 et

135 1311 187 1336 38.
197 1311 227 1336 et
237 1309 359 1346 passim
370 1310 404 1337 in
415 1309 594 1348 triumphis.

94 1351 260 1380 Pecuniam
289 1361 326 1380 ex
355 1353 462 1382 aerario
492 1354 599 1383 scriba:
630 1353 779 1383 viatores-

136 1403 195 1431 que
218 1394 338 1424 aedilitii
359 1395 438 1424 clam
465 1402 608 1435 egerunt,
638 1401 693 1433 30,
724 1402 776 1427 39.

134 1446 189 1476 per
217 1438 352 1468 iudicem
381 1440 531 1478 comperti
576 1441 777 1476 damnantur,

134 1479 206 1508 ibid.

93 1522 190 1552 Pecus
204 1524 308 1562 quale,
324 1534 378 1554 ver
393 1524 538 1555 sacrum?
558 1530 612 1559 34,
631 1530 683 1556 44.

92 1564 133 1595 Τ.
153 1567 318 1601 Pedanius,
349 1568 492 1607 princeps
522 1570 639 1608 primus
667 1572 777 1598 centu-

135 1609 194 1646 rio,
239 1610 386 1649 signifero
423 1612 548 1651 signum
584 1613 707 1649 adimit,
743 1613 777 1642 in

135 1652 241 1682 hostes
253 1654 345 1690 jacit,
370 1658 403 1684 et
426 1655 458 1684 in
482 1658 583 1685 castra
606 1657 775 1686 Poenorum

134 1696 293 1735 irrumpit,
312 1702 365 1734 25,
382 1701 431 1727 14.

92 1738 221 1775 Pedasa,
236 1740 309 1769 urbs
325 1741 420 1778 Asiae,
439 1745 495 1779 33,
513 1745 566 1771 30.

92 1782 237 1812 Pedestre
252 1786 389 1821 scutum,
405 1789 437 1819 7,
457 1789 504 1813 lo.

92 1825 253 1855 Peditibus
268 1836 329 1856 aera
343 1829 528 1863 constituta,
539 1831 571 1865 4,
582 1834 633 1860 59.

112 1869 202 1898 —in
225 1870 392 1909 triumphis
422 1872 554 1901 dabatur
576 1874 615 1902 ab
643 1873 774 1911 impera-

132 1912 255 1942 toribus
284 1914 381 1943 triens
403 1914 481 1952 ejus,
503 1917 586 1953 quod
617 1916 776 1946 divideba-

133 1959 186 1984 tur
200 1956 373 1994 equitibus,
389 1962 444 1994 34,
460 1961 511 1988 46.
529 1963 559 1987 et
575 1964 627 1989 52.

92 1997 222 2034 Pedum,
246 2000 410 2038 oppidum,
429 2005 462 2038 2,
480 2005 532 2032 39.
549 2006 581 2039 7,
602 2007 649 2031 12.
669 2007 699 2036 8,
724 2007 772 2032 12.

134 2042 256 2080 capitur
278 2052 296 2072 a
319 2044 496 2078 Coriolano,
522 2049 556 2078 2,
577 2050 630 2077 89.
654 2055 775 2085 oppug-

135 2088 229 2114 natur
258 2089 289 2114 et
318 2087 440 2125 capitur
465 2088 503 2118 ab
527 2089 561 2120 1..
588 2090 683 2119 Furio
715 2091 773 2119 Ca-

134 2128 236 2165 millo,
252 2130 391 2164 consule,
410 2135 441 2167 8,
462 2135 510 2161 13.

92 2169 224 2200 Pedanis
239 2172 349 2202 civitas
362 2174 464 2208 datur,
481 2179 513 2211 8,
534 2179 581 2204 14.

91 2215 274 2254 Pelagonia,
288 2219 341 2252 26,
358 2221 476 2253 25.3l‚
491 2221 542 2246 28.
553 2223 582 2247 ct
592 2223 644 2250 39.
655 2224 710 2256 45,
723 2224 773 2250 29.

90 2258 272 2297 PelagoneS,
285 2260 408 2297 populi,
426 2265 479 2298 45,
494 2265 546 2290 30.

91 2301 225 2340 Peligni,
241 2304 362 2341 populi,
381 2308 411 2339 8,
429 2307 460 2334 6.
485 2309 515 2333 et
535 2309 585 2335 29.
613 2305 773 2342 deficiunt,

133 2349 165 2379 9,
202 2349 254 2374 41.
292 2347 475 2383 vincuntur,
514 2347 586 2377 ibid.
624 2353 773 2386 oratores,

132 2397 240 2426 pacem
270 2394 426 2427 petentes,
463 2391 594 2420 Romam
626 2392 771 2426 mittunt,

134 2435 184 2460 45.
209 2431 246 2460 iis
270 2433 373 2462 foedus
403 2435 507 2470 datur,
546 2434 618 2462 ibid.
647 2436 772 2465 caedunt

133 2482 244 2512 agmen
280 2476 468 2515 fugientium
492 2477 694 2515 Samnitium,
724 2483 772 2513 lo,

134 2521 187 2546 30.
211 2519 413 2549 devastantur
431 2522 469 2550 ab
486 2521 654 2558 Annibale,
672 2527 725 2559 22,
742 2527 771 2553 9.

135 2560 227 2589 multi
257 2563 426 2592 voluntarii
459 2564 536 2593 dant
574 2565 702 2594 nomina
738 2566 772 2595 in

135 2603 263 2632 classem
276 2605 428 2644 Scipioni,
445 2611 498 2644 28,
514 2612 565 2637 45.

94 2645 224 2684 Peligna
238 2648 361 2686 cohors,
380 2654 432 2685 25,
452 2654 500 2679 14.
517 2655 571 2688 44,
584 2655 636 2681 40.
652 2655 773 2691 pugnat

135 2689 293 2724 acerrime,
312 2693 384 2722 ibid.

91 2732 252 2768 Pelignum
269 2734 397 2772 bellum,
414 2741 446 2773 7,
463 2741 514 2766 38.

92 2776 211 2805 Pelium
246 2777 355 2808 urbem
392 2779 422 2808 vi
460 2780 589 2820 capiunt
630 2781 774 2818 Romani,

135 2823 191 2858 31,
213 2823 266 2850 40.

1432 84 1503 118 381

820 183 914 220 Pella,
931 184 1018 219 urbs,
1044 186 1097 220 26,
1116 188 1166 212 25.
1195 191 1315 219 42,(57.
1342 190 1433 220 Pellae
1460 195 1507 223 lii-

864 226 973 256 bernat
990 227 1164 266 Philippum,
1184 230 1258 259 ibid.
1283 232 1343 259 vid.
1360 238 1388 261 st
1405 240 1458 272 37,
1474 243 1504 269 7,

864 270 906 298 ibi
921 274 1012 299 vetus
1031 272 1239 302 Macedonum
1263 275 1358 313 regia,
1382 281 1436 314 42,
1453 287 1468 309 4
1481 286 1503 309 ι,

864 318 893 342 et
907 317 958 343 51.
970 318 1024 349 43,
1038 318 1088 343 43.
1104 315 1217 345 ibidem
1235 318 1416 349 servabatur
1429 333 1506 360 gaza

865 366 969 394 regum
996 359 1200 395 Macedoniae,
1231 365 1285 396 44,
1314 366 1360 390 10.
1383 365 1506 395 deditur

863 400 991 429 AEmilio
1020 402 1140 439 Paullo,
1163 405 1297 439 consuli,
1329 409 1382 437 45.
1414 408 1504 438 Pell-m

864 443 954 477 situs,
976 447 1028 473 46.

823 484 958 519 Pellene,
975 492 1030 522 33,
1054 492 1101 517 15.

821 528 1009 558 Pellenensis
1024 531 1228 566 Timocrates,
1252 537 1308 570 34,
1327 539 1379 566 29.

823 570 1011 602 Pellenensis
1037 584 1121 611 ager,
1147 580 1202 611 33,
1232 581 1278 605 14.
1303 583 1333 607 et
1364 583 1410 608 15.
1435 592 1504 612 cum

865 616 1095 654 depopulantur
1113 619 1244 657 Philippi
1263 622 1372 660 copiae,
1388 625 1461 654 ibid.

822 659 921 688 Pelles
945 661 1099 689 detractas
1127 664 1223 691 scutis
1247 666 1415 695 comedunt
1446 671 1506 699 Ca-

865 703 958 731 silini.
976 704 1037 733 vid.
1055 705 1237 735 Casilinum.

823 746 881 774 sub
898 746 1032 775 Pellibus
1059 748 1173 778 durant
1199 751 1236 779 nd
1254 751 1345 781 Veios
1371 754 1505 786 Romani

867 789 992 823 milites,
1006 795 1037 826 5,
1050 795 1079 819 2.

823 832 1002 862 Pellinaeum
1033 838 1166 873 occupat
1196 837 1410 879 Amynander,
1450 846 1505 878 36,

870 880 918 905 10.
935 877 1083 915 recipitur
1099 887 1117 907 a
1135 880 1294 916 Romanis,
1317 887 1364 913 14.

824 917 926 948 Pelliti
944 921 1043 955 Sardi,
1062 925 1115 957 23,
1131 927 1182 951 40.

822 962 1067 1001 Peloponnesus,
1091 970 1115 999 l,
1131 970 1158 996 7.
1176 971 1231 1003 31,
1245 972 1274 999 7.

824 1005 1056 1044 Peloponnesus
1085 1009 1250 1046 peninsula
1280 1014 1340 1046 est,
1375 1018 1430 1052 32,
1455 1021 1505 1046 21.

866 1050 1016 1078 testudini
1034 1052 1236 1089 assimilatur,
1255 1057 1310 1091 36,
1326 1059 1377 1083 32.

824 1090 946 1130 Pelops,
961 1093 1264 1125 Lacedaemoniorum
1281 1107 1344 1131 rex,
1359 1104 1414 1136 34,
1433 1106 1485 1131 32.

824 1134 911 1164 Pelta
927 1136 1010 1165 haud
1022 1136 1181 1167 dissimilis
1197 1144 1301 1177 cetrae,
1320 1145 1373 1179 28,
1391 1147 1420 1171 5.

824 1177 981 1215 Peltastae,
1004 1183 1057 1216 28,
1083 1185 1112 1210 5.
1135 1182 1227 1212 iidem
1253 1184 1305 1222 qui
1330 1188 1361 1213 et
1385 1189 1508 1226 cetrati,

866 1225 921 1257 31,
938 1225 989 1252 36.
1006 1227 1061 1260 33,
1078 1227 1108 1252 4.

823 1264 923 1294 Pelvis
950 1275 1043 1295 aurea
1057 1267 1151 1303 facta,
1179 1268 1302 1307 lataque
1325 1271 1357 1300 in
1373 1272 1504 1304 Aventi-

867 1317 955 1346 num,
970 1310 1092 1340 Junoni
1106 1312 1233 1349 Reginae
1244 1315 1373 1348 donum,
1387 1320 1440 1355 27,
1453 1323 1504 1350 37.

822 1352 993 1389 Pelusium,
1012 1357 1066 1390 44,
1088 1358 1135 1384 19.
1151 1359 1205 1389 45,
1228 1360 1273 1385 11.
1291 1362 1321 1386 et
1340 1362 1388 1387 12.

823 1395 1014 1426 Pelusiacum
1030 1396 1095 1426 Nili
1109 1398 1238 1435 ostium,
1256 1405 1310 1437 45,
1330 1405 1379 1429 ll.

824 1439 988 1469 Penatium
1010 1440 1147 1470 Deorum
1173 1443 1252 1472 aedes
1278 1444 1311 1473 in
1334 1445 1434 1485 Velia,
1452 1452 1507 1485 45,

870 1484 918 1510 16.

823 1524 965 1554 Penestae
981 1524 1092 1565 Illyrii,
1107 1531 1159 1561 43,
1176 1531 1227 1558 22.
1251 1534 1302 1559 23.
1320 1533 1348 1560 et
1364 1535 1415 1561 25.
1440 1533 1503 1563 bel-

867 1568 997 1598 licosum
1014 1579 1125 1607 genus,
1142 1574 1197 1605 44,
1218 1576 1267 1603 ll.

822 1612 976 1646 Penestia,
994 1612 1108 1652 Illyrici
1122 1615 1218 1652 regio,
1231 1619 1285 1653 43,
1305 1622 1355 1646 21.

820 1655 1006 1685 Penestiana
1016 1659 1110 1692 terra,
1126 1661 1180 1692 43,
1196 1663 1246 1687 20.

819 1699 981 1728 Penetrale
995 1700 1069 1728 aedis
1085 1700 1202 1735 Vestae,
1220 1704 1272 1737 26,
1290 1707 1343 1734 27.

820 1742 981 1771 Penetrale
1010 1743 1096 1772 urbis
1136 1744 1257 1783 Cyzici,
1296 1747 1360 1775 sive
1397 1749 1504 1787 Pryta-

860 1794 968 1822 neum,
993 1791 1048 1823 41,
1067 1790 1119 1817 25.

818 1828 951 1865 Peneus,
966 1830 1081 1867 amnis,
1103 1834 1159 1868 32,
1181 1835 1229 1860 15.
1246 1835 1302 1870 42,
1319 1836 1372 1863 38.
1394 1839 1425 1864 et
1452 1840 1504 1866 55.

860 1875 916 1908 44,
931 1875 962 1902 6.

818 1915 1009 1950 Penninum,
1028 1915 1155 1955 Alpium
1178 1917 1306 1956 jugum,
1329 1923 1362 1957 5,
1378 1924 1430 1949 35.
1448 1926 1501 1956 21,

861 1962 914 1987 38.

819 2002 958 2039 Pennus,
978 2001 1041 2031 vid.
1059 2002 1221 2034 Quintius.

818 2045 937 2081 Pentri,
955 2045 1124 2082 Samnites,
1141 2051 1173 2080 9,
1190 2051 1244 2076 31.
1259 2048 1321 2077 vicl.
1335 2054 1369 2079 et
1383 2054 1436 2088 22,
1452 2055 1499 2081 16,

819 2089 1021 2126 Peparethus,
1041 2093 1094 2126 28,
1112 2094 1139 2118 5.
1155 2090 1227 2119 urbs
1245 2091 1327 2121 haud
1342 2093 1504 2134 ignobilis,

861 2136 915 2168 31,
932 2136 983 2161 28.
998 2132 1146 2169 diruitur,
1161 2134 1235 2163 ibid.

819 2176 934 2212 Peraea,
951 2176 1047 2212 regio,
1064 2181 1118 2209 32,
1136 2180 1189 2206 33.
1206 2181 1236 2206 et
1250 2181 1307 2210 35.
1323 2183 1376 2214 33,
1394 2185 1442 2209 18.

820 2218 935 2249 Peraea,
954 2218 1041 2254 urbs,
1069 2218 1147 2259 (nisi
1162 2221 1309 2251 mendum
1326 2224 1359 2251 in
1375 2226 1500 2254 nomine

862 2259 933 2299 est.)
950 2266 1005 2297 37,
1020 2266 1070 2290 21.

819 2305 1030 2334 perduellibus
1076 2307 1244 2344 superatis,
1279 2308 1385 2343 gratiae
1422 2314 1498 2340 actae

861 2348 944 2385 Diis,
959 2352 1014 2384 45,
1036 2351 1083 2376 16.

818 2391 949 2420 Perfidia
971 2392 1140 2423 barbarica,
1159 2396 1213 2428 25,
1230 2397 1282 2422 33.

816 2434 949 2464 Perfidia
974 2435 1103 2469 Punica,
1120 2439 1172 2468 21,
1188 2440 1218 2464 4.

815 2478 954 2516 Perfugae
971 2478 1066 2516 virgis
1082 2479 1115 2507 in
1143 2479 1271 2508 comitio
1294 2482 1377 2517 caesi,
1403 2487 1434 2512 et
1460 2485 1495 2514 dc

859 2530 932 2550 saxo
948 2522 1072 2559 dejecti,
1086 2526 1140 2558 24,
1156 2526 1206 2550 20.
1223 2523 1284 2552 vid.
1303 2528 1332 2552 et
1348 2529 1401 2554 45.

817 2564 957 2603 Perfugae
997 2565 1101 2594 Latini
1137 2567 1236 2594 securi
1267 2569 1496 2605 percutiuntur,

858 2611 913 2643 30,
936 2612 988 2637 43.

836 2666 879 2672 —--
895 2651 1028 2680 Romani
1044 2651 1075 2678 in
1092 2660 1215 2681 crucem
1233 2651 1361 2688 sublati,
1380 2653 1453 2683 ibid.

816 2695 925 2732 Perga,
950 2694 1036 2726 urbs,
1053 2698 1106 2726 38,
1124 2698 1174 2725 37.

816 2738 996 2775 Pergamus,
1014 2741 1068 2773 29,
1090 2741 1138 2765 11.
1161 2741 1216 2773 35,
1239 2741 1284 2765 13.
1303 2741 1355 2771 42,
1376 2742 1425 2768 18.
1442 2744 1497 2779 44,

859 2784 913 2810 28.
934 2781 1016 2809 circa
1030 2781 1218 2817 'Pergamum
1243 2788 1328 2809 sacra
1351 2782 1495 2819 profana-

858 2832 918 2861 que
934 2823 997 2853 urit
1008 2822 1182 2862 Philippus,
1198 2826 1254 2861 31,
1271 2823 1322 2854 46.
