1831 3194
491 125 610 163 LIB.
641 123 771 161 XLII.
814 126 890 161 CA
907 124 946 159 I'.
979 124 1085 161 XLI.
1442 126 1491 170 (ῖς)

75 231 117 273 in
135 239 293 274 sacrato
324 233 407 274 loco
435 240 527 273 ante
555 247 650 274 aras
679 238 892 282 mactatus,
913 247 1027 287 quem
1056 232 1269 282 insimulet,
1290 233 1400 287 piget
1429 249 1489 274 re-
1506 243 1678 273 11.C.581.

63 288 190 341 serre.
254 290 355 340 Quoe
383 291 522 344 hospes
546 290 813 332 Brundisinus
842 290 993 331 occulta
1011 288 1201 342 facinora
1230 291 1388 340 indicet,
1410 285 1680 332 cer·-A·C·¹7¹·

77 353 162 387 tum
182 348 320 400 habeo,
340 354 378 388 et
397 349 544 401 scripta
565 348 631 388 tibi
659 348 791 389 omnia
812 348 863 389 ab
885 348 1017 388 Roma
1045 361 1139 398 esse,
1163 354 1200 387 et
1228 347 1383 401 legatos
1405 353 1492 389 tuos

75 406 337 447 renunciasse.
396 405 500 446 Hoec
519 420 567 446 ne
588 406 805 447 dicerentur
824 420 851 446 a
878 420 954 457 me,
974 419 1052 445 uno
1083 406 1198 446 niodo
1217 406 1348 445 vitare
1373 411 1491 457 potu-

72 461 156 514 isti,
177 477 253 504 non
269 463 488 517 quaerendo,
510 478 630 518 quam
650 464 698 502 ob
719 477 903 504 caussam
923 463 1115 503 eccercitus
1141 463 1182 503 in
1202 461 1490 503 Macedoniam

77 518 362 573 trajicerentur,
403 526 477 561 aut
517 521 706 573 praesidia
753 521 793 560 in
834 519 1030 561 sociorum
1074 521 1189 561 urbes
1235 520 1489 562 mitteremus.

76 576 280 625 Quoerenti
310 577 381 618 tibi
410 578 614 630 superbius
643 578 912 627 tacuissemus,
934 592 1051 632 quam
1081 591 1175 618 vera
1203 577 1488 630 respondimus.

71 634 272 688 Equidem
289 648 364 687 pro
380 641 546 687 paterno
560 642 691 676 nostro
711 635 878 688 hospitio
885 634 1013 687 faveo
1027 635 1199 675 orationi
1218 641 1307 684 tuce,
1325 641 1363 674 et
1383 641 1486 687 opto,

71 697 114 732 ut
133 691 309 747 aliquam
328 692 426 733 mihi
448 693 657 734 materiam
680 693 862 746 praebeas
882 692 1052 748 agenda’
1074 699 1152 734 tuae
1171 693 1280 746 apud
1307 698 1489 733 senatum

72 762 234 790 eaussae.

130 806 259 847 XLI.
292 806 365 848 Ad
386 822 434 849 ea
453 822 550 848 rex:
584 808 744 849 Bonam
772 821 971 857 caussam,
993 807 1028 847 si
1052 807 1162 861 apud
1178 806 1340 861 judices
1357 817 1630 862 oequosl‘erseus
1645 827 1677 847 se

70 869 272 918 ageretur,
292 866 402 917 apud
421 865 575 906 eosdem
595 871 633 905 et
650 871 894 907 accusatores
913 871 950 905 et
958 863 1116 919 judiees
1134 879 1274 919 agam.
1331 866 1487 905 Eorum
1499 866 1620 900 purgat.

71 926 220 972 autem,
241 935 329 975 quce
348 921 498 977 objecta
517 929 608 962 sunt
628 923 738 973 mihi,
759 923 911 977 partim
932 936 979 962 ea
998 929 1106 973 sunt,
1122 922 1266 977 quibus
1285 923 1413 962 nescio
1434 937 1487 964 an

68 977 239 1032 gloriari
258 979 450 1028 debeam;
478 980 642 1032 partim,
663 994 751 1034 quae
768 978 903 1032 fateri
931 994 1011 1019 non
1041 980 1293 1027 erubescam5
1322 980 1486 1031 partim,

71 1049 161 1089 quae
180 1036 294 1077 verbo
314 1035 468 1091 objecta
487 1037 601 1078 verbo
620 1051 770 1091 negare
789 1036 857 1077 sit.
919 1037 1022 1084 Quid
1042 1037 1156 1085 enim,
1177 1036 1214 1076 si
1235 1037 1386 1091 legibus
1404 1052 1490 1078 ves-

75 1092 146 1132 tris
166 1093 279 1133 hodie
307 1108 398 1134 reus
423 1094 510 1143 sim,
533 1100 604 1134 aut
635 1094 755 1134 index
775 1094 1055 1144 Brundisinus,
1076 1099 1146 1133 aut
1166 1095 1367 1134 Eumenes
1395 1094 1493 1135 mihi

70 1147 244 1204 objiciat,
272 1156 317 1191 ut
346 1165 533 1192 accusare
565 1151 693 1204 potius
720 1165 822 1201 vere,
847 1165 966 1205 quam
995 1150 1220 1198 conviciari,
1250 1150 1492 1192 videantur?

69 1206 238 1257 Scilicet,
261 1222 331 1249 nec
350 1210 564 1260 Eumenes,
586 1223 704 1263 quum
726 1215 810 1249 tam
829 1209 960 1249 multis
982 1208 1125 1264 gravis
1150 1207 1305 1261 publice
1335 1222 1383 1249 ac
1411 1209 1492 1261 pri-

70 1264 194 1306 vatim
213 1265 275 1315 sit,
298 1266 430 1316 alium,
452 1280 575 1321 quam
594 1280 670 1316 me,
690 1266 894 1307 inimicum
921 1266 1082 1307 habuit:
1114 1279 1239 1320 neque
1258 1280 1335 1320 ego
1358 1267 1491 1319 potio-

71 1335 155 1362 rem
189 1336 425 1378 quemquam
460 1324 516 1364 acl
553 1323 772 1365 ministeria
800 1321 1050 1375 facinorum,
1084 1337 1207 1377 quam
1243 1322 1489 1372 Rammium,

71 1381 205 1434 (quem
229 1395 347 1435 neque
376 1395 562 1436 umquam
592 1388 681 1422 ante
709 1382 901 1433 videram,
921 1396 992 1422 nec
1017 1394 1128 1421 eram
1153 1386 1290 1433 postea
1319 1381 1489 1433 visurus)

69 1436 242 1478 invenire
268 1438 388 1491 potui.
446 1440 507 1480 Et
538 1439 827 1487 Thebanorum,
855 1452 951 1492 quos
978 1437 1196 1491 naufragio
1222 1438 1372 1490 perisse
1401 1452 1490 1479 con-

70 1499 168 1543 stat,
192 1501 230 1534 et
252 1496 430 1537 Artetari
457 1496 575 1536 ccedis
602 1495 699 1536 mihi
727 1495 933 1536 reddenda
951 1495 1057 1535 ratio
1077 1501 1148 1535 est.
1178 1494 1219 1534 in
1248 1509 1326 1549 qua
1359 1501 1492 1535 tamen

69 1551 170 1592 nihil
188 1551 291 1592 ultra
312 1551 503 1606 objicitur,
525 1567 648 1607 quam
676 1550 946 1604 interfectores
967 1550 1050 1606 ejus
1077 1551 1119 1591 in
1147 1566 1270 1606 regno
1294 1552 1492 1593 exsulasse

72 1623 172 1649 meo.
235 1609 358 1665 Cujus
381 1610 614 1651 conditionis
643 1610 890 1664 iniquitatem
914 1609 971 1649 ita
1002 1623 1079 1649 non
1108 1622 1197 1648 sum
1224 1615 1490 1660 recusaturus,

70 1665 105 1706 si
132 1680 199 1707 vos
226 1680 377 1721 quoque
406 1667 601 1719 accipitis,
630 1674 685 1717 ut,
708 1667 939 1721 quicumque
968 1665 1120 1706 exsules
1148 1665 1191 1706 in
1218 1666 1387 1706 Italiam
1417 1673 1491 1707 aut

73 1722 251 1764 Romam
285 1737 327 1765 se
361 1724 619 1776 contulerunt,
653 1725 712 1765 his
731 1722 974 1776 facinorum,
1009 1730 1166 1776 propter
1197 1737 1280 1778 quae
1309 1723 1492 1764 damnati

68 1787 174 1831 sunt,
198 1787 377 1823 auctores
403 1796 472 1823 vos
489 1780 621 1834 fuisse
638 1780 875 1835 fateamini.
933 1781 979 1822 Si
998 1781 1070 1821 hoc
1090 1786 1128 1820 et
1148 1795 1217 1821 vos
1244 1781 1489 1830 recusabitis,

71 1844 111 1878 et
131 1852 263 1879 omnes
282 1839 376 1880 aliae
402 1848 552 1893 gentes,
575 1854 649 1895 ego
678 1853 831 1895 quoque
850 1839 953 1879 inter
974 1844 1122 1879 ceteros
1141 1852 1217 1879 ero.
1281 1839 1355 1888 Et,
1378 1839 1490 1880 Her-

71 1895 169 1947 cule,
190 1896 285 1951 quid
315 1896 469 1937 adtinet
497 1897 683 1951 cuiquam
710 1896 890 1937 exsilium
915 1902 1068 1948 patere,
1091 1895 1126 1935 si
1151 1909 1343 1949 nusquam
1363 1895 1491 1936 exsuli

60 1950 228 2004 futurus
258 1953 362 1994 locus
390 1961 447 1995 est
464 1952 486 1994 .P
515 1955 611 2008 Ego
633 1960 769 1995 tamen
787 1954 896 2003 istos,
917 1959 960 1993 ut
987 1953 1160 2005 primum
1180 1952 1222 1992 in
1242 1952 1491 1994 Macedonia

71 2024 167 2060 esse,
203 2011 428 2052 admonitus
458 2026 483 2052 a
516 2012 639 2061 vobis,
674 2011 854 2064 comperi,
890 2010 1099 2064 requisitos
1136 2010 1245 2050 abire
1278 2024 1327 2050 eoe
1365 2024 1489 2064 regno

59 2065 183 2121 jussi,
205 2074 242 2108 et
271 2068 311 2109 in
342 2076 564 2122 perpetuum
593 2069 784 2110 interdixi
803 2068 957 2119 finibus
976 2067 1086 2108 meis.
1150 2067 1203 2107 Et
1230 2067 1312 2108 hcec
1331 2067 1489 2122 quidem

71 2124 180 2173 mihi,
210 2132 415 2181 tamquam
443 2140 626 2168 caussam
656 2126 802 2166 dicenti
833 2140 915 2175 reo,
943 2122 1093 2179 objecta
1122 2130 1235 2164 sunt:
1267 2124 1352 2173 illa,
1384 2131 1488 2165 tam-

71 2196 187 2236 quam
207 2183 307 2237 regi,
326 2189 364 2224 et
384 2198 472 2237 quae
490 2185 539 2224 de
547 2183 717 2236 foedere,
737 2184 846 2238 quod
865 2181 961 2223 mihi
980 2188 1039 2222 est
1060 2181 1268 2231 vobiscum,
1290 2181 1489 2235 discepta-

72 2240 216 2280 tionem
246 2241 429 2282 habeant.
492 2242 614 2290 Nam,
635 2241 669 2282 si
689 2247 746 2281 est
775 2241 815 2280 in
833 2238 990 2292 foedere
1010 2238 1071 2279 ita
1090 2238 1290 2291 scriptum,
1306 2245 1352 2279 ut
1373 2254 1435 2290 ne,
1455 2239 1490 2279 si

70 2296 211 2338 bellum
229 2298 386 2352 quidem
405 2298 493 2353 quis
521 2297 680 2351 inserat,
703 2298 802 2338 tueri
830 2311 892 2338 me
919 2310 1166 2351 regnumque
1195 2309 1324 2337 meum
1356 2296 1486 2345 liceat,

70 2354 170 2395 mihi
186 2353 403 2407 fatendum
424 2362 496 2405 est,
519 2357 621 2410 quod
639 2370 700 2396 me
720 2355 841 2396 armis
860 2355 1048 2396 adversus
1066 2352 1316 2408 Abrupolim,
1338 2353 1488 2394 socium

68 2413 205 2465 populi
224 2412 412 2462 Romani,
434 2411 691 2465 defenderim,
707 2411 845 2465 soeclus
872 2412 1061 2453 violatum
1091 2424 1188 2451 esse.
1250 2410 1322 2451 Sin
1350 2417 1489 2451 autem

74 2469 145 2509 hoc
164 2476 201 2510 et
221 2468 434 2522 exsoedere
456 2470 578 2520 licuit,
601 2476 640 2510 et
659 2470 758 2525 jure
774 2469 954 2525 gentium
974 2469 1035 2509 ita
1055 2474 1329 2520 comparatum
1353 2474 1423 2518 est,
1443 2473 1489 2507 ut

73 2539 188 2567 arma
208 2527 329 2568 armis
344 2527 627 2580 propulsentur,
647 2528 738 2582 quid
766 2527 927 2567 tandem
948 2540 1011 2566 me
1030 2524 1174 2577 facere
1203 2525 1349 2573 decuit,
1371 2538 1489 2579 quum

75 2581 285 2637 Abrupolis
300 2583 409 2635 fines
433 2585 511 2625 mei
538 2585 654 2639 regni
680 2598 805 2640 usque
834 2584 890 2624 ad
909 2582 1173 2636 Amphipolim
1206 2587 1487 2635 pervastasset,

73 2639 198 2681 multa
229 2641 352 2682 libera
380 2643 530 2695 capita,
550 2655 745 2697 magnam
772 2641 852 2682 vim.
881 2640 1179 2693 mancipiorum,
1211 2639 1334 2679 multa
1360 2637 1489 2678 millia

67 2710 252 2748 pecorum
273 2697 506 2754 abegisset?
538 2700 783 2747 Quiescerem
806 2705 842 2738 et
869 2704 1042 2751 paterer,
1065 2697 1187 2737 donec
1208 2695 1367 2737 Pellam
1388 2700 1427 2733 et
1447 2694 1488 2734 in

72 2753 227 2809 regiam
254 2769 385 2796 meam
418 2763 598 2798 armatus
630 2754 900 2809 pervenisset?
957 2755 1017 2796 At
1053 2754 1158 2794 enim
1192 2752 1294 2792 bello
1327 2750 1485 2804 quidem

59 2809 174 2865 justo
206 2824 293 2851 sum
321 2820 545 2865 persecutus
555 2828 571 2862 ,·
603 2815 674 2854 sed
703 2812 805 2855 vinci
833 2827 907 2853 non
937 2811 1107 2865 oportuit
1136 2823 1237 2859 eum,
1266 2821 1390 2861 neque
1419 2821 1482 2859 ea,

74 2882 162 2922 quce
190 2868 299 2910 victis
329 2870 525 2921 accidunt,
559 2871 671 2924 pati.-
703 2884 866 2926 quorum
888 2883 1022 2911 casum
1052 2881 1168 2921 quum
1189 2879 1264 2920 ego
1283 2864 1481 2914 subierim,

744 2940 766 2966 F
790 2933 813 2966 3
