1826 3149
202 230 273 260 583.

99 230 139 259 U.
152 230 189 261 C.

98 272 186 303 A.·C.
205 273 275 303 169.

99 1297 212 1328 Prusiae
228 1303 257 1326 et

101 1340 288 1370 Rhodiorum

100 1382 202 1423 legati.

99 1918 128 1947 R
135 1916 290 1947 hodiorum

100 1960 230 2001 superba

100 2009 205 2033 oratio.

310 114 382 148 134
833 111 967 149 TIT}
1011 110 1181 148 LIVII

306 234 403 260 eum
429 218 558 261 literis
592 220 836 270 arcessisset,
859 219 1001 269 tradit,
1022 219 1135 260 ⁷⁷nec
1168 233 1262 259 cum
1295 217 1429 272 gratia
1462 215 1515 257 ab
1551 215 1717 258 consule

307 276 539 331 profectum
581 276 622 317 in
653 277 812 325 Asiam,
844 275 1120 330 indignatum,
1153 274 1281 329 quod,
1320 282 1366 314 ut
1397 273 1539 313 iisdem
1572 273 1731 313 castris

308 332 509 383 tenderet,
531 333 774 388 permissum
807 346 887 371 non
912 331 1052 371 fuerit.
1083 347 1133 371 ne
1155 339 1201 372 ut
1234 330 1393 385 equites
1426 328 1594 384 quidem
1617 329 1717 369 Gal-

307 388 381 438 los,
404 404 508 444 quos
541 404 677 429 secum
711 388 959 437 adduxerat,
980 387 1245 442 relinqueret,
1267 386 1478 441 impetrari
1504 386 1556 426 ab
1577 401 1625 425 eo
1644 400 1717 440 po-

307 444 445 486 tuisse.
506 445 699 485 Attalum
732 445 901 485 fratrem
922 444 1012 499 ejus
1033 452 1073 484 et
1094 443 1332 483 remansisse
1357 443 1470 498 apud
1492 441 1715 491 consulem,

306 509 347 542 et
379 501 575 543 sinceram
606 501 695 557 ejus
725 501 848 541 fidem
879 500 1029 556 aequali
1062 508 1201 541 tenore
1231 498 1520 554 egregiamque
1549 512 1717 554 operam

307 557 349 597 in
370 573 418 598 eo
438 558 546 597 bello
566 557 704 597 fuisse.

366 614 489 654 XIV.
523 614 637 654 Dum
667 613 822 655 bellum
853 614 893 654 in
927 613 1174 654 Macedonia
1202 611 1376 668 geritur,
1407 610 1531 666 legati
1564 611 1718 651 Trans-

306 670 433 725 alpini
467 670 519 710 ab
541 670 685 725 regulo
708 671 925 711 Gallorum
963 670 1160 721 (Balanos
1180 668 1308 724 ipsius
1329 667 1510 709 traditur
1541 681 1714 713 nomen;

307 726 455 781 gentiS,
478 741 528 766 ex
549 742 634 781 qua
664 727 805 776 fuerit,
828 742 907 767 non
930 727 1129 777 traditur)
1165 727 1341 765 Romam
1362 731 1578 773 venerunt,
1600 723 1720 778 polli-

308 789 445 822 centes
477 782 530 823 ad
553 783 871 824 Macedonicum
903 783 1057 824 bellum
1079 782 1244 823 auxilia.
1307 780 1467 821 Gratiae
1488 781 1540 820 ab
1573 787 1717 820 senatu

308 846 426 888 actae,
449 854 703 895 muneraque
735 839 871 889 missa,
895 839 1054 894 torquis
1086 854 1236 878 aureus
1250 837 1374 877 ⁷⁸duo
1406 836 1559 892 pondo,
1581 844 1621 876 et
1648 851 1720 890 pa-

309 903 410 935 terae
431 911 566 936 aureae
581 904 763 951 quatuor
777 895 931 951 pondo,
948 911 1081 950 equus
1097 895 1350 949 phaleratus,
1365 908 1560 948 armaque
1576 907 1720 947 eques-

309 951 398 992 tria.
462 952 697 993 Secundum
733 952 876 993 Gallos
910 951 1131 1007 Pamphyli
1154 951 1278 1005 legati
1310 965 1500 990 coronam
1536 963 1718 998 auream,

306 1007 395 1048 ⁷9ex
431 1008 576 1063 viginti
610 1008 791 1049 millibus
825 1008 1138 1063 Philippeorum
1171 1007 1338 1055 factam,
1361 1006 1402 1045 in
1423 1005 1577 1046 curiam
1610 1004 1720 1045 intu-

309 1064 468 1104 lerunt:
501 1065 823 1120 petentibusque
843 1065 905 1115 iis,
929 1073 975 1105 ut
1005 1064 1047 1104 id
1069 1064 1223 1104 donum
1250 1063 1290 1103 in
1312 1062 1413 1103 cella
1433 1062 1552 1102 Jovis
1572 1061 1717 1116 optimi

308 1120 475 1160 maximi
516 1136 681 1175 ponere,
719 1129 758 1160 et
791 1121 1016 1161 sacrificare
1053 1120 1092 1160 in
1131 1119 1337 1175 Capitolio
1368 1118 1520 1167 liceret,
1550 1117 1720 1173 permis-

309 1192 411 1216 sum.
446 1177 705 1232 benigneque
740 1178 959 1217 amicitiam
994 1190 1188 1217 renovare
1216 1175 1450 1216 volentibus
1482 1174 1626 1229 legatis
1658 1189 1720 1214 re-

309 1248 519 1288 sponsum,
541 1242 581 1275 et
604 1233 786 1274 ⁸0bins1m
816 1234 989 1273 millium
1025 1233 1116 1273 aeris
1149 1232 1320 1287 singulis
1353 1232 1520 1271 missum
1554 1245 1717 1270 munus.

310 1290 423 1329 Tum
446 1290 498 1330 ab
520 1305 614 1345 rege
638 1291 799 1338 Prusia,
822 1299 862 1330 et
884 1290 1024 1345 paullo
1045 1298 1137 1344 post
1158 1289 1210 1329 ab
1234 1287 1423 1337 Rhodiis,
1445 1287 1496 1327 de
1517 1287 1659 1327 eadem
1676 1301 1721 1326 re

309 1345 429 1400 longe
462 1346 581 1387 aliter
615 1346 858 1386 disserentes
898 1346 1020 1400 legati
1053 1345 1185 1385 auditi
1220 1354 1327 1386 sunt.
1360 1353 1537 1399 utraque
1568 1342 1721 1398 legatio

309 1402 360 1442 de
382 1417 481 1457 pace
502 1402 801 1442 reconcilianda
821 1418 916 1442 cum
937 1418 1032 1457 rege
1060 1403 1209 1441 Perseo
1230 1401 1326 1456 egit.
1388 1400 1548 1440 Prusiae
1579 1415 1720 1454 preces

310 1458 454 1513 magis,
477 1474 602 1513 quam
636 1458 875 1514 postulatio,
897 1459 1027 1507 fuere,
1049 1457 1295 1513 profitentis,
1316 1463 1354 1497 et
1374 1458 1430 1497 ad
1450 1458 1495 1496 id
1513 1464 1662 1508 tempus
1681 1470 1721 1496 se

308 1529 391 1555 cum
414 1515 612 1556 Romanis
631 1516 792 1564 stetisse,
815 1522 865 1564 et,
889 1517 1023 1569 quoad
1041 1515 1318 1568 bellumfhret,
1339 1520 1546 1554 staturum.
1609 1514 1722 1554 Cete-

308 1586 394 1611 rum
425 1574 541 1625 quum
570 1574 627 1611 ad
654 1586 693 1611 se
722 1587 747 1611 α
779 1573 928 1612 Perseo
957 1572 1084 1625 legati
1118 1572 1313 1611 venissent
1343 1572 1392 1611 de
1417 1571 1606 1624 finiendo
1634 1584 1721 1609 cum

311 1629 507 1668 Romanis
540 1628 653 1676 hello,
676 1634 713 1668 et
745 1629 797 1668 iis
822 1629 1048 1680 pollicitum
1081 1629 1374 1680 deprecatorem
1405 1628 1517 1679 apud
1543 1633 1721 1667 senatum

292 1686 508 1738 fictzcrunz3
539 1684 723 1737 ⁸¹petere,
744 1686 781 1725 si
804 1691 967 1738 possent
999 1685 1185 1724 inducere
1215 1685 1257 1723 in
1290 1685 1477 1732 animum,
1501 1689 1544 1723 ut
1557 1684 1722 1736 finiant

310 1743 428 1789 iram,
459 1756 500 1781 se
529 1755 680 1794 qnoque
709 1743 751 1781 in
778 1742 922 1794 gratia
952 1742 1222 1781 reconciliata?
1242 1742 1362 1793 pacis
1383 1754 1502 1792 posse
1529 1741 1602 1780 uti.
1632 1740 1722 1780 haec

311 1797 411 1852 regii
446 1798 581 1853 legati.
644 1797 814 1847 Rhodii,
837 1798 1013 1854 superbe
1033 1796 1359 1837 commemoratis
1389 1812 1488 1852 erga
1518 1796 1719 1852 populum

312 1855 548 1894 Romanum
581 1854 801 1903 beneficiis,
824 1863 864 1895 et
897 1869 1000 1910 pene
1032 1853 1230 1903 victoriae,
1254 1853 1399 1908 utique
1431 1854 1483 1894 de
1510 1852 1721 1894 Antiocho

311 1926 422 1967 rege,
444 1911 597 1967 majore
617 1918 735 1965 parte
755 1910 845 1951 S‘⁶’ad
868 1926 909 1952 se
941 1910 1161 1959 vindicata,
1182 1910 1444 1968 adjecerunt:
1485 1911 1611 1958 Quum
1630 1922 1722 1963 pax

357 2082 423 2112 77*
436 2082 496 2113 Nec
521 2095 586 2114 cum
609 2086 710 2125 gratia
734 2086 769 2114 ab
793 2085 906 2115 consule
928 2096 994 2124 pro«
1040 2085 1157 2125 argenti
1171 2085 1201 2115 3.
1216 2083 1312 2115 unciae
1331 2085 1358 2114 l.

302 2124 436 2166 jectum]
465 2126 575 2167 Neque
599 2126 642 2156 ita
668 2127 833 2168 profectum
860 2128 899 2157 ab
924 2138 995 2158 con-

313 2167 388 2202 sule,
405 2175 438 2198 ut
461 2168 578 2209 integra
602 2175 680 2200 esset
705 2170 782 2200 inter
806 2170 874 2200 illos
899 2170 998 2210 gratia

313 2214 343 2240 et
360 2210 503 2246 amicitia,
520 2211 573 2242 sed
588 2222 658 2241 cum
673 2218 780 2242 mutua
793 2212 968 2243 offensione.

368 2253 407 2282 78
444 2253 511 2283 Duo
538 2255 645 2295 pondo]
685 2256 747 2292 Qui
783 2260 842 2285 tres
879 2265 997 2285 marcas

314 2300 471 2330 nostrateS,
501 2297 622 2327 unciam
650 2306 743 2327 unam
773 2297 874 2337 pondo
902 2298 994 2328 habe-

316 2342 371 2366 ret.
418 2338 665 2378 Quatuorpondo.
711 2341 769 2371 Sex
796 2350 924 2375 marcas,
940 2350 995 2370 un-

315 2379 379 2408 cias
393 2379 480 2410 duas.

367 2422 407 2451 79
446 2422 490 2452 'Em
525 2424 631 2461 viginti
666 2424 792 2452 millibus
833 2423 997 2461 Philippeo-

313 2464 395 2503 rum]
426 2464 616 2494 Aureorum:
666 2465 717 2505 qui
757 2475 851 2505 quum
887 2465 998 2505 singuli

314 2516 402 2546 pares
429 2512 529 2536 essent
566 2506 755 2542 didraehmo,
783 2507 918 2546 sequitur
955 2507 997 2537 vi-

315 2548 390 2588 ginti
419 2548 516 2579 millia
545 2559 736 2579 nummorum
770 2549 998 2590 Philippeorum

314 2590 410 2621 redire
434 2591 472 2621 ad
497 2591 569 2621 400.
584 2591 677 2621 libras
701 2592 860 2621 Romanas
886 2592 997 2633 pondo,

314 2643 432 2664 marcas
458 2639 606 2663 nostrates
632 2634 704 2664 625.
762 2635 901 2664 lmmane
930 2645 997 2674 pro-

314 2674 391 2705 fecto
418 2676 549 2716 pondus,
578 2676 696 2706 etiamsi
724 2676 900 2707 detrahatur
934 2687 997 2707 ma-

315 2728 371 2746 nus
385 2718 526 2759 pretium.
570 2718 631 2749 Sed
650 2728 760 2748 corona
786 2719 840 2749 illa
865 2717 998 2749 dicanda

313 2766 378 2789 erat
401 2761 482 2796 Jovi,
506 2766 536 2791 et
560 2760 661 2791 stabili
689 2761 760 2792 sede
791 2761 820 2791 in
845 2761 998 2801 Capitolio

314 2802 504 2833 collocanda„

358 2845 398 2874 8³)
422 2847 534 2876 Binum
565 2848 686 2876 millium
713 2846 791 2886 aris]
821 2846 997 2876 Marcarum

1093 2128 1131 2157 81
1174 2127 1281 2163 Petere,
1311 2129 1335 2156 si
1369 2126 1494 2167 possent]
1535 2127 1617 2167 Lege
1650 2136 1720 2156 cum

1041 2169 1196 2200 Gronovio
1216 2176 1243 2200 ct
1256 2175 1360 2209 petere,
1377 2168 1458 2209 quod
1483 2168 1663 2210 respondeat
1685 2168 1723 2199 iis

1039 2222 1107 2252 quae
1131 2212 1317 2254 praecedunt,
1338 2218 1365 2242 et
1385 2212 1557 2250 pollicitum.
1604 2211 1721 2242 Ultima

1039 2254 1129 2295 hujus
1154 2254 1266 2296 periodi
1290 2254 1332 2283 sic
1355 2254 1394 2284 ab
1418 2263 1454 2283 eo
1478 2253 1661 2284 formantur:
1696 2266 1723 2284 se

1039 2308 1146 2336 quoque
1174 2299 1205 2327 in
1230 2298 1330 2337 gratia
1356 2297 1545 2327 reconciliatae
1570 2298 1650 2335 pacis
1677 2299 1722 2327 uti

1040 2346 1194 2377 ponerent.-
1217 2339 1249 2369 id
1271 2344 1327 2373 est,
1343 2338 1450 2368 darent
1474 2339 1531 2369 sibi
1553 2342 1653 2369 locum
1676 2339 1721 2369 in-

1041 2381 1149 2411 eundae
1183 2381 1288 2422 gratiae
1315 2381 1397 2421 apud
1430 2382 1552 2417 Persea,
1576 2387 1723 2422 tanquam

1041 2423 1125 2464 pacis
1150 2422 1378 2454 reconciliatori.
1424 2423 1528 2464 Hujus
1552 2424 1722 2459 locutionis,

1040 2477 1143 2505 ponere
1170 2468 1201 2496 in
1224 2467 1364 2506 gratiam,
1392 2467 1439 2496 vel
1469 2469 1499 2496 in
1532 2469 1642 2507 gratia,
1670 2477 1722 2498 ex-

1041 2508 1144 2549 empla
1166 2518 1203 2538 ex
1217 2506 1351 2549 epistolis
1368 2508 1522 2539 Ciceronis
1539 2509 1586 2539 hic
1610 2509 1724 2550 allegat

1043 2550 1224 2581 Gronovius.
1269 2551 1373 2581 Unum
1396 2550 1556 2581 afferemus
1577 2561 1594 2581 e
1614 2551 1667 2581 lib.
1683 2552 1724 2582 V.

1043 2592 1082 2622 ad
1105 2592 1171 2622 Att.
1195 2603 1244 2633 ep.
1270 2594 1316 2623 ll.
1349 2593 1436 2631 Apud
1462 2594 1615 2624 Patronem
1642 2600 1669 2624 te
1692 2596 1723 2623 in

1041 2637 1166 2664 maxima
1191 2637 1291 2675 gratum
1316 2637 1408 2673 posui.
1467 2636 1548 2671 Feci,
1576 2642 1611 2666 ut
1638 2646 1722 2677 mag-

1044 2687 1114 2707 nam
1140 2677 1194 2706 tibi
1228 2676 1357 2717 gratiam
1391 2677 1516 2709 haberet
1548 2681 1650 2713 Patro,
1675 2689 1721 2708 os-

1042 2719 1195 2749 tendendo
1210 2719 1247 2754 ei,
1263 2725 1303 2754 te,
1321 2720 1401 2759 quod
1426 2720 1588 2756 desiderat,
1604 2720 1635 2751 id
1649 2720 1723 2751 mihi

1042 2761 1234 2791 vehementer
1248 2762 1487 2794 commendasse.

1096 2804 1136 2833 82
1170 2805 1216 2833 Aa
1253 2815 1280 2834 se
1313 2805 1476 2847 vindicata]
1515 2803 1598 2838 Olim
1635 2818 1653 2835 a
1679 2816 1723 2836 se.

1043 2846 1223 2877 Emendavit
1239 2845 1389 2888 Sigonius.
