1841 3179
592 85 624 121 Α
638 85 670 123 U
684 86 712 122 C
724 85 756 122 T
769 85 802 120 O
814 83 849 121 R
860 83 894 119 U
906 82 960 120 M.
1383 74 1496 114 cxxiii

54 193 376 250 cogitationibus
401 193 603 251 judicem,
625 203 665 235 ct
688 194 840 249 saepius
861 189 1134 239 ineruditum,
1157 186 1361 242 captanda
1382 184 1501 226 nobis

53 260 131 293 est:
165 267 300 307 neque
322 252 393 292 illa
416 252 526 292 Livii
549 251 679 292 lactea
700 252 869 292 ubertas
891 249 988 289 satis
1009 246 1174 287 docebit
1195 259 1306 294 eum,
1323 243 1397 298 qui
1419 256 1501 281 non

54 309 229 364 speciem
252 309 535 365 expositionis,
559 308 630 348 scd
651 309 773 349 fidem
797 307 962 363 quaerit.

561 368 661 407 Post
681 369 815 406 multa.
836 366 993 406 ibidem.

112 425 174 465 At
205 439 286 464 non
316 423 489 465 historia
518 423 684 464 cesserit
716 423 890 471 Graccis,
913 437 987 462 nec
1016 433 1225 475 opponere
1257 414 1502 470 Thucydidi

58 482 302 522 Sallustium
325 495 485 521 verear:
518 495 592 520 nec
614 480 859 535 indignetur
890 479 967 518 sibi
992 476 1236 517 Herodotus
1267 473 1425 529 aequari
1450 473 1503 512 T.

56 539 244 589 Livium,
266 553 397 594 quum
430 537 470 577 in
502 534 854 577 narrando'mirae
879 534 1174 591 jucunditatis,
1207 529 1507 584 clarissimique

54 596 257 647 candoris,
281 604 371 636 tum
392 595 435 635 in
457 594 722 635 concionibus
745 608 872 649 supra
892 607 1019 648 quam
1041 589 1222 631 enarrari
1251 595 1403 644 potest,
1426 586 1509 626 elo-

54 661 270 710 quentem:
302 652 363 693 ita
383 652 582 693 dicuntur
611 651 750 691 omnia
779 665 911 705 quum
944 649 1084 698 rebus,
1107 655 1197 688 tum
1228 644 1413 702 personis
1444 658 1509 683 ac-

53 709 325 753 commodata.
390 709 471 749 Sed
491 709 665 749 affectus
686 707 873 763 quidem,
891 706 1102 762 praecipue
1124 719 1192 744 eos
1209 703 1283 759 qui
1301 708 1398 742 sunt
1415 700 1509 741 dul-

53 768 197 817 ciores,
220 774 267 808 ut
289 766 526 822 parcissime
557 766 707 814 dicam,
729 779 850 804 nemo
877 763 1170 804 historicorum
1201 758 1507 800 commendavit

53 826 205 881 magis;
239 824 417 879 ideoque
431 823 704 864 immortalem
726 821 839 862 illam
856 820 1042 861 Sallustii
1056 818 1316 859 velocitatem
1334 815 1509 856 diversis

54 882 285 924 virtutibus
312 889 559 921 consecutus
581 888 654 920 est.
717 880 824 919 Nam
847 877 947 919 mihi
969 876 1134 932 egregie
1165 875 1317 915 dixisse
1339 872 1508 913 videtur

56 939 256 981 Servilius
279 938 510 987 Nonianus,
532 952 652 993 pares
673 952 740 977 eos
761 935 894 990 magis
915 949 1042 989 quam
1067 932 1230 973 similes.

235 998 408 1037 Plinius
429 997 609 1049 Prafffat.
632 995 748 1035 Hist.
774 995 932 1033 Natur.
956 992 1012 1031 ad
1039 990 1199 1043 Vespas.
1224 990 1331 1043 Imp.

113 1053 325 1110 Equidem
360 1053 421 1094 ita
455 1051 601 1101 sentio,
632 1050 883 1106 peculiarem
919 1049 961 1088 in
986 1047 1136 1088 studiis
1166 1061 1332 1087 causam
1363 1061 1506 1086 eorum

56 1127 157 1161 esse,
180 1111 254 1167 qui
285 1108 603 1151 difficultatibus
623 1107 757 1157 victis,
780 1106 1005 1147 utilitatem
1026 1103 1207 1159 juvandi
1228 1103 1508 1158 praetulerunt

55 1167 203 1224 gratiae
233 1166 435 1224 placendi.
466 1165 596 1221 idque
620 1165 710 1220 jam
740 1171 781 1204 et
811 1163 854 1203 in
884 1162 976 1202 aliis
1005 1160 1202 1215 operibus
1231 1161 1320 1215 ipse
1348 1161 1444 1209 feci,
1467 1169 1509 1202 et

57 1225 255 1282 profiteor
283 1223 424 1265 mirari
454 1238 519 1263 me
552 1222 605 1262 T.
639 1220 826 1269 Livium,
863 1226 1074 1259 auctorem
1106 1216 1435 1267 celeberrimum,
1466 1218 1509 1258 in

56 1282 325 1324 historiarum
356 1295 541 1329 suarum,
573 1293 678 1333 quas
707 1276 859 1332 repetit
889 1275 942 1316 ab
971 1275 1131 1329 origine
1162 1273 1293 1323 urbis,
1325 1275 1509 1331 quodam

56 1339 268 1380 volumine
296 1339 352 1379 sic
382 1351 540 1378 orsum:
575 1337 694 1377 Satis
713 1335 809 1386 jam
837 1334 913 1373 sibi
929 1334 1081 1385 glorioe
1109 1334 1351 1384 quaesitum,
1373 1337 1414 1373 et
1437 1347 1511 1386 po-

58 1399 187 1438 tuisse
199 1410 241 1437 se
254 1397 453 1443 desinere,
469 1395 517 1434 ozi
534 1395 703 1433 animus
718 1392 884 1444 inquies
895 1393 1140 1443 pasceretur
1152 1402 1281 1442 opere.
1316 1388 1512 1430 Profecto

60 1454 169 1496 enim
190 1451 336 1509 populi
366 1451 555 1507 gentium
577 1448 762 1498 victoris,
784 1456 825 1488 et
848 1446 1026 1487 Romani
1048 1445 1226 1485 nominis
1246 1444 1406 1500 gloriae,
1428 1460 1510 1486 non

60 1526 161 1561 suae,
192 1509 470 1565 composuisse
499 1507 571 1548 illa
600 1505 753 1547 decuit.
816 1505 961 1559 Majus
991 1502 1187 1543 meritum
1219 1510 1338 1551 esset,
1375 1502 1511 1558 operis

60 1583 212 1617 amore,
234 1582 316 1607 non
341 1564 465 1606 animi
487 1578 612 1605 causa
640 1576 938 1618 perseverasse;
972 1568 1013 1601 et
1034 1559 1111 1599 hoc
1132 1558 1289 1615 populo
1321 1560 1512 1601 Romano

60 1623 316 1681 praestitisse,
338 1637 420 1663 non
442 1621 531 1662 sibi.

176 1682 397 1724 Cornelius
422 1681 614 1730 Tacitus,
636 1678 822 1718 emtione
845 1676 1050 1718 cremum
1073 1674 1213 1723 Cordi,
1235 1674 1299 1715 lib.
1324 1676 1352 1715 I
1359 1675 1397 1714 V.

636 1735 794 1775 Αηηαί.
817 1748 849 1773 0.
871 1734 939 1774 34.

120 1800 303 1839 Brutum
334 1803 375 1836 et
408 1794 598 1836 Cassium
628 1790 861 1832 laudavisse
891 1789 1024 1830 dicor:
1071 1803 1252 1844 quorum
1282 1803 1347 1829 res
1375 1796 1513 1844 gestas

63 1870 197 1911 quum
227 1851 396 1910 plurimi
432 1847 754 1907 composuerint,
790 1861 911 1888 nemo
945 1846 1031 1887 sine
1065 1846 1220 1887 honore
1255 1845 1510 1887 memoravit.

65 1914 119 1953 T.
143 1911 307 1960 Livius,
328 1909 577 1965 eloquentiae
607 1921 654 1948 ac
684 1904 780 1946 fidei
810 1903 1036 1960 praeclarus
1064 1902 1266 1959 inprimis,
1291 1903 1367 1943 Cn.
1391 1904 1514 1943 Pom-

62 1969 202 2025 peium
234 1968 360 2009 tantis
390 1966 586 2007 laudibus
616 1963 729 2013 tulit,
752 1971 800 2004 ut
832 1961 1135 2017 Pompeianum
1165 1975 1259 2001 eum
1289 1959 1514 2014 Augustus

63 2024 309 2082 appellaret:
341 2037 477 2079 neque
498 2023 542 2064 id
563 2020 754 2063 amicitiae
770 2033 914 2060 eorum
934 2017 1084 2059 offecit.
1124 2017 1373 2074 Scipionem,
1389 2016 1514 2056 Afra-

64 2084 197 2132 nium,
218 2082 330 2122 hunc
359 2081 498 2136 ipsum
521 2078 726 2128 Cassium,
742 2077 855 2117 hunc
876 2077 1075 2127 Brutum,
1096 2090 1305 2132 nusquam
1336 2072 1515 2114 latrones

65 2147 107 2180 et
136 2137 376 2195 parricidas,
408 2153 505 2193 quae
535 2151 646 2178 nunc
676 2133 878 2176 vocabula
906 2133 1196 2190 imponuntur,
1233 2146 1342 2188 saepe
1371 2139 1420 2172 ut
1453 2129 1514 2170 in-

65 2197 200 2252 signes
220 2194 329 2236 viros
349 2195 546 2236 nominat.

325 2253 558 2294 Suetonius
583 2251 879 2304 Tranquillus,
905 2250 1118 2302 Caligula?
1137 2263 1169 2289 c.
1191 2250 1258 2290 34.

126 2309 207 2351 Sed
228 2317 270 2350 et
292 2308 455 2365 Virgilii
484 2317 526 2350 et
549 2309 602 2349 Τ.
626 2307 739 2348 Livii
771 2306 924 2361 scripta
943 2313 984 2346 et
1005 2306 1218 2361 imagines,
1239 2304 1414 2361 paulum
1444 2303 1515 2344 ab-

66 2367 150 2408 fuit
171 2365 273 2422 quin
295 2381 344 2406 ex
366 2366 561 2406 omnibus
579 2364 843 2405 bibliothecis
863 2363 1081 2403 amoverit:
1119 2377 1300 2417 quorum
1321 2361 1514 2411 alterum,

67 2432 115 2465 ut
135 2423 292 2464 nullius
307 2422 462 2479 ingenii
481 2422 748 2476 minimaeque
769 2420 988 2465 doctrinam
1020 2419 1212 2469 alterum,
1230 2427 1278 2460 ut
1294 2418 1515 2460 verbosum

68 2481 112 2522 in
131 2480 304 2522 historia
322 2480 704 2536 negligentemque,
726 2477 933 2532 carpebat.

538 2537 656 2578 Idem
679 2536 851 2577 Claudii
870 2548 959 2588 cap.
984 2535 1049 2575 41.

127 2592 359 2634 Historiam
378 2593 421 2634 in
442 2592 731 2642 adolescentia,
753 2592 945 2633 hortante
973 2592 1027 2632 T.
1050 2590 1190 2639 Livio,
1214 2588 1399 2645 Sulpicio
1419 2603 1517 2631 vero

72 2649 219 2693 Flavio
239 2649 362 2691 etiam
383 2651 624 2707 adjuvante,
647 2649 823 2691 scribere
844 2664 1063 2705 aggressus
1083 2655 1156 2688 est.

508 2709 624 2749 Idem
645 2708 882 2748 Domitiani
902 2721 990 2760 cap.
1014 2707 1079 2746 10.

130 2763 312 2805 Metium
336 2764 673 2820 Pomposianum,
695 2764 811 2820 quod
831 2764 982 2805 habere
1016 2759 1331 2817 Imperatoriam
1350 2757 1519 2815 genesin

73 2821 201 2876 vulgo
222 2820 448 2872 ferebatur,
465 2829 505 2863 et
527 2821 643 2877 quod
663 2821 878 2877 depictum
899 2820 1041 2863 orbem
1058 2827 1179 2860 terrae
1192 2816 1234 2858 in
1255 2815 1518 2865 membranis,
