1805 3174
550 64 936 103 IIISTORIARUM
970 65 1182 103 LIBROS.

1500 74 1576 116 339

149 173 331 202 Herennius
357 172 527 209 festinius,
549 174 677 204 Bacchis
697 175 842 205 initiatus
887 175 986 205 Hiera
1001 185 1101 211 come,
1117 181 1171 212 38,
1192 180 1239 205 19.
1263 177 1305 205 ibi
1330 179 1435 209 fanum
1463 190 1574 217 augus-

194 226 212 245 ιι
230 222 340 251 matre,
353 221 407 252 39,
428 221 476 245 13.

148 259 327 289 Herennius
345 260 488 296 Pontius,
505 259 699 298 imperatoris
716 263 838 293 Samni-

187 304 266 333 tium
299 311 398 342 pater,
425 304 472 331 vir
503 305 776 343 prudentissimus,
806 313 838 345 9,

191 351 218 375 1.
235 347 301 383 ejus
320 347 472 375 discordia
488 355 636 385 responsa
663 349 700 377 de
723 353 837 381 exerci-

188 390 271 418 tibus
290 391 515 426 Romanorum,
533 391 569 419 ad
597 393 762 423 Claudium
788 395 835 423 in-

187 434 296 468 clusis,
315 438 345 461 3.

145 475 181 503 C.
201 477 390 510 Herennius,
415 476 559 506 triumvir
586 478 716 508 colonioe
741 480 835 509 dedu-

184 521 300 552 cendae.
320 523 373 554 91,
392 522 446 547 95.

147 562 261 591 Hei-ius
284 563 428 598 Asinius,
447 563 531 600 Epit.
550 568 603 594 73.

145 604 260 634 Herius
278 606 397 634 Pettius
413 606 451 634 ab
470 607 631 636 Hannone
647 617 684 636 ex
701 609 782 639 Nola
798 611 835 639 nd

184 649 373 686 colloquium
392 654 536 686 vocatur,
563 655 616 688 93,
636 655 689 680 43.

143 691 335 724 Hcrmaeum.
353 696 408 728 35,
428 697 478 721 50.

140 734 451 773 Hermandica,urb5,
464 736 502 766 ab
517 737 673 767 Annibale
686 739 713 767 vi
727 744 834 778 capta,

188 784 242 816 ει,
261 783 289 807 5.

144 821 215 852 Lar.
235 823 433 860 Herminius,
452 824 574 858 consul,
591 828 621 858 3,
639 827 689 853 65.

141 864 180 893 T.
200 866 384 895 Herminius
399 877 515 906 genere
542 867 696 905 factisque
721 869 834 906 clarus,

182 918 252 938 cum
283 910 419 939 Horatio
438 910 559 940 Coclite
583 916 709 948 pontem
735 912 833 942 subli-

182 953 263 982 cium
281 963 445 992 parumper
461 954 611 991 defendit,
629 959 660 987 9,
683 959 730 985 10.
754 960 831 985 stre-

183 1004 244 1025 nue
275 997 403 1034 adjuvat
433 997 593 1026 victoriam
626 999 764 1027 consulis
795 1000 831 1028 de

183 1039 339 1076 Etruscis,
368 1045 417 1069 11.
433 1040 587 1070 occiditur
603 1041 634 1070 in
664 1051 769 1080 pugna
792 1043 830 1071 ad

182 1082 339 1121 Regillum
356 1084 472 1120 lacum,
492 1088 543 1113 90.

141 1124 365 1155 Hermionicus
382 1136 467 1165 ager,
481 1131 537 1164 31,
553 1131 604 1155 44.

140 1168 270 1198 Hernici
298 1174 411 1208 parant
426 1170 555 1206 bellum,
574 1175 604 1203 9,
623 1174 673 1199 99.
701 1171 828 1209 devicti,

179 1215 232 1241 40.
249 1222 320 1242 cum
338 1214 374 1242 iis
391 1214 488 1244 ictum
505 1214 621 1249 foedus,
634 1218 687 1244 41.
710 1215 747 1244 iis
763 1217 829 1254 agri

179 1256 249 1284 duae
262 1261 365 1294 partes
381 1258 523 1292 ademtae,
535 1257 609 1286 ibid.
620 1267 727 1287 eorum
739 1268 829 1298 agros

179 1299 409 1338 depopulantur
433 1301 524 1340 AEqui
550 1305 580 1329 et
597 1301 716 1335 Volsci,
741 1307 774 1339 3,
799 1305 827 1332 6.

180 1343 328 1373 Hernicis
361 1344 463 1374 tristia
493 1353 642 1382 responsa
670 1354 688 1373 a
718 1350 829 1375 senatu

178 1386 263 1422 data,
288 1387 361 1417 ibid.
378 1388 527 1417 deficiunt
543 1398 561 1416 a
582 1389 740 1423 llomanis,
752 1392 783 1420 6.
799 1394 829 1419 9.

179 1434 207 1460 7.
236 1433 264 1458 et
291 1435 321 1460 8.
343 1435 372 1459 et
395 1441 476 1470 seqq.
494 1432 531 1460 iis
558 1431 672 1460 bellum
688 1432 829 1461 inferunt

177 1474 326 1504 Romani.
346 1478 377 1509 7,
392 1477 422 1504 6,
435 1475 562 1503 caedunt
577 1475 828 1511 Romanosjbid.

178 1516 287 1551 ingens
303 1525 410 1546 eorum
436 1518 601 1552 exercitus,
618 1522 646 1548 7.
664 1518 827 1556 fugantur,

181 1563 210 1588 8.
227 1560 301 1589 victi
320 1569 337 1589 a
353 1561 387 1588 C.
407 1561 530 1589 Plautio
546 1561 673 1590 consule
691 1563 827 1591 subacti-

179 1612 252 1640 que,
277 1607 324 1632 15.
341 1603 489 1632 Romanis
505 1605 619 1634 bellum
634 1605 829 1641 indicuut‚9‚

179 1649 232 1676 49.
249 1646 321 1675 victi
340 1656 371 1674 se
387 1647 518 1683 dedunt,
543 1652 595 1677 43.
613 1648 649 1676 iis
667 1658 729 1677 sure
747 1650 827 1685 leges

179 1689 320 1726 redditae,
338 1690 412 1719 ibid.

137 1730 325 1767 Herodicus,
349 1734 492 1772 princeps
520 1733 751 1769 Thessalorum,
780 1737 826 1765 in-

175 1777 332 1805 terficitur
347 1786 366 1805 a
384 1778 540 1815 Philippo,
555 1782 608 1811 40,
623 1783 653 1809 4.

135 1819 317 1849 Herodorus
334 1820 464 1856 Cianus,
477 1825 642 1856 mercator,
658 1826 713 1858 35,
730 1827 783 1854 37.

136 1862 333 1899 Herodorus,
363 1864 506 1902 princeps
523 1866 693 1895 amicorum
712 1867 826 1895 Deme-

177 1907 243 1939 trii,
267 1907 436 1944 conjicitur
453 1908 483 1936 in
501 1910 686 1944 custodiam,
702 1914 756 1946 40,
774 1913 826 1940 93.

176 1949 310 1979 moritur
325 1951 357 1979 in
371 1951 549 1987 tormentis,
566 1952 640 1981 ibid.

137 1991 287 2029 Hersilia,
303 2002 379 2023 uxor
396 1994 535 2030 Romuli,
556 1999 582 2030 1,
603 1999 650 2023 11.

135 2036 348 2069 Hetriculum.
381 2037 575 2066 Bruttiorum
614 2039 777 2077 oppidum,
808 2049 826 2068 a

176 2079 282 2108 Poenis
297 2080 402 2109 deficit
417 2080 455 2109 ad
471 2081 645 2119 Romanos,
662 2086 716 2115 30,
733 2086 779 2113 19.

136 2123 301 2158 Hetrusci,
327 2123 389 2151 vid.
410 2123 547 2153 Etrusci.

135 2166 323 2204 Hexapylon
341 2165 513 2205 Syracusis,
540 2171 594 2204 94,
625 2171 676 2196 91.
703 2168 763 2197 vid.
797 2173 826 2197 ct

178 2214 235 2245 32,
254 2213 308 2240 39.

133 2252 266 2281 Hexeris
283 2252 385 2289 navis,
404 2256 456 2288 99,
474 2257 502 2283 9.
520 2257 575 2290 37,
590 2257 640 2283 93.

136 2295 286 2332 Hiarbas‚
303 2296 389 2334 Epit.
409 2300 461 2327 89.

135 2339 360 2372 Hibernacula,
385 2348 433 2367 res
457 2348 539 2368 nova
554 2339 645 2368 militi
669 2340 824 2374 Romano,

175 2383 213 2411 ad
229 2383 324 2411 Veios
340 2382 482 2411 aedificari
500 2386 616 2421 coepta,
633 2386 665 2411 et
683 2392 775 2421 super
790 2393 826 2412 ea

175 2435 207 2454 re
223 2426 380 2455 orationes
396 2426 594 2456 tribunorum
607 2426 706 2465 plebis
717 2432 747 2455 et
761 2429 824 2466 Ap.

175 2469 314 2505 Claudii,
328 2472 358 2505 5,
376 2472 472 2499 9-6,

134 2511 348 2541 Hibernacula
372 2513 541 2541 Poenorum
572 2512 605 2542 in
630 2514 692 2542 tres
723 2516 825 2552 partes

176 2555 285 2588 divisa,
304 2558 356 2589 96,
375 2559 426 2584 90.

136 2598 348 2627 Hibernacula
372 2599 541 2628 Poenorum
564 2603 595 2628 et
617 2599 824 2629 Numidarum

177 2640 406 2670 comburuntur
420 2651 438 2670 a
453 2642 612 2680 Scipione,
625 2647 681 2679 30,
693 2645 789 2672 3-6,

136 2684 313 2721 Hiempsal,
340 2685 478 2723 Misipsoe
509 2686 603 2722 filius,
628 2687 781 2715 occiditur
808 2696 826 2715 a

179 2727 352 2764 mgni-tha,
368 2728 453 2765 Epit.
473 2730 523 2756 69.

136 2769 247 2798 Hiems
264 2769 364 2804 gelida
375 2775 406 2798 et
432 2771 552 2807 nivosa,
569 2777 603 2800 ut
629 2773 686 2801 viae
714 2772 825 2802 clausae

177 2817 207 2839 et
224 2813 344 2841 Ti'tveris
359 2813 577 2851 innavigabilis
601 2816 708 2850 fuerit,
728 2820 758 2845 5.
778 2820 824 2844 13.

925 223 992 248 tum
1007 219 1175 258 Apollinis.
1191 223 1223 248 et
1240 223 1415 259 oraculum,
1437 228 1484 253 13.

884 263 998 298 Hiero,
1030 263 1115 300 Epit.
1148 266 1195 291 16.
1223 264 1386 301 pollicetur
1415 268 1510 301 gratis
1542 278 1573 296 se

925 307 1069 335 daturum
1085 305 1236 335 Romanis
1253 307 1424 342 legionibus
1436 312 1573 340 frumen—

925 353 992 378 tum
1009 359 1045 377 ac
1062 349 1262 385 vestimenta,
1280 354 1333 386 91,
1348 355 1398 381 50.
1413 357 1483 390 post
1493 364 1570 392 pug-

927 402 995 421 nam
1023 393 1060 421 ad
1083 393 1299 422 Trasimenum
1325 396 1437 429 lacum,
1455 396 1572 434 legatos

925 436 1068 472 Romam,
1078 445 1146 465 cum
1160 437 1256 466 classe
1268 446 1383 475 magno
1397 444 1571 468 commeatu

924 483 1051 515 onusta,
1076 479 1240 517 donisque,
1257 484 1288 509 ct
1303 482 1439 518 auxiliis,
1457 484 1570 520 mittit,

925 526 978 557 99,
995 527 1044 553 37.
1072 523 1232 552 victoriam
1248 532 1372 554 auream
1389 526 1494 564 pondo
1511 530 1572 555 tre-

922 565 1051 594 centum
1076 566 1185 601 viginti
1202 567 1285 596 dono
1301 568 1368 603 dat,
1385 569 1458 597 ibid.
1476 570 1572 599 classe

924 610 1042 638 Punica
1076 613 1217 638 vastatur
1247 611 1313 648 ejus
1344 621 1486 651 regnum,
1519 616 1571 642 56.

925 652 1075 681 Hitronis
1091 662 1187 689 mors,
1201 657 1253 687 94,
1269 659 1298 683 4.

881 695 1041 725 Hierocles
1061 696 1300 735 Agrigentinus,
1327 698 1422 727 tradit
1447 699 1570 737 Zacyn-

921 739 1010 767 thum
1030 737 1163 768 insulam
1178 740 1313 773 Achaeis.
1331 744 1386 777 36,
1403 745 1456 772 31.
1472 747 1502 771 et
1517 747 1569 771 39.

879 781 1106 820 Hieronymus,
1119 792 1216 821 nepos
1230 784 1394 820 Hieronis,
1406 788 1437 813 et
1448 795 1569 814 succes-

921 835 984 861 sor,
1010 830 1063 862 94,
1081 831 1109 855 4.
1134 826 1200 863 ejus
1218 827 1304 863 vitia,
1326 831 1354 856 5.
1379 829 1570 867 conspiratio

921 868 952 898 in
970 869 1070 903 illurn,
1085 869 1160 899 ibid.
1177 870 1214 898 ad
1228 871 1414 900 Annibalem
1428 872 1569 906 inclinat,

920 915 950 941 6.
970 913 1063 952 legati
1085 913 1220 942 Romani
1234 914 1315 943 male
1332 915 1370 944 ab
1383 924 1420 944 eo
1435 917 1569 954 excepti.

920 955 993 983 isid.
1019 956 1086 993 ejus
1103 956 1205 985 foedus
1229 966 1299 986 cum
1318 959 1435 994 Poenis,
1452 958 1526 989 ibid.
1551 968 1568 988 a

918 999 1092 1035 conjuratis
1108 1000 1275 1037 occiditur,
1289 1005 1320 1031 7.

877 1042 1107 1081 Hierosolyma,
1124 1043 1212 1082 Epit.
1229 1047 1298 1072 109.

877 1085 1050 1121 Hilermus,
1083 1094 1135 1114 rex
1166 1087 1371 1123 quorumdam
1402 1087 1566 1126 Hispaniae

918 1129 1116 1167 populorum,
1137 1129 1225 1158 vivus
1239 1130 1371 1168 capitur,
1382 1134 1436 1164 35,
1452 1135 1480 1161 7.

875 1172 1018 1209 Himera,
1044 1171 1157 1209 amnis,
1181 1172 1316 1202 Siciliam
1341 1173 1495 1211 dividens,
1511 1179 1566 1211 94,

918 1217 947 1243 6.
961 1215 1020 1245 vid.
1039 1220 1069 1245 et
1085 1219 1138 1249 25,
1155 1218 1207 1244 40.

876 1258 1030 1295 Himilco,
1048 1259 1096 1288 vir
1108 1258 1255 1288 factionis
1268 1259 1420 1298 Barcinae,
1436 1260 1569 1290 victoria

918 1302 1086 1332 Annibalis
1117 1303 1155 1331 ad
1189 1301 1315 1332 Cannas
1343 1304 1566 1342 Carthaginem

918 1347 1082 1383 nunciata,
1097 1345 1290 1375 Hannonem
1303 1346 1567 1386 increpat,23‚12.

876 1389 1014 1418 Himilco
1031 1398 1103 1418 cum
1120 1390 1257 1419 exercitu
1273 1390 1305 1418 in
1315 1389 1452 1419 Siciliam
1464 1392 1565 1427 venit,

918 1436 972 1468 94,
989 1436 1041 1463 35,
1058 1432 1124 1469 ejus
1147 1441 1193 1461 res
1219 1437 1327 1471 gestae,
1354 1434 1429 1463 isid.
1454 1439 1484 1463 et
1512 1437 1565 1463 36.

917 1476 1126 1514 Agrigentum
1149 1485 1181 1504 se
1198 1476 1318 1515 recipit,
1336 1480 1390 1513 94,
1405 1481 1456 1508 39.
1474 1477 1566 1516 Syra-

916 1520 1041 1548 cusanis
1065 1520 1222 1557 suppetias
1239 1519 1310 1554 fert,
1329 1523 1382 1557 95,
1400 1523 1452 1550 96.
1480 1525 1565 1558 peste

917 1562 1009 1600 perit,
1025 1563 1096 1591 ibid.

875 1604 1013 1634 Himilco
1030 1607 1155 1636 Punicis
1170 1607 1371 1637 auxiliaribus
1394 1607 1564 1637 Castulone

917 1653 1041 1687 praeest,
1060 1654 1113 1686 98,
1130 1655 1180 1679 90.
1255 1684 1258 1685 7

876 1692 1022 1725 Hiostus,
1049 1693 1129 1722 filius
1161 1693 1388 1732 Hampsicorae.
1413 1693 1562 1732 principis

918 1735 1096 1771 Sardorum,
1115 1737 1147 1765 in
1165 1738 1229 1766 acie
1245 1738 1338 1771 cadit,
1355 1741 1408 1769 99,
1425 1741 1476 1765 40.

874 1779 1096 1817 Hippagogus,
1111 1790 1208 1815 genus
1224 1781 1325 1814 navis,
1339 1784 1394 1816 44,
1412 1784 1463 1808 98.

873 1822 1022 1861 Hippias,
1038 1824 1139 1852 Persei
1163 1824 1291 1856 amicus,
1309 1828 1362 1856 49,
1380 1827 1433 1854 39.
1449 1823 1512 1853 vid.
1536 1829 1564 1852 rt

915 1870 971 1903 42,
988 1869 1039 1896 51.
1053 1871 1083 1895 et
1099 1871 1215 1903 59.44,
1233 1872 1262 1896 2.
1275 1871 1304 1896 4.
1316 1871 1367 1895 23.
1384 1871 1413 1895 et
1424 1870 1475 1895 45.

872 1909 1019 1948 Hippias,
1034 1910 1255 1939 Thessalorum
1274 1915 1400 1948 praetor,
1417 1913 1473 1947 49,
1491 1914 1541 1939 54.

872 1953 981 1991 Hippa
995 1953 1110 1991 regius,
1128 1957 1182 1990 99,
1198 1958 1228 1982 3.
1245 1957 1277 1982 4.
1293 1958 1322 1982 et
1337 1957 1390 1983 39.

873 1996 994 2035 Hippo,
1012 1997 1086 2026 urbs
1102 1996 1278 2035 Hispaniae,
1295 2001 1349 2030 39.
1366 2001 1418 2027 30.

871 2039 1094 2078 Hippocrates,
1109 2040 1170 2068 υἷα.
1194 2040 1358 2079 Epicydes.
1402 2041 1487 2070 Dum
1503 2040 1564 2069 fra-

913 2087 962 2111 ter
971 2087 1082 2121 praeest
1096 2083 1267 2122 Syracusis,
1278 2084 1356 2122 ipse,
1369 2085 1475 2113 Poenis
1486 2093 1561 2112 con-

909 2126 1053 2163 junctus,
1067 2127 1182 2156 bellum
1206 2127 1283 2162 gerit
1312 2127 1457 2156 adversus
1477 2128 1561 2156 Mar-

914 2169 1040 2205 cellum,
1069 2174 1121 2203 94,
1139 2174 1191 2199 35.
1208 2170 1356 2203 vincitur,
1373 2172 1427 2200 86.
1473 2171 1561 2199 Mur-

913 2213 1054 2251 gantiam
1072 2222 1103 2241 se
1132 2213 1255 2252 recipit,
1278 2218 1332 2244 39.
1361 2214 1562 2252 Syracusanis

914 2256 1072 2294 suppetias
1084 2257 1156 2289 fert,
1170 2260 1224 2293 95,
1236 2259 1284 2285 96.
1298 2260 1383 2296 peste
1392 2257 1560 2297 perit,z'bia'.

871 2299 1103 2338 HippolochuS,
1121 2301 1175 2336 36,
1185 2304 1214 2331 9.

870 2342 1014 2381 Hirpini,
1034 2343 1153 2382 populi,
1168 2346 1220 2376 99,
1242 2347 1291 2372 13.
1308 2352 1326 2372 a
1341 2343 1491 2372 Romanis
1508 2343 1560 2372 dc-

914 2385 1024 2415 ficiunt
1048 2387 1085 2415 ad
1110 2387 1237 2421 Poenos,
1262 2390 1314 2419 99,
1338 2390 1388 2415 61.
1407 2391 1461 2423 93,
1483 2391 1510 2416 1.
1527 2396 1563 2415 ex

915 2429 1059 2467 Hirpinis
1072 2430 1132 2458 tria
1144 2430 1259 2468 oppida
1275 2433 1397 2468 recepta
1412 2439 1430 2459 a
1447 2431 1561 2459 Roma-

915 2472 976 2508 nis,
993 2476 1047 2509 93,
1063 2477 1114 2504 37.
1135 2473 1262 2512 Hirpini
1273 2473 1393 2502 dedunt
1404 2482 1436 2502 se
1448 2474 1562 2501 Roma-

915 2515 976 2551 nis,
990 2520 1043 2552 97,
1059 2520 1108 2545 15.
1121 2516 1230 2545 domiti
1244 2526 1262 2545 a
1273 2516 1408 2554 L.Sulla‚
1419 2516 1561 2555 Epit.75.

870 2559 908 2587 A.
925 2558 1063 2593 Hirtius,
1086 2559 1172 2598 Epit.
1193 2563 1262 2590 119.

871 2601 1013 2640 Hispalae
1036 2602 1188 2636 Feceniae,
1216 2602 1313 2632 nobili
1341 2606 1455 2637 scorto,
1485 2611 1563 2639 prae-

914 2646 1010 2674 mium
1035 2654 1053 2674 a
1077 2651 1186 2675 senatu
1225 2646 1347 2680 datum,
1376 2644 1458 2681 quod
1496 2645 1562 2681 ejus

912 2698 1006 2726 opera
1018 2689 1226 2718 Bacchanalia
1241 2689 1375 2723 detecta,
1391 2691 1447 2723 39,
1465 2692 1495 2718 9.
1513 2692 1560 2716 14.

913 2737 943 2759 ct
961 2736 1007 2761 19.

872 2774 1038 2813 Hispania.
1057 2775 1137 2803 inter
1153 2775 1267 2802 Poenos
1294 2776 1325 2800 et
1343 2772 1499 2802 Romanos
1517 2774 1557 2801 di-

915 2819 981 2846 visa
996 2827 1086 2846 amne
1101 2817 1203 2852 Ibero,
1216 2820 1269 2850 91,
1286 2819 1313 2842 Q.
1332 2815 1467 2851 citerior,
1485 2817 1563 2845 ulte-

944 2865 1018 2897 ΖΞ)
