1831 3194
498 111 750 152 LIBROR.
782 105 1057 150 DEPERD.
1410 112 1478 150 261

685 318 865 371 CXII.

134 472 369 524 Tmpidalio
409 472 604 513 victarum
644 473 829 524 partium
859 473 901 512 in
931 473 1110 513 diversas
1139 471 1248 512 orbis
1288 478 1483 512 terrarum

61 536 206 582 partes
236 536 274 570 ct
296 529 406 583 suga
436 527 682 580 referuntur.
745 531 825 571 Cn.
856 530 1085 582 Pompeius,
1116 543 1231 583 quum
1261 530 1483 583 AEgyptum

59 588 242 639 petisset,
251 585 372 640 jussu
397 587 607 627 Ptolemaei
626 587 736 640 regis
759 586 926 639 pupilli,
958 593 1120 627 auctore
1155 587 1359 627 Theodoto
1373 600 1485 639 prce-

67 649 234 696 ceptore,
265 642 374 697 Clgjus
403 657 552 697 magna
572 645 682 696 apud
703 658 833 697 regem
859 645 1078 684 auctoritas
1099 650 1201 694 erat,
1231 650 1268 684 et
1292 645 1485 694 Pothino,

67 701 215 742 occisus
236 707 293 741 est
313 701 364 741 ab
384 702 562 750 Achilla,
585 701 650 742 cui
671 701 716 741 id
733 701 908 754 facinus
928 707 1018 741 erat
1038 702 1277 754 delegatum,
1301 702 1345 741 in
1365 702 1484 741 navi-

66 758 170 805 cula,
193 764 407 812 antequam
430 759 473 799 in
493 764 641 799 terram
661 758 799 799 exiret.
863 758 1053 801 Cornelia
1075 772 1173 798 uxor
1194 765 1230 798 et
1251 759 1338 800 Sem.
1358 760 1482 799 Pom-

57 816 178 867 peius
191 815 313 867 filius
343 817 503 870 Cypron
523 816 773 870 reficgerunt.
835 818 990 865 Caesar,
1006 822 1097 868 post
1117 816 1278 856 tertium
1299 816 1402 856 diem
1423 816 1483 854 in-

64 878 228 920 secutus,
260 886 378 926 quum
399 874 438 913 ei
464 873 693 914 Theodotus
707 879 828 926 caput
851 873 1032 926 Pompeii
1052 879 1089 913 et
1111 874 1300 913 annulum
1321 873 1484 913 obtulis-

64 935 136 975 set,
165 928 200 953 ⁹⁰
213 936 248 969 et
272 929 452 983 infensus
482 937 552 979 est,
585 937 623 970 et
652 931 939 971 inlacrimauit.
998 931 1086 971 sine
1111 930 1284 983 periculo
1303 930 1483 970 Alexan-

65 987 199 1026 driam
222 988 523 1028 tumultuantem
543 987 724 1029 intravit.
787 988 937 1036 Caesar,
960 989 1132 1028 dictator
1161 994 1328 1036 creatus,
1364 989 1482 1029 Cleo-

55 1049 224 1096 patram
246 1044 289 1083 in
309 1058 471 1097 regnum
487 1044 661 1099 AEgypti
681 1045 852 1092 reduxit,
875 1051 913 1085 et
934 1045 1162 1098 inferentem
1184 1044 1322 1084 bellum
1345 1045 1485 1084 iisdem

63 1100 296 1140 auctoribus
325 1102 599 1151 Ptolemaeum,
646 1101 787 1155 quibus
815 1103 1051 1154 Pompeium
1081 1100 1352 1154 interfecerat,
1396 1115 1484 1141 cum

64 1172 211 1211 magno
228 1172 298 1197 suo
324 1159 549 1199 discrimine
578 1159 686 1200 vicit.
747 1159 990 1199 Ptolemceus
1021 1160 1111 1198 dum
1130 1159 1268 1212 sugit,
1303 1160 1346 1198 in
1383 1158 1486 1198 Nilo

61 1215 250 1255 navicula
269 1215 455 1256 subsedit.
517 1217 724 1257 Pra’terea
740 1216 980 1256 laboriosum
1001 1217 1065 1256 M.
1086 1217 1253 1257 Catonis
1278 1214 1319 1254 in
1337 1216 1485 1269 Africa.

59 1286 132 1324 per
151 1273 305 1312 deserta
326 1287 412 1312 cum
428 1273 647 1327 legionibus
668 1275 759 1322 iter,
783 1279 820 1312 et
837 1273 977 1313 bellum
999 1288 1025 1313 a
1049 1274 1124 1315 Cn.
1148 1273 1328 1314 Domitio
1346 1279 1483 1313 contra

66 1329 323 1371 Pharnacem
343 1329 375 1354 9¹
390 1344 534 1383 parum
554 1345 752 1384 prospere
768 1337 920 1384 gestum
942 1331 1127 1371 continet.

664 1546 876 1599 CXIII.

121 1701 378 1752 Confirmatis
398 1703 439 1741 in
463 1699 605 1753 Africa
627 1702 885 1754 Pompeianis
897 1700 1096 1753 partibus,
1121 1701 1325 1753 imperium
1342 1714 1492 1741 earum·

63 1759 120 1800 P.
139 1760 319 1811 Scipioni
337 1759 512 1799 delatum
533 1764 607 1804 est;
643 1760 812 1806 Catone,
848 1759 914 1799 cui
934 1772 982 1797 ex
1002 1771 1113 1811 (equo
1134 1757 1384 1809 deserebatur
1406 1759 1478 1798 im-

56 1817 228 1868 perium,
250 1818 425 1857 cedente.
464 1817 522 1856 Et
542 1830 656 1869 quum
679 1817 727 1856 cle
749 1816 946 1856 diruenda
968 1815 1061 1855 urbe
1087 1816 1209 1855 Utica
1223 1821 1394 1867 propter
1403 1815 1479 1866 sa-

62 1887 193 1913 vorem
216 1873 391 1914 civitatis
410 1872 494 1925 ejus
514 1873 559 1913 in
583 1875 783 1914 Caesarem
806 1872 1105 1920 deliberaretur,
1139 1872 1257 1925 idque
1277 1886 1323 1911 ne
1340 1872 1477 1922 fieret,

63 1931 127 1970 M.
149 1932 254 1972 Cato
284 1931 486 1982 tenuisset,
515 1930 625 1973 Juba
645 1931 848 1976 suadente,
880 1936 924 1970 ut
954 1930 1191 1975 clirueretm·,-
1240 1931 1367 1969 tutela
1398 1929 1480 1981 ejus

62 1993 100 2026 et
121 1987 298 2028 custodia
313 1988 509 2028 mandata
529 1994 588 2028 est
606 1988 764 2029 Catoni.
825 1986 858 2011 9²
869 1988 945 2029 Cn.
962 1988 1182 2039 Pompeius
1197 1987 1353 2040 Magni
1360 1986 1480 2036 filius

60 2044 102 2083 in
127 2043 350 2097 Hispania,
371 2046 587 2085 contractis
607 2044 768 2095 viribus,
789 2058 954 2098 quarum
975 2044 1157 2084 ducatum
1179 2058 1249 2083 nec
1264 2042 1478 2096 Afranius,

58 2115 127 2140 nec
145 2101 331 2142 Petreius
351 2101 533 2154 excipere
547 2101 747 2150 volebant,
769 2102 908 2141 bellum
927 2102 1117 2141 adversus
1136 2102 1340 2142 Coesarem
1359 2115 1478 2141 reno-

60 2159 184 2199 vavit.
244 2159 495 2207 Pharnaces,
517 2158 780 2200 Mithridatis
785 2158 917 2209 filius,
934 2172 1007 2198 rex
1022 2159 1160 2206 Ponti,
1181 2159 1267 2198 sine
1285 2158 1367 2198 ulla
1385 2158 1481 2198 belli

60 2229 171 2255 mora
192 2215 315 2257 victus
334 2222 404 2257 est.
468 2215 598 2264 Quum
628 2215 845 2257 seditiones
866 2215 1009 2255 Romoe
1029 2229 1055 2254 a
1079 2216 1132 2255 P.
1159 2215 1375 2255 Dolabella
1405 2215 1478 2255 tri-

60 2271 162 2312 buno
174 2272 323 2325 plebis,
353 2275 481 2328 legem
495 2272 659 2326 serente
677 2274 727 2312 de
747 2273 859 2314 novis
879 2272 1040 2320 tabulis,
1073 2273 1260 2311 excitata?
1279 2278 1418 2320 essent,
1439 2279 1479 2312 et

59 2343 109 2368 ex
128 2343 176 2369 ea
196 2343 334 2371 causso
357 2330 474 2383 plebs
496 2331 816 2379 tunmltuaretur,
849 2330 1023 2370 inductis
1053 2343 1080 2368 a
1110 2330 1173 2369 M.
1198 2329 1374 2369 Antonio
1395 2343 1478 2368 man

58 2386 193 2440 gistro
212 2388 388 2441 equitum
410 2388 452 2428 in
475 2387 608 2427 urbem
631 2387 833 2438 militibus,
855 2385 1074 2441 octingenti
1095 2401 1114 2426 e
1131 2385 1248 2439 plebe
1262 2386 1355 2426 ca’si
1372 2393 1476 2426 sunt.

105 2515 148 2545 90
176 2515 215 2545 Et
243 2515 374 2558 infensus
401 2523 452 2553 est,
482 2524 508 2548 et
537 2518 746 2558 illacrymavit,
786 2517 932 2558 jusserat,
957 2516 1030 2547 Inde
1054 2516 1216 2555 Pompeius.
1262 2515 1323 2546 Sed
1348 2514 1383 2546 4³0
1413 2517 1479 2545 inde

64 2559 124 2587 sine
150 2559 293 2600 periculo]
330 2559 413 2600 Lege
437 2570 509 2590 cum
537 2560 704 2595 Gronovio,
721 2566 748 2590 et
791 2559 841 2590 hic
857 2569 1083 2600 supervacuum
1103 2563 1161 2589 est.
1206 2558 1359 2588 Praeterea
1383 2568 1478 2598 quum

63 2599 186 2641 offensus
213 2608 264 2638 est,
292 2608 320 2632 et
346 2603 563 2643 illacrymavit5
610 2614 661 2633 nec
690 2604 749 2632 sine
791 2603 852 2632 duo
867 2601 922 2632 filii
946 2601 1085 2643 Pompeii
1109 2606 1222 2637 essent,
1239 2600 1291 2641 qui
1314 2599 1475 2642 praenomi-

61 2643 202 2682 periculo.
792 2645 883 2675 nibus
915 2644 1195 2685 distinguebantur,
1226 2643 1392 2673 verisimile
1423 2641 1477 2671 ad-

107 2685 145 2715 91
181 2685 294 2716 Parum
316 2687 463 2728 prospere]
499 2688 619 2718 Vocem
642 2698 748 2727 parum
792 2687 918 2718 modum
940 2693 986 2718 est
1014 2692 1170 2717 auctorem
1199 2686 1358 2728 epitomes,
1382 2683 1409 2714 ei
1438 2683 1476 2714 de

65 2727 180 2769 adjecit
201 2728 343 2769 Sigonius
358 2736 389 2760 et
403 2730 536 2761 historiae
558 2730 629 2761 fide.
675 2730 748 2761 Vid.
794 2741 855 2772 quo
871 2731 983 2771 agebat
1003 2740 1092 2761 suum
1114 2737 1289 2771 praenomen
1309 2725 1475 2757 addidisse.

65 2771 157 2800 finem
172 2770 263 2811 hujus
278 2771 360 2803 libri.
794 2773 900 2814 Atque
923 2773 1001 2803 illud
1024 2773 1106 2803 clare
1129 2780 1305 2812 expressum
1328 2768 1477 2810 reperitur

108 2814 149 2843 92
175 2813 230 2843 Cn.
262 2813 411 2853 Pmnpez'us
435 2815 542 2856 Magni
559 2815 662 2856 filins]
702 2814 749 2845 Si·
794 2815 826 2846 in
856 2826 917 2846 uno
945 2826 962 2846 e
986 2815 1075 2845 codd.
1101 2825 1119 2844 a
1143 2812 1299 2844 Gronovio
1320 2811 1477 2854 inspectis.

66 2855 174 2895 gonius
197 2867 234 2887 ex
259 2856 423 2894 veteribus,
446 2862 481 2889 ut
503 2858 558 2895 ait,
582 2857 667 2889 libris
689 2857 749 2898 legi
795 2858 908 2899 Itaque
925 2857 1114 2890 admisimus.

827 2917 893 2951 53
