1805 3174
524 89 917 128 HlSTORIARUM
951 89 1163 125 LIBROS.
1469 96 1543 129 :3353

159 204 221 240 via,
240 207 292 233 23.
316 212 422 243 pugna
437 202 529 231 initio
551 202 755 240 improspera,
771 204 802 230 et
847 201 891 230 M.
910 200 1035 231 Furius.
1054 200 1188 239 legatus.
1206 205 1260 234 31.
1278 206 1329 231 21.

158 248 346 285 corrigenda:
363 247 460 285 culpae
484 246 635 281 studium,
659 250 709 274 24.
735 254 801 274 mo-
846 245 892 273 M.
916 244 1029 273 Furius
1047 244 1211 280 Camillus,
1235 245 1382 274 tribunus
1399 247 1536 277 militum

158 291 277 320 deratio
296 291 326 319 in
344 300 412 319 eum
430 290 566 326 Camilli,
579 293 629 318 25.
888 287 1044 316 consulari
1061 291 1229 325 potestate,
1247 292 1279 323 5,
1298 292 1323 316 1.
1339 289 1465 322 iteruin,
1483 294 1530 319 10.

115 333 150 361 1..
167 334 291 371 Furius,
306 334 451 363 tribunus
468 333 578 372 plebis,
594 336 626 367 9,
641 335 694 359 42.
887 335 998 360 contra
1014 331 1152 360 Faliscos
1169 332 1389 369 proficiscitur,
1412 337 1460 362 12.
1477 337 1537 362 ter-

114 378 148 406 L.
164 377 276 407 Furius
294 377 474 411 Bibaculus,
498 379 646 415 quaestor,
673 375 704 403 in
722 383 803 412 proe-
887 375 966 403 tium
977 375 1124 404 tribunus
1137 375 1273 404 militum
1292 376 1448 405 consulari
1468 382 1538 414 pot-

158 421 200 449 lio
215 422 252 450 ad
271 422 395 450 Cannas
412 420 547 456 occisus,
561 423 615 455 22,
630 422 681 449 49.
887 422 998 454 estate,
1015 423 1062 446 14.
1081 429 1098 447 a
1112 419 1240 456 Capena
1254 419 1401 458 ingentes
1419 421 1538 458 praedas

114 463 150 493 L.
163 464 276 493 Furius
288 464 450 500 Camillus,
467 463 612 497 dictator,
629 462 728 491 reddit
745 462 802 490 Pa·
887 462 963 498 agit,
982 462 1054 490 ibid.
1072 462 1222 499 interrex,
1246 467 1294 495 17.
1311 464 1460 499 dictator,
1490 468 1537 494 19.

155 508 256 537 tribus
272 507 500 546 possessionem
514 506 677 546 pristinam
689 513 805 534 consu-
886 504 976 534 ludos
989 515 1120 544 magnos
1136 516 1172 534 ex
1188 506 1468 536 senatusconsulto
1483 516 1537 536 vo·

156 551 252 587 latus,
279 556 311 587 7,
328 555 381 581 24.
403 551 444 580 ob
468 551 498 579 id
522 551 667 580 meritum
693 549 802 578 consul
887 553 950 581 vet.
969 549 1041 578 ibid.
1064 549 1162 577 vincit
1186 550 1336 587 Faliscos,
1354 551 1429 580 ibid.
1447 552 1537 579 cuni-

155 599 289 628 creatur,
312 594 383 623 ibid.
408 595 527 633 collega
552 597 689 628 mortuo,
719 593 803 621 solus

155 638 376 676 rempublicam
394 642 426 666 et
442 638 557 666 bellum
575 637 731 666 Gallicum
748 636 801 664 ad-

153 682 325 717 ministrat,
348 685 400 711 25.
416 681 516 710 vincit
533 681 654 713 Gallos,
679 682 732 710 26.
748 680 801 708 ad-

153 734 260 754 versus
285 726 410 754 Graecos
434 726 472 754 ad
499 734 583 754 oram
608 724 800 753 maritimam

152 769 324 806 profectus,
348 769 466 797 nullam
483 768 715 797 memorabilem
737 776 800 795 rem

152 812 245 850 gerit,
260 812 332 840 ibid.
348 812 484 841 dictator
511 812 541 840 in
566 821 672 850 pugna
693 812 801 839 adver-

153 864 205 884 sus
233 857 412 892 Auruncos,
439 858 532 885 vovet
556 856 652 884 aedem
679 854 801 883 Junoni

153 899 305 935 Monetae,
318 902 370 928 28.

110 941 147 971 L.
163 942 277 971 Furius
294 942 457 978 Camillus,
471 942 594 975 consul.
607 946 636 973 8.
655 945 703 970 13.
717 941 802 979 capit

153 987 269 1015 Pedum
302 986 465 1024 oppidum,
503 985 577 1014 ibid.
614 984 801 1022 triumphat,

152 1029 225 1058 ibid.
243 1032 349 1058 statua
364 1028 516 1067 equestris
524 1029 551 1057 ei
563 1029 594 1057 in
608 1029 674 1056 foro
685 1028 800 1067 posita,

153 1072 219 1101 ib1'd
245 1072 311 1109 ejus
327 1072 429 1101 oratio
445 1073 482 1101 ad
499 1076 641 1101 senatum
659 1073 694 1100 de
712 1072 799 1100 Lati-

152 1116 201 1144 nis
214 1116 351 1155 populis,
376 1116 449 1144 ibid.
477 1115 586 1144 consul
604 1116 731 1151 iterum,
749 1118 800 1145 29.

109 1161 144 1190 L.
160 1159 274 1189 Furius
290 1159 493 1188 Medullinus.
533 1158 588 1199 (In
602 1159 658 1188 Ιιοε
676 1160 798 1187 nomine

151 1204 233 1232 tanti
246 1213 362 1232 errores·
379 1203 543 1241 implicant
559 1203 646 1241 apud
655 1202 800 1239 Livium,

149 1250 186 1274 ut
196 1246 283 1276 haud
279 1246 384 1285 facile
395 1246 438 1275 ad
446 1247 601 1285 liquidum
610 1247 742 1284 perduci
753 1256 801 1275 res

146 1291 256 1328 possit.
295 1290 367 1319 IVec
382 1291 467 1318 cauli
482 1294 536 1318 est.
574 1290 689 1329 Itaque
705 1299 799 1328 appo·

148 1344 258 1363 nemus
272 1338 380 1362 uotam
395 1343 500 1362 eorum
515 1333 662 1367 locorum,
682 1335 716 1362 in
731 1334 800 1372 qui-

149 1377 203 1406 bus
228 1377 266 1407 L.
295 1378 412 1406 Furius
436 1377 633 1406 Medullinus
663 1378 799 1416 aliquem

148 1421 376 1460 magistratum.
404 1422 539 1459 gessisse
563 1421 692 1453 dicitur,
724 1421 798 1450 licet

149 1473 209 1493 non
231 1465 337 1494 omnia
362 1466 395 1493 in
421 1474 520 1493 unum
550 1464 704 1493 hominem
727 1474 798 1493 con-

148 1508 288 1542 veniant,
304 1512 334 1537 et
349 1509 415 1538 sint
426 1508 458 1536 1⁸71
474 1508 548 1537 duos
564 1513 663 1536 tresve
679 1508 798 1546 disper-

150 1552 308 1588 tienda,ut
321 1556 445 1580 constat
457 1551 632 1586 eoeSigvnio
646 1549 796 1589 ad4,44.)

107 1592 142 1622 1..
157 1594 270 1624 Furius
284 1595 489 1628 Medullinus,
503 1594 649 1623 tribunus
659 1594 795 1624 militum

148 1639 304 1668 consulari
320 1642 487 1677 potestate,
505 1642 536 1671 4,
550 1642 600 1667 25.
619 1642 649 1666 εἰ
667 1641 718 1666 35.
737 1638 794 1666 ite-

147 1690 227 1716 rum,
240 1686 292 1711 44.
309 1685 430 1711 creatur
453 1682 576 1716 consul,
605 1685 655 1710 51.
685 1681 794 1710 consul

147 1724 273 1762 iterum,
289 1730 339 1755 54.
357 1730 389 1754 et
404 1728 457 1755 61.
484 1724 631 1754 tribunus
656 1725 793 1754 militurn

147 1769 303 1798 consulari
318 1772 490 1808 potestate,
515 1777 611 1806 quum
622 1768 688 1806 jam
705 1769 795 1798 func-

147 1815 199 1841 tus
215 1822 251 1841 eo
267 1813 387 1842 honore
402 1816 495 1847 esset,
521 1816 571 1843 57.
598 1812 740 1849 tertium,
761 1816 793 1848 5,

150 1859 198 1885 14.
213 1860 372 1894 quartum,
395 1859 443 1885 16.
459 1855 620 1894 quintum,
650 1859 700 1884 24.
728 1865 797 1885 sex·

147 1903 228 1935 tum,
246 1902 297 1929 26.
313 1899 493 1938 septimum,
510 1903 562 1928 32.

103 1940 137 1969 L·
155 1943 266 1972 Furius
284 1944 456 1981 Purpureo,
482 1943 628 1972 tribunus
644 1942 792 1976 militum,

148 1990 202 2022 27,
218 1990 247 2015 2.
277 1991 404 2025 praetor,
427 1990 482 2023 31,
503 1990 535 2016 4.
559 1985 692 2015 sortitur
718 1987 793 2015 Gal-

147 2029 233 2062 liam,
244 2032 272 2057 6.
285 2034 314 2058 et
328 2034 376 2058 10.
393 2030 501 2059 Gallos
514 2029 627 2066 vincit,
644 2033 696 2059 21.
713 2030 793 2067 petit

145 2072 358 2111 triumphum,
380 2077 433 2104 47.
459 2074 496 2102 de
522 2083 559 2102 ea
584 2082 616 2101 re
643 2072 736 2101 variae
759 2073 791 2102 in

147 2120 259 2145 senatu
276 2116 454 2150 sententiat,
472 2121 522 2146 48.
538 2117 726 2155 triumphat,
740 2120 792 2148 49.

145 2164 270 2189 creatur
291 2160 415 2196 consul,
430 2164 484 2196 33,
511 2164 563 2190 24.
596 2169 649 2198 per
673 2159 789 2189 tribum

145 2202 326 2242 Sappiniam
343 2204 376 2232 in
392 2203 490 2232 Boios
505 2204 603 2238 venit,
621 2207 674 2234 37.
690 2212 791 2241 popu-

144 2247 228 2276 latur
251 2256 360 2285 agrum
384 2246 548 2281 Boiorum,
566 2246 639 2275 ibid.
653 2247 734 2275 aedes
751 2247 789 2276 ab

144 2299 181 2319 eo
194 2294 286 2325 votae,
303 2295 357 2324 34,
376 2294 428 2319 53.
443 2294 498 2326 35,
516 2294 568 2320 41.
582 2290 716 2328 legatus,
733 2294 789 2327 37,

144 2336 195 2362 55.
220 2334 339 2363 resistit
357 2334 417 2363 Cn.
434 2334 570 2367 Manlio,
593 2333 789 2371 triumphum

141 2378 277 2415 petenti,
307 2381 363 2414 38,
386 2381 438 2407 44.
463 2381 493 2406 et
515 2380 568 2406 45.
599 2377 660 2405 vid.
684 2381 714 2406 et
738 2380 790 2408 54.

143 2429 257 2456 magna
279 2421 484 2450 contentione
508 2429 670 2449 censuram
695 2421 788 2459 petit,

142 2468 197 2498 39,
208 2468 259 2494 40.
275 2464 397 2502 legatus
413 2464 446 2493 in
474 2464 607 2493 Galliam
633 2464 783 2493 Transal-

143 2507 247 2545 pinam
272 2507 423 2545 mittitur,
440 2511 491 2537 54.

887 593 992 621 culum
1017 593 1049 621 in
1073 601 1174 621 arcem
1191 594 1339 623 Veiorum
1364 594 1442 632 agit,
1459 594 1536 623 ibid.

886 635 980 664 Veios
996 636 1091 674 capit,
1116 640 1168 665 21.
1192 637 1260 674 ejus
1282 639 1434 676 precatio,
1461 638 1536 667 ibid.

886 688 978 708 curru
995 680 1082 717 equis
1106 680 1184 708 albis
1204 681 1320 717 juncto
1337 680 1536 719 triumphans

886 723 995 752 urbem
1014 723 1200 761 ingreditur.
1217 728 1272 754 23.
1290 725 1406 753 resistit
1423 724 1482 763 legi
1500 727 1536 754 de

884 767 1137 801 transmigrando
1154 767 1261 801 Veios.
1279 772 1329 797 25.
1354 768 1537 806 religionem

885 810 988 846 injicit
1011 810 1049 839 de
1072 811 1192 839 decima
1217 812 1325 848 praedae
1339 812 1537 849 Veientanae,

885 854 957 882 ibid.
972 854 1120 882 tribunus
1138 854 1273 884 militum
1291 855 1447 884 consulari
1465 860 1537 893 pot-

885 900 984 926 estate
1000 901 1158 935 quartnm.
1188 901 1240 927 26.
1287 899 1441 927 Faliscum
1469 899 1534 928 ludi

884 940 1083 977 magistrum,
1097 950 1262 979 puerorum
1274 942 1478 980 proditorem,
1489 952 1534 971 re-

885 984 988 1013 mittit
1005 985 1154 1021 Falerios,
1173 989 1223 1015 27.
1248 985 1408 1014 invehitur
1424 986 1456 1014 in
1473 986 1537 1024 ple-

885 1027 968 1062 bem,
1001 1032 1049 1058 29.
1076 1032 1220 1057 senatum
1248 1029 1360 1058 incitat
1386 1030 1533 1058 adversus

885 1072 996 1109 legem,
1014 1075 1068 1100 30.
1086 1075 1208 1100 creatur
1225 1072 1375 1107 interrex,
1386 1076 1441 1102 31.
1456 1074 1481 1102 ei
1495 1075 1533 1101 ab

886 1114 923 1143 L.
940 1115 1089 1151 Apuleio,
1109 1115 1183 1143 trib.
1213 1115 1252 1153 pl.
1276 1116 1340 1144 dies
1365 1116 1460 1148 dicta,
1478 1120 1533 1145 32.

884 1158 950 1186 abit
967 1158 997 1186 in
1015 1158 1170 1193 exsilium,
1189 1165 1220 1187 et
1237 1158 1348 1187 absens
1358 1159 1535 1196 quindecim

884 1202 1024 1230 millibus
1038 1202 1140 1240 gravis
1165 1202 1233 1230 aeris
1257 1203 1436 1237 damnatur,
1460 1203 1533 1231 ibid.

884 1245 1025 1274 concitat
1063 1246 1215 1274 Ardeates
1244 1246 1283 1274 ad
1314 1247 1537 1284 opprimendos

883 1288 991 1317 Gallos
1004 1290 1279 1327 populatores‚44.
1298 1294 1328 1318 et
1341 1293 1393 1318 45.
1411 1299 1537 1319 revoca-

882 1335 948 1368 tur,
963 1337 994 1360 et
1010 1332 1147 1361 dictator
1156 1333 1283 1368 dicitur,
1302 1335 1352 1361 46.
1365 1333 1452 1362 caesis
1463 1334 1536 1362 Gal·

884 1375 1119 1414 listriumphat,
1140 1380 1190 1407 49.
1209 1376 1469 1414 diligentissimus
1488 1386 1533 1405 re-

882 1419 1033 1457 ligionem
1049 1420 1168 1455 cultor,
1187 1423 1236 1448 50.
1251 1420 1397 1457 prohibet
1410 1421 1535 1455 migrari

881 1462 989 1498 Veios,
1008 1463 1167 1500 habetque
1184 1472 1276 1500 super
1287 1473 1323 1492 ea
1339 1472 1370 1492 re
1383 1464 1420 1492 ad
1434 1473 1534 1502 popu-

882 1506 945 1534 lum
962 1506 1153 1539 orationem,
1167 1509 1219 1535 51.
1235 1511 1263 1535 et
1278 1517 1360 1545 ss'qq·

924 1550 1072 1585 interrex,
1089 1552 1121 1584 6,
1146 1553 1172 1577 l.
1188 1549 1322 1578 dictator
1339 1550 1483 1585 tertium,
1499 1554 1529 1580 9..

880 1592 964 1630 capit
980 1591 1166 1621 Volscorum
1184 1596 1298 1629 castra,
1319 1593 1391 1621 ibid.
1417 1594 1529 1631 recipit

880 1636 1033 1670 Sutrium,
1050 1637 1088 1665 ab
1105 1636 1247 1665 Etruscis
1267 1641 1408 1675 captum,
1424 1642 1455 1666 3.
1473 1638 1530 1665 tri-

882 1680 1028 1717 umphat,
1044 1684 1073 1708 4.
1087 1680 1235 1708 tribunus
1260 1681 1396 1709 militum
1413 1690 1529 1709 consu-

880 1724 934 1752 lari
953 1726 1108 1761 potestate
1125 1724 1283 1761 quintum,
1301 1727 1331 1753 6.
1349 1724 1376 1752 ei
1394 1724 1532 1762 regimen

878 1768 1019 1796 omnium
1052 1776 1152 1795 rerum
1181 1767 1306 1804 collegae
1323 1767 1526 1805 permittunt,

880 1810 952 1838 ibid.
970 1811 1037 1847 ejus
1055 1819 1101 1839 res
1125 1813 1235 1847 gestae,
1261 1815 1376 1840 7-10,
1403 1812 1435 1839 in
1458 1820 1528 1840 euni

878 1854 991 1883 Manlii
1017 1853 1190 1892 Capitolini
1218 1855 1310 1889 livor,
1335 1857 1383 1882 11.
1415 1855 1450 1882 fit
1474 1854 1530 1883 tri-

878 1898 982 1926 bunus
1013 1898 1149 1926 militum
1178 1897 1334 1926 consulari
1375 1900 1531 1935 potestate

876 1945 1011 1978 sextum,
1035 1945 1082 1970 18.
1107 1941 1289 1979 septimum,
1310 1945 1360 1969 22.
1380 1940 1446 1978 ejus
1462 1950 1528 1970 mo-

874 1985 995 2014 deratio
1022 1984 1055 2013 in
1085 1985 1250 2023 collegam,
1279 1987 1311 2012 et
1336 1984 1468 2013 victoria
1492 1985 1529 2014 de

876 2027 1033 2065 hostibus,
1055 2032 1194 2057 23—25.
1222 2029 1357 2057 dictator
1380 2031 1527 2066 quartum

875 2076 1010 2106 creatur,
1032 2076 1085 2101 38.
1109 2076 1267 2101 certamen
1291 2071 1376 2100 inter
1397 2081 1469 2101 eum
1498 2077 1530 2101 et

874 2115 1022 2145 tribunos
1040 2115 1153 2154 plebis,
1173 2115 1249 2144 ibid.
1268 2124 1300 2144 se
1315 2115 1440 2144 abdicat
1463 2125 1529 2144 ma-

874 2159 1026 2197 gistratu,
1047 2159 1123 2187 ibid.
1141 2158 1276 2188 dictator
1288 2158 1435 2196 quintum
1447 2169 1531 2188 crea-

875 2207 939 2239 tus,
956 2206 1010 2231 42.
1022 2201 1115 2230 victis
1129 2202 1437 2240 Gallis,triumphat,
1452 2203 1527 2232 ibid.

875 2246 1044 2275 discordias
1060 2245 1143 2274 inter
1158 2246 1284 2275 ordines
1301 2246 1401 2282 sedat,
1418 2246 1491 2275 ibid.

918 2289 986 2326 ejus
997 2298 1080 2318 mors
1097 2292 1128 2317 et
1145 2289 1263 2320 laudes,
1283 2294 1315 2324 7,
1333 2293 1360 2317 l.

830 2332 876 2362 M.
888 2332 999 2361 Furius
1011 2332 1184 2370 Crassipes,
1194 2332 1328 2362 coloniae
1338 2332 1525 2361 deducendae

872 2375 1031 2412 triumvir,
1051 2376 1101 2404 cui
1117 2376 1149 2404 in
1165 2377 1338 2405 trienninm
1356 2375 1522 2413 imperium

873 2423 966 2452 esset,
983 2423 1118 2453 creatur,
1136 2423 1189 2453 34,
1208 2423 1259 2448 53.
1277 2419 1340 2448 vid.
1359 2423 1388 2447 et
1405 2423 1458 2452 35,
1472 2422 1525 2449 40.

872 2467 988 2501 praetor
1000 2468 1134 2493 creatus.
1152 2463 1284 2492 sortitur
1307 2462 1456 2498 Galliam,
1468 2466 1524 2499 38,

872 2510 926 2536 42.
938 2507 1118 2536 insontibus
1130 2505 1320 2536 Cenomanis
1329 2515 1415 2535 arma
1424 2506 1528 2534 adem·

873 2554 908 2579 ta
927 2551 1052 2579 reddere
1068 2550 1199 2587 jubetur
1215 2560 1232 2579 a
1247 2553 1373 2585 senatu,
1393 2552 1425 2578 et
1451 2557 1524 2587 pro-

101 2549 136 2578 L.
153 2551 264 2579 Furius
281 2552 453 2590 Purpureo,
474 2551 594 2586 legatus
611 2550 647 2579 ad
665 2550 792 2580 concili·
1468 2592 1474 2596 Ι

873 2594 977 2622 vincia
999 2595 1155 2627 decedere,
1178 2598 1233 2629 39,
1264 2598 1295 2622 3.
1322 2595 1437 2630 praetor
1467 2595 1525 2620 ite-

144 2601 196 2622 um
210 2594 399 2629 AEtolorum,
411 2598 521 2631 3139.
534 2595 600 2632 ejus
616 2594 790 2631 oratio‚31.

101 2635 136 2665 1..
164 2637 277 2665 Furius
293 2637 414 2671 Philus,
435 2641 558 2667 creatur
581 2641 708 2675 praetor,
735 2643 789 2675 42,
875 2646 957 2673 rum,
973 2641 1026 2668 41.
1043 2641 1095 2666 33.
1114 2638 1246 2666 sortitur
1257 2636 1408 2671 Siciliam,
1421 2638 1476 2670 42,
1496 2637 1523 2662 l.

142 2683 194 2709 28.
211 2680 342 2709 sortitur
357 2681 549 2718 Sardiniam,
567 2685 619 2710 31.
647 2682 789 2720 pontifex
832 2679 879 2709 M.
899 2681 1012 2709 Furius
1028 2681 1160 2715 Luscus,
1177 2680 1274 2709 aedilis
1291 2678 1404 2716 plebis,
1418 2681 1473 2712 39,
1493 2681 1522 2708 7.

141 2723 287 2758 moritur,
302 2727 356 2759 43,
376 2728 424 2754 13.
833 2723 868 2753 Ρ.
886 2724 1014 2761 Furius,
1031 2724 1177 2753 triumvir
1192 2732 1266 2760 agro
1290 2721 1406 2755 dando,
1421 2724 1455 2756 3,
1475 2724 1501 2749 l.

101 2765 144 2793 M.
164 2767 275 2795 Furius
292 2766 431 2796 defendit
445 2768 478 2797 in
495 2771 606 2797 senatu
623 2768 671 2797 M.
686 2768 787 2797 Aure·
830 2768 864 2797 P.
882 2767 995 2796 Furius
1018 2767 1139 2803 Philus,
1155 2766 1192 2795 fit
1211 2768 1325 2803 praetor
1353 2764 1466 2792 iterum
1492 2766 1524 2793 et

141 2808 231 2845 lium,
261 2819 353 2847 quem
383 2811 571 2840 accusabant
595 2811 688 2850 legati
713 2811 785 2840 Phi-
873 2809 1262 2847 sortiturjurisdictionem
1279 2808 1362 2836 inter
1386 2806 1467 2835 cives
1489 2811 1522 2836 et

142 2852 231 2891 lippi,
249 2857 303 2889 30,
317 2857 367 2881 42.
871 2854 1066 2892 peregrinos,
1081 2856 1135 2888 22,
1148 2855 1201 2880 35.
1217 2850 1278 2880 vid.
1295 2854 1324 2880 et
1335 2853 1385 2879 55.
1395 2850 1522 2880 classem
